3125 5075
283 407 327 478 286
604 394 608 400 ⁸
729 399 856 444 nnete.
884 401 947 443 w.
960 401 998 443 ¹1.

287 630 324 644 -
351 598 452 658 videos
475 594 569 672 (coni.
590 592 648 657 mr.
672 591 798 668 escen).
835 590 929 656 ‘Pei-e.
949 608 981 656 o.
998 594 1075 655 effic
1099 594 1160 654 ten
1183 609 1238 667 ego
1262 592 1446 664 tibicine

283 696 446 767 terrascea,
474 696 594 755 Persem
624 692 769 754 mecon
791 692 898 752 denno.
938 687 1067 769 ‘'Fragm.
1085 687 1177 753 Pers.
1200 688 1286 769 Ang.
1309 686 1385 752 itai.
1407 703 1443 766 p.

283 796 362 857 493:
386 795 467 855 Tunc
490 792 607 868 qnendo
629 791 738 851 obiero.
782 786 863 851 Ruti.
886 786 912 865 Ι,
937 791 966 866 2,
987 791 1044 852 tec
1073 788 1185 848 eneae
1207 793 1294 864 sont,
1323 788 1351 848 st
1374 788 1447 848 iilos

283 890 394 952 flnctus
416 889 619 949 devitaverint.
664 884 706 964 ΙΙ,
739 889 768 966 ὀ,
792 890 847 951 20:
874 888 974 962 sionis
1001 903 1050 946 mc
1079 886 1158 946 hane
1187 885 1302 945 estere
1324 884 1439 944 viderit

284 984 343 1059 ΙΙΙ,
362 983 397 1065 4,
419 988 475 1049 26:
511 988 572 1046 Vos
594 986 678 1059 adeo,
701 986 753 1045 nbi
775 1004 830 1061 epo
850 986 977 1045 innuero
999 984 1090 1057 robis,
1118 985 1151 1044 ni
1172 984 1202 1043 ei
1221 988 1319 1058 ceput
1339 998 1441 1042 eam

282 1085 409 1152 homae,
440 1083 531 1158 Quasi
556 1085 652 1146 iuncis
679 1090 809 1145 murteta
828 1084 902 1143 item
926 1099 981 1156 ego
1003 1097 1055 1143 soe
1075 1082 1166 1157 virgis
1187 1082 1439 1142 onounvinetun

282 1197 315 1247 tv.
335 1186 395 1246 ‘502
419 1184 527 1243 Postea
546 1179 609 1257 [tu]
632 1181 779 1255 adspicite
794 1197 900 1256 meum,
924 1180 1041 1255 qnando
1057 1195 1112 1255 ego
1129 1187 1213 1238 tunm
1229 1179 1439 1252 inspectam.

283 1295 313 1344 Ι.
338 1284 393 1343 ct:
431 1297 503 1356 quas
537 1280 563 1340 si
595 1277 744 1354 ottiperie,
775 1280 880 1339 oculos
913 1278 1037 1354 eripiam
1069 1279 1136 1339 tibi.
1186 1273 1245 1352 111,
1268 1280 1298 1351 5,
1324 1278 1381 1339 52:
1414 1278 1441 1335 ei

284 1379 409 1439 carme.
458 1376 568 1456 1v,1,
595 1380 647 1439 121:
682 1378 716 1437 in
748 1376 849 1451 digitis
881 1376 970 1436 hodie
1003 1389 1182 1450 percoquam
1216 1374 1296 1450 qnod
1323 1376 1440 1448 ceperit

283 1479 314 1551 4,
339 1480 393 1538 tt:
428 1478 454 1536 si
476 1475 656 1551 praeterisse
678 1471 802 1550 [Unum]
825 1473 946 1534 verbnm
969 1472 1050 1545 (eois
1078 1472 1181 1546 hortis,
1210 1473 1347 1548 egotibi
1372 1490 1440 1532 eon·

282 1575 414 1635 minoem
435 1581 536 1648 capnt.
582 1569 675 1634 Tres.
697 1568 741 1647 II,
762 1574 794 1648 4,
818 1571 853 1634 9:
875 1573 926 1631 nbi
946 1579 980 1631 tn
999 1570 1131 1630 wesema
1176 1565 1236 1646 ΙΙΙ,
1260 1571 1291 1644 2,
1313 1572 1350 1631 4;
1380 1572 1439 1630 len

285 1673 349 1733 iilic
366 1674 422 1747 pol
445 1671 619 1731 inclamabit
639 1686 696 1744 me,
719 1670 746 1730 ei
767 1668 943 1743 odepeaerit.
987 1664 1089 1730 Plani.
1112 1664 1225 1746 iregm.
1248 1684 1281 1746 p.
1304 1670 1386 1743 tes,
1412 1684 1438 1727 r.

284 1771 344 1832 36:
367 1770 507 1829 inimicus
529 1776 605 1841 ceto,
626 1767 762 1827 emtam
785 1784 841 1842 ego
859 1782 1010 1827 revertero.
1054 1762 1178 1828 ‘lichen
1198 1761 1238 1828 ir·
1252 1763 1314 1828 inc.
1330 1761 1394 1831 fae.
1414 1771 1438 1842 1,

285 1881 314 1928 e.
345 1869 363 1931 8
395 1882 455 1944 sq.:
490 1866 529 1926 dc
557 1865 709 1940 inproviso
730 1865 862 1941 -ohrysis
892 1865 942 1925 nbi
967 1880 1014 1924 me
1041 1864 1205 1937 aspexerit,
1236 1866 1358 1924 Aieeris
1389 1866 1437 1925 oe

283 1964 361 2025 riam
397 1965 470 2023 mihi
504 1964 609 2023 omitt.
667 1957 782 2026 Oeecii.
820 1960 899 2026 sear.
937 1959 1047 2024 imbrii
1084 1956 1124 2022 ir.
1165 1965 1193 2028 3,
1228 1976 1257 2021 v.
1297 1963 1337 2024 96
1378 1977 1439 2038 sp:

286 2063 331 2122 At
358 2062 384 2121 si
405 2060 619 2129 ostensam,
644 2061 720 2121 Tnte
751 2060 827 2121 idem
850 2061 901 2120 nbi
924 2061 983 2120 eris
1013 2066 1252 2134 experrecturus.
1312 2056 1438 2122 Terent

287 2155 391 2221 Andr.
430 2154 507 2236 proi.
544 2173 575 2219 ·v.
615 2160 668 2221 10:
716 2158 773 2231 Qut
816 2159 958 2217 utramvis
995 2165 1078 2217 recte
1112 2157 1208 2224 mett,
1250 2158 1354 2218 ambas
1390 2175 1440 2217 reo·

284 2256 371 2318 certe.
415 2252 441 2333 Ι,
466 2259 494 2333 l,
519 2257 594 2318 137:
618 2257 644 2317 si
665 2271 790 2317 misero.
828 2256 859 2332 2,
882 2256 935 2316 25:
964 2256 990 2314 si
1010 2270 1126 2314 sensero
1148 2253 1235 2314 hodie
1263 2287 1301 2298 -
1324 2256 1437 2317 dedam

284 2349 311 2431 1,
337 2356 368 2432 3,
391 2355 411 2416 8
433 2368 498 2432 sq.:
535 2354 566 2413 si
588 2353 713 2415 emeret
732 2357 786 2413 ant
804 2352 829 2413 si
852 2369 938 2427 qnam
961 2351 1084 2412 inbitnm
1107 2352 1200 2424 feet
1219 2368 1340 2413 cansam
1365 2371 1440 2429 erpe-

285 2453 339 2521 rit,
363 2450 428 2525 Quo
450 2454 515 2511 inre
538 2467 654 2527 quaque
674 2450 785 2511 iniuria
809 2480 847 2493 -
871 2451 901 2508 in
929 2450 1086 2525 pistrinum
1113 2450 1209 2510 debiti
1253 2448 1337 2515 Eun.
1363 2449 1389 2529 Ι,
1415 2457 1438 2525 Ι,

284 2552 347 2614 ·10;
370 2550 489 2624 Eludet,
512 2550 562 2609 nbi
583 2558 614 2609 te
637 2551 746 2610 victum
768 2550 898 2610 ermerit.
932 2545 1049 2610 Heaut.
1073 2544 1131 2618 111,
1153 2552 1181 2625 3,
1206 2552 1261 2612 23:
1286 2551 1334 2611 hic
1359 2554 1438 2627 prins

284 2666 319 2710 ee
339 2648 486 2707 indicarit
506 2665 592 2723 qnam
615 2664 671 2723 ego
691 2653 845 2721 argentum
874 2649 1003 2720 effecero.
1049 2643 1174 2709 Phorm.
1198 2645 1223 2724 Ι,
1246 2653 1276 2721 4,
1300 2650 1334 2711 8:
1364 2648 1438 2724 qnod

284 2763 374 2821 quom
405 2745 539 2806 somne.
586 2760 615 2807 v.
640 2747 680 2807 27
691 2763 698 2804 :
731 2745 805 2804 Nam
835 2746 861 2805 si
886 2744 1011 2805 senserit
1035 2753 1066 2803 te
1097 2747 1229 2804 timidum
1253 2753 1341 2820 pater
1365 2763 1438 2817 esse,

284 2842 494 2903 arbitramur.
546 2839 720 2918 11‚e,re:
754 2841 841 2902 Hand
875 2842 1021 2915 desinam,
1056 2843 1159 2902 Donec
1188 2844 1341 2916 perfecero
1376 2846 1437 2904 hoc

285 2933 365 3000 Hoc
389 2936 444 3016 IV,
470 2942 497 3015 l,
524 2943 579 3002 52:
602 2941 628 3000 ei
650 2941 746 3016 ipsam
768 2956 842 3013 rem,
865 2947 899 3000 nt
921 2942 988 3014 siet,
1010 2941 1171 3001 resciverit.
1202 2944 1232 3016 2,
1255 2945 1313 3005 23:
1337 2944 1379 3002 Et
1394 2957 1436 3001 me

285 3036 347 3095 :hac
371 3037 535 3107 suspitione
558 3039 691 3099 exolvnm
714 3039 826 3099 stillis
847 3054 1104 3115 morcmoeeeero,
1129 3037 1168 3101 de
1191 3054 1253 3116 quc
1276 3036 1348 3103 loco
1370 3039 1437 3102 ride

286 3127 386 3196 Haas
410 3131 451 3197 ad
466 3131 584 3213 Reisig.
600 3133 966 3214 p-455.Ad.11,1,4e=
998 3138 1047 3197 ubi
1063 3154 1111 3198 me
1133 3137 1237 3198 <tieem
1259 3139 1333 3198 dere
1354 3140 1437 3199 tenti

378 3234 428 3297 1³.
473 3228 535 3294 Sed
568 3231 755 3312 saepissime
787 3237 894 3296 tamen
930 3229 1073 3297 futurum
1110 3241 1257 3298 enectum
1294 3234 1438 3314 inprimis

284 3325 374 3408 apud
404 3328 578 3409 scriptores
613 3329 749 3395 comicos
777 3346 837 3410 per
865 3329 1056 3396 antecedens
1074 3329 1190 3402 (simili
1219 3331 1315 3395 modo
1345 3339 1436 3412 atque

285 3423 365 3490 coni
389 3429 423 3489 et
444 3423 498 3495 ini.
522 3424 667 3506 perfecti)
689 3425 877 3508 simpliciter
906 3426 946 3491 de
973 3425 1229 3496 intersectione
1253 3436 1435 3510 usurpetur,

285 3520 314 3587 si
343 3520 424 3587 hanc
451 3524 608 3588 actionem
628 3523 782 3590 celeriter
812 3523 988 3590 coniectum
1019 3527 1059 3590 iri
1081 3534 1114 3590 ct
1136 3527 1227 3606 quasi
1250 3526 1315 3590 iam
1337 3527 1435 3594 conie

284 3623 370 3684 ctam
393 3637 466 3686 csse
488 3621 726 3702 exprimendum
748 3627 808 3688 cst.
852 3622 970 3688 Differt
996 3624 1160 3704 paululum
1189 3623 1229 3689 ab
1253 3624 1314 3690 hec
1345 3628 1434 3707 signi·

289 3712 438 3782 ficatione
471 3719 580 3798 tertie,
618 3737 714 3800 quam
746 3719 845 3787 habet
876 3719 1019 3786 futurum
1050 3730 1197 3786 exactam
1231 3721 1301 3787 loco
1336 3722 1435 3788 Planti

285 3811 378 3894 Capi.
402 3813 445 3894 ΙΙ,
468 3821 497 3895 Ι,
521 3821 575 3881 64:
610 3821 650 3897 le,
680 3821 725 3886 uti
746 3827 780 3881 tn
807 3838 854 3881 me
878 3822 926 3882 hic
954 3822 1103 3898 habueris,
1132 3823 1257 3898 proinde
1284 3824 1370 3884 illum
1395 3824 1435 3883 itti

284 3915 455 3986 memem-
487 3913 547 3980 hcc
570 3915 652 3982 enim
670 3914 758 3995 loco,
781 3921 818 3981 ut
832 3921 926 3982 recte
949 3917 1028 3983 dicit
1048 3917 1285 3982 Lindemannus
1308 3918 1378 3999 (qni
1398 3916 1434 3982 ed

281 4005 316 4073 lt
337 4007 360 4070 l.
382 4007 421 4072 de
434 4012 512 4075 'toto
533 4029 594 4077 usn
622 4013 680 4078 int.
708 4013 812 4079 exacti
841 4012 984 4094 loquitur
1006 4021 1040 4081 et
1062 4023 1212 4095 quattuor
1235 4016 1304 4081 eins
1328 4018 1436 4082 distin·

282 4104 356 4189 guit
385 4105 648 4192 significationes,
679 4111 738 4180 sed
769 4111 874 4177 altera
906 4129 1001 4193 quem
1027 4113 1117 4193 ponit
1146 4114 1280 4179 actionis
1308 4113 1434 4179 futurae

282 4216 526 4274 momentaneae
561 4226 632 4280 cum
667 4209 764 4276 tertia
797 4210 970 4276 celeritatis
1003 4209 1119 4292 egendi
1152 4211 1262 4275 futuro
1296 4225 1435 4294 tempore

283 4308 446 4387 cogitatae
471 4308 503 4371 in
525 4323 619 4372 unam
643 4307 980 4390 commendasset),
1003 4309 1163 4388 ‚aliquam
1179 4314 1356 4376 communis
1371 4311 1434 4390 opi·

283 4404 389 4475 trionis
407 4405 462 4474 *vel
485 4405 732 4487 exspectationis
753 4404 1018 4488 significationem
1042 4405 1154 4487 hebet,
1177 4426 1259 4488 cnm,
1280 4411 1359 4474 dum
1381 4409 1435 4473 eii·
