<?xml version="1.0" encoding="UTF-8"?>
<!DOCTYPE html PUBLIC "-//W3C//DTD XHTML 1.0 Transitional//EN"
    "http://www.w3.org/TR/xhtml1/DTD/xhtml1-transitional.dtd">
<html xmlns="http://www.w3.org/1999/xhtml" xml:lang="en" lang="en">
 <head>
  <title>
</title>
<meta http-equiv="Content-Type" content="text/html;charset=utf-8" />
  <meta name='ocr-system' content='tesseract 3.04.00' />
  <meta name='ocr-capabilities' content='ocr_page ocr_carea ocr_par ocr_line ocrx_word'/>
</head>
<body>
  <div class='ocr_page' id='page_1' title='image "./syntaxispriscor00holtgoog_0643.png"; bbox 0 0 3125 5075; ppageno 0'>
   <div class='ocr_carea' id='block_1_1' title="bbox 280 334 995 416">
    <p class='ocr_par' dir='ltr' id='par_1_1' title="bbox 280 334 995 416">
     <span class='ocr_line' id='line_1_1' title="bbox 280 334 995 416; baseline -0.013 -33"><span class='ocrx_word' id='word_1_1' title='bbox 280 352 343 416; x_wconf 65' lang='lat'>1⁸4</span> <span class='ocrx_word' id='word_1_2' title='bbox 713 335 841 378; x_wconf 69' lang='lat' dir='ltr'>venula</span> <span class='ocrx_word' id='word_1_3' title='bbox 869 335 932 377; x_wconf 61' lang='grc' dir='ltr'>(ΗΡ.</span> <span class='ocrx_word' id='word_1_4' title='bbox 946 334 995 375; x_wconf 80' lang='lat' dir='ltr'>xm</span> 
     </span>
    </p>
   </div>
   <div class='ocr_carea' id='block_1_2' title="bbox 279 522 1444 4433">
    <p class='ocr_par' dir='ltr' id='par_1_2' title="bbox 280 522 1441 1082">
     <span class='ocr_line' id='line_1_2' title="bbox 280 522 1441 608; baseline -0.016 -10"><span class='ocrx_word' id='word_1_5' title='bbox 280 532 474 608; x_wconf 72' lang='lat' dir='ltr'>benignitatis</span> <span class='ocrx_word' id='word_1_6' title='bbox 498 546 594 606; x_wconf 89' lang='lat' dir='ltr'>nequa</span> <span class='ocrx_word' id='word_1_7' title='bbox 620 528 691 604; x_wconf 84' lang='lat' dir='ltr'>quid</span> <span class='ocrx_word' id='word_1_8' title='bbox 713 544 760 588; x_wconf 88' lang='lat' dir='ltr'>me</span> <span class='ocrx_word' id='word_1_9' title='bbox 784 545 852 588; x_wconf 91' lang='lat' dir='ltr'>ores</span> <span class='ocrx_word' id='word_1_10' title='bbox 875 525 998 602; x_wconf 90' lang='lat' dir='ltr'>cogitas.</span> <span class='ocrx_word' id='word_1_11' title='bbox 1043 526 1078 598; x_wconf 85' lang='lat'>3,</span> <span class='ocrx_word' id='word_1_12' title='bbox 1102 524 1158 585; x_wconf 83' lang='lat'>31:</span> <span class='ocrx_word' id='word_1_13' title='bbox 1190 523 1320 595; x_wconf 82' lang='lat' dir='ltr'>Quidvis</span> <span class='ocrx_word' id='word_1_14' title='bbox 1349 522 1441 596; x_wconf 80' lang='lat' dir='ltr'>cupio,</span> 
     </span>
     <span class='ocr_line' id='line_1_3' title="bbox 280 618 1440 697; baseline -0.011 -5"><span class='ocrx_word' id='word_1_15' title='bbox 280 632 352 693; x_wconf 75' lang='lat' dir='ltr'>dem</span> <span class='ocrx_word' id='word_1_16' title='bbox 373 648 411 689; x_wconf 81' lang='lat' dir='ltr'>ue</span> <span class='ocrx_word' id='word_1_17' title='bbox 433 631 470 689; x_wconf 88' lang='lat' dir='ltr'>ab</span> <span class='ocrx_word' id='word_1_18' title='bbox 493 630 549 688; x_wconf 90' lang='lat' dir='ltr'>hoc</span> <span class='ocrx_word' id='word_1_19' title='bbox 572 643 618 686; x_wconf 90' lang='lat' dir='ltr'>me</span> <span class='ocrx_word' id='word_1_20' title='bbox 641 625 707 686; x_wconf 85' lang='lat' dir='ltr'>falli</span> <span class='ocrx_word' id='word_1_21' title='bbox 729 625 903 697; x_wconf 83' lang='lat' dir='ltr'>comperior.</span> <span class='ocrx_word' id='word_1_22' title='bbox 949 619 1029 684; x_wconf 88' lang='lat' dir='ltr'>Eun.</span> <span class='ocrx_word' id='word_1_23' title='bbox 1053 618 1096 697; x_wconf 80' lang='lat' dir='ltr'>Il,</span> <span class='ocrx_word' id='word_1_24' title='bbox 1119 623 1149 696; x_wconf 81' lang='lat'>3,</span> <span class='ocrx_word' id='word_1_25' title='bbox 1173 624 1230 685; x_wconf 81' lang='lat'>29:</span> <span class='ocrx_word' id='word_1_26' title='bbox 1254 637 1326 680; x_wconf 86' lang='lat' dir='ltr'>mea</span> <span class='ocrx_word' id='word_1_27' title='bbox 1349 621 1392 679; x_wconf 89' lang='lat' dir='ltr'>nil</span> <span class='ocrx_word' id='word_1_28' title='bbox 1412 636 1440 679; x_wconf 85' lang='lat' dir='ltr'>re</span> 
     </span>
     <span class='ocr_line' id='line_1_4' title="bbox 280 713 1441 800; baseline -0.013 -10"><span class='ocrx_word' id='word_1_29' title='bbox 280 726 354 800; x_wconf 80' lang='lat' dir='ltr'>ieri,</span> <span class='ocrx_word' id='word_1_30' title='bbox 376 728 448 788; x_wconf 81' lang='lat' dir='ltr'>dum</span> <span class='ocrx_word' id='word_1_31' title='bbox 464 726 570 799; x_wconf 78' lang='lat' dir='ltr'>potiar</span> <span class='ocrx_word' id='word_1_32' title='bbox 591 724 684 786; x_wconf 77' lang='lat' dir='ltr'>nouo.</span> <span class='ocrx_word' id='word_1_33' title='bbox 729 718 766 800; x_wconf 87' lang='lat' dir='ltr'>V,</span> <span class='ocrx_word' id='word_1_34' title='bbox 784 724 813 798; x_wconf 85' lang='lat'>2,</span> <span class='ocrx_word' id='word_1_35' title='bbox 838 724 893 782; x_wconf 84' lang='lat'>51:</span> <span class='ocrx_word' id='word_1_36' title='bbox 917 720 997 781; x_wconf 81' lang='lat' dir='ltr'>Ciuis</span> <span class='ocrx_word' id='word_1_37' title='bbox 1018 719 1103 779; x_wconf 80' lang='lat' dir='ltr'>modo</span> <span class='ocrx_word' id='word_1_38' title='bbox 1125 719 1200 780; x_wconf 84' lang='lat' dir='ltr'>haec</span> <span class='ocrx_word' id='word_1_39' title='bbox 1224 719 1275 790; x_wconf 90' lang='lat' dir='ltr'>sit,</span> <span class='ocrx_word' id='word_1_40' title='bbox 1301 713 1359 780; x_wconf 89' lang='lat' dir='ltr'>ubi</span> <span class='ocrx_word' id='word_1_41' title='bbox 1379 717 1441 776; x_wconf 75' lang='lat' dir='ltr'>daei</span> 
     </span>
     <span class='ocr_line' id='line_1_5' title="bbox 281 812 1440 899; baseline -0.01 -11"><span class='ocrx_word' id='word_1_42' title='bbox 281 824 400 889; x_wconf 91' lang='lat' dir='ltr'>omisso</span> <span class='ocrx_word' id='word_1_43' title='bbox 422 819 524 887; x_wconf 91' lang='lat' dir='ltr'>solum</span> <span class='ocrx_word' id='word_1_44' title='bbox 538 822 623 881; x_wconf 76' lang='lat' dir='ltr'>modo</span> <span class='ocrx_word' id='word_1_45' title='bbox 638 815 902 899; x_wconf 84' lang='lat' dir='ltr'>significationem</span> <span class='ocrx_word' id='word_1_46' title='bbox 917 815 1015 881; x_wconf 89' lang='lat' dir='ltr'>habet</span> <span class='ocrx_word' id='word_1_47' title='bbox 1035 823 1118 896; x_wconf 86' lang='lat' dir='ltr'>part</span> <span class='ocrx_word' id='word_1_48' title='bbox 1133 816 1303 877; x_wconf 63' lang='lat' dir='ltr'>mmmm.</span> <span class='ocrx_word' id='word_1_49' title='bbox 1329 812 1440 878; x_wconf 84' lang='lat' dir='ltr'>Heaut</span> 
     </span>
     <span class='ocr_line' id='line_1_6' title="bbox 280 910 1441 1001; baseline -0.013 -14"><span class='ocrx_word' id='word_1_50' title='bbox 280 921 340 1000; x_wconf 88' lang='lat'>111,</span> <span class='ocrx_word' id='word_1_51' title='bbox 367 927 393 1001; x_wconf 90' lang='lat'>1,</span> <span class='ocrx_word' id='word_1_52' title='bbox 417 925 473 984; x_wconf 83' lang='lat'>57:</span> <span class='ocrx_word' id='word_1_53' title='bbox 502 920 585 979; x_wconf 80' lang='lat' dir='ltr'>Dum</span> <span class='ocrx_word' id='word_1_54' title='bbox 615 920 697 978; x_wconf 92' lang='lat' dir='ltr'>illum</span> <span class='ocrx_word' id='word_1_55' title='bbox 729 918 813 977; x_wconf 79' lang='lat' dir='ltr'>modo</span> <span class='ocrx_word' id='word_1_56' title='bbox 835 919 959 977; x_wconf 74' lang='lat' dir='ltr'>labem</span> <span class='ocrx_word' id='word_1_57' title='bbox 981 933 1105 976; x_wconf 89' lang='lat' dir='ltr'>mecum.</span> <span class='ocrx_word' id='word_1_58' title='bbox 1148 911 1228 977; x_wconf 88' lang='lat' dir='ltr'>Hec.</span> <span class='ocrx_word' id='word_1_59' title='bbox 1252 910 1311 991; x_wconf 92' lang='lat' dir='ltr'>IV,</span> <span class='ocrx_word' id='word_1_60' title='bbox 1336 920 1369 991; x_wconf 80' lang='lat'>4,</span> <span class='ocrx_word' id='word_1_61' title='bbox 1394 916 1441 976; x_wconf 78' lang='lat'>12:</span> 
     </span>
     <span class='ocr_line' id='line_1_7' title="bbox 280 1019 613 1082; baseline -0.015 0"><span class='ocrx_word' id='word_1_62' title='bbox 280 1022 357 1082; x_wconf 88' lang='lat' dir='ltr'>Dum</span> <span class='ocrx_word' id='word_1_63' title='bbox 382 1037 419 1079; x_wconf 90' lang='lat' dir='ltr'>ue</span> <span class='ocrx_word' id='word_1_64' title='bbox 442 1019 613 1079; x_wconf 80' lang='lat' dir='ltr'><strong>redducam.</strong></span> 
     </span>
    </p>

    <p class='ocr_par' dir='ltr' id='par_1_3' title="bbox 281 1107 1444 1969">
     <span class='ocr_line' id='line_1_8' title="bbox 370 1107 1441 1190; baseline -0.007 -10"><span class='ocrx_word' id='word_1_65' title='bbox 370 1112 569 1180; x_wconf 87' lang='lat' dir='ltr'>Ooninnctivi</span> <span class='ocrx_word' id='word_1_66' title='bbox 592 1130 663 1177; x_wconf 91' lang='lat' dir='ltr'>cum</span> <span class='ocrx_word' id='word_1_67' title='bbox 694 1114 785 1174; x_wconf 73' lang='lat' dir='ltr'>darec</span> <span class='ocrx_word' id='word_1_68' title='bbox 811 1109 970 1176; x_wconf 90' lang='lat' dir='ltr'>coniuncti</span> <span class='ocrx_word' id='word_1_69' title='bbox 993 1126 1090 1172; x_wconf 89' lang='lat' dir='ltr'>unum</span> <span class='ocrx_word' id='word_1_70' title='bbox 1117 1113 1245 1190; x_wconf 78' lang='lat' dir='ltr'>tuntum</span> <span class='ocrx_word' id='word_1_71' title='bbox 1267 1108 1361 1189; x_wconf 88' lang='lat' dir='ltr'>apud</span> <span class='ocrx_word' id='word_1_72' title='bbox 1384 1107 1441 1189; x_wconf 86' lang='lat' dir='ltr'>pri·</span> 
     </span>
     <span class='ocr_line' id='line_1_9' title="bbox 281 1204 1442 1291; baseline -0.007 -12"><span class='ocrx_word' id='word_1_73' title='bbox 281 1231 354 1281; x_wconf 93' lang='lat' dir='ltr'>scos</span> <span class='ocrx_word' id='word_1_74' title='bbox 374 1212 548 1291; x_wconf 77' lang='lat' dir='ltr'>scriptores</span> <span class='ocrx_word' id='word_1_75' title='bbox 570 1209 749 1290; x_wconf 85' lang='lat' dir='ltr'>exemplum</span> <span class='ocrx_word' id='word_1_76' title='bbox 772 1208 850 1274; x_wconf 90' lang='lat' dir='ltr'>mihi</span> <span class='ocrx_word' id='word_1_77' title='bbox 873 1208 1026 1288; x_wconf 81' lang='lat' dir='ltr'>suppetit,</span> <span class='ocrx_word' id='word_1_78' title='bbox 1048 1223 1100 1286; x_wconf 76' lang='lat' dir='ltr'>ap,</span> <span class='ocrx_word' id='word_1_79' title='bbox 1124 1204 1280 1271; x_wconf 83' lang='lat' dir='ltr'>Catonem</span> <span class='ocrx_word' id='word_1_80' title='bbox 1306 1207 1346 1272; x_wconf 87' lang='lat' dir='ltr'>R</span> <span class='ocrx_word' id='word_1_81' title='bbox 1369 1206 1403 1270; x_wconf 83' lang='lat' dir='ltr'>R</span> <span class='ocrx_word' id='word_1_82' title='bbox 1418 1224 1442 1271; x_wconf 82' lang='lat' dir='ltr'>a</span> 
     </span>
     <span class='ocr_line' id='line_1_10' title="bbox 281 1305 1441 1388; baseline -0.009 -10"><span class='ocrx_word' id='word_1_83' title='bbox 281 1318 339 1378; x_wconf 76' lang='lat'>54:</span> <span class='ocrx_word' id='word_1_84' title='bbox 369 1314 470 1388; x_wconf 82' lang='lat' dir='ltr'>Usque</span> <span class='ocrx_word' id='word_1_85' title='bbox 498 1312 615 1372; x_wconf 89' lang='lat' dir='ltr'>ocinum</span> <span class='ocrx_word' id='word_1_86' title='bbox 646 1310 731 1387; x_wconf 87' lang='lat' dir='ltr'>dato,</span> <span class='ocrx_word' id='word_1_87' title='bbox 763 1310 854 1370; x_wconf 82' lang='lat' dir='ltr'>donec</span> <span class='ocrx_word' id='word_1_88' title='bbox 880 1311 1005 1368; x_wconf 78' lang='lat' dir='ltr'>arescat.</span> <span class='ocrx_word' id='word_1_89' title='bbox 1056 1305 1105 1369; x_wconf 90' lang='lat' dir='ltr'>De</span> <span class='ocrx_word' id='word_1_90' title='bbox 1135 1305 1346 1369; x_wconf 80' lang='lat' dir='ltr'>coniunctivo</span> <span class='ocrx_word' id='word_1_91' title='bbox 1377 1323 1441 1370; x_wconf 89' lang='lat' dir='ltr'>cum</span> 
     </span>
     <span class='ocr_line' id='line_1_11' title="bbox 281 1401 1443 1483; baseline -0.006 -10"><span class='ocrx_word' id='word_1_92' title='bbox 281 1412 372 1473; x_wconf 76' lang='lat' dir='ltr'>donec</span> <span class='ocrx_word' id='word_1_93' title='bbox 394 1408 561 1472; x_wconf 89' lang='lat' dir='ltr'>coniuncto</span> <span class='ocrx_word' id='word_1_94' title='bbox 585 1404 730 1470; x_wconf 91' lang='lat' dir='ltr'>Handius</span> <span class='ocrx_word' id='word_1_95' title='bbox 746 1404 882 1469; x_wconf 85' lang='lat' dir='ltr'>Turseli.</span> <span class='ocrx_word' id='word_1_96' title='bbox 898 1401 941 1481; x_wconf 82' lang='grc' dir='ltr'>ΙΙ,</span> <span class='ocrx_word' id='word_1_97' title='bbox 957 1421 988 1483; x_wconf 90' lang='lat' dir='ltr'>p.</span> <span class='ocrx_word' id='word_1_98' title='bbox 1006 1406 1067 1467; x_wconf 82' lang='grc'>295</span> <span class='ocrx_word' id='word_1_99' title='bbox 1091 1401 1135 1466; x_wconf 89' lang='lat' dir='ltr'>sic</span> <span class='ocrx_word' id='word_1_100' title='bbox 1150 1402 1318 1482; x_wconf 87' lang='lat' dir='ltr'>disputat:</span> <span class='ocrx_word' id='word_1_101' title='bbox 1344 1401 1443 1482; x_wconf 86' lang='lat' dir='ltr'>„Con-</span> 
     </span>
     <span class='ocr_line' id='line_1_12' title="bbox 282 1499 1444 1581; baseline -0.008 -9"><span class='ocrx_word' id='word_1_102' title='bbox 282 1506 425 1572; x_wconf 86' lang='lat' dir='ltr'>iunctivo</span> <span class='ocrx_word' id='word_1_103' title='bbox 447 1503 537 1568; x_wconf 93' lang='lat' dir='ltr'>locus</span> <span class='ocrx_word' id='word_1_104' title='bbox 561 1510 621 1581; x_wconf 86' lang='lat' dir='ltr'>est,</span> <span class='ocrx_word' id='word_1_105' title='bbox 645 1502 699 1567; x_wconf 93' lang='lat' dir='ltr'>nbi</span> <span class='ocrx_word' id='word_1_106' title='bbox 722 1502 892 1567; x_wconf 90' lang='lat' dir='ltr'>intercedit</span> <span class='ocrx_word' id='word_1_107' title='bbox 921 1518 1022 1565; x_wconf 83' lang='lat' dir='ltr'>nexus</span> <span class='ocrx_word' id='word_1_108' title='bbox 1043 1499 1183 1581; x_wconf 87' lang='lat' dir='ltr'>partium</span> <span class='ocrx_word' id='word_1_109' title='bbox 1205 1501 1384 1580; x_wconf 86' lang='lat' dir='ltr'>temporis,</span> <span class='ocrx_word' id='word_1_110' title='bbox 1414 1504 1444 1563; x_wconf 91' lang='lat' dir='ltr'>et</span> 
     </span>
     <span class='ocr_line' id='line_1_13' title="bbox 284 1595 1442 1683; baseline -0.007 -14"><span class='ocrx_word' id='word_1_111' title='bbox 284 1622 338 1669; x_wconf 88' lang='lat' dir='ltr'>res</span> <span class='ocrx_word' id='word_1_112' title='bbox 361 1605 518 1683; x_wconf 91' lang='lat' dir='ltr'>perpetua</span> <span class='ocrx_word' id='word_1_113' title='bbox 539 1599 656 1664; x_wconf 90' lang='lat' dir='ltr'>dicitur</span> <span class='ocrx_word' id='word_1_114' title='bbox 678 1601 709 1665; x_wconf 91' lang='lat' dir='ltr'>in</span> <span class='ocrx_word' id='word_1_115' title='bbox 732 1600 827 1665; x_wconf 91' lang='lat' dir='ltr'>aliam</span> <span class='ocrx_word' id='word_1_116' title='bbox 853 1599 1001 1663; x_wconf 87' lang='lat' dir='ltr'>traducta</span> <span class='ocrx_word' id='word_1_117' title='bbox 1017 1616 1097 1672; x_wconf 89' lang='lat' dir='ltr'>esse,</span> <span class='ocrx_word' id='word_1_118' title='bbox 1121 1597 1188 1661; x_wconf 85' lang='lat' dir='ltr'>siue</span> <span class='ocrx_word' id='word_1_119' title='bbox 1202 1595 1266 1662; x_wconf 92' lang='lat' dir='ltr'>hoc</span> <span class='ocrx_word' id='word_1_120' title='bbox 1289 1595 1352 1663; x_wconf 86' lang='lat' dir='ltr'>fiat</span> <span class='ocrx_word' id='word_1_121' title='bbox 1374 1617 1442 1663; x_wconf 92' lang='lat' dir='ltr'>con·</span> 
     </span>
     <span class='ocr_line' id='line_1_14' title="bbox 282 1694 1442 1780; baseline -0.006 -13"><span class='ocrx_word' id='word_1_122' title='bbox 282 1702 371 1780; x_wconf 80' lang='lat' dir='ltr'>silio,</span> <span class='ocrx_word' id='word_1_123' title='bbox 388 1700 455 1764; x_wconf 90' lang='lat' dir='ltr'>sive</span> <span class='ocrx_word' id='word_1_124' title='bbox 478 1716 599 1763; x_wconf 80' lang='lat' dir='ltr'>caussa.</span> <span class='ocrx_word' id='word_1_125' title='bbox 631 1696 724 1775; x_wconf 85' lang='lat' dir='ltr'>Quod</span> <span class='ocrx_word' id='word_1_126' title='bbox 747 1698 793 1763; x_wconf 91' lang='lat' dir='ltr'>sic</span> <span class='ocrx_word' id='word_1_127' title='bbox 809 1698 923 1776; x_wconf 87' lang='lat' dir='ltr'>evenit,</span> <span class='ocrx_word' id='word_1_128' title='bbox 946 1695 1064 1776; x_wconf 85' lang='lat' dir='ltr'>pendet</span> <span class='ocrx_word' id='word_1_129' title='bbox 1078 1694 1119 1759; x_wconf 88' lang='lat' dir='ltr'>ab</span> <span class='ocrx_word' id='word_1_130' title='bbox 1134 1694 1237 1759; x_wconf 86' lang='lat' dir='ltr'>altera</span> <span class='ocrx_word' id='word_1_131' title='bbox 1253 1714 1300 1761; x_wconf 91' lang='lat' dir='ltr'>re.</span> <span class='ocrx_word' id='word_1_132' title='bbox 1339 1694 1442 1774; x_wconf 86' lang='lat' dir='ltr'>Quare</span> 
     </span>
     <span class='ocr_line' id='line_1_15' title="bbox 282 1793 1443 1877; baseline -0.007 -13"><span class='ocrx_word' id='word_1_133' title='bbox 282 1796 503 1865; x_wconf 83' lang='lat' dir='ltr'>coniunctiuns</span> <span class='ocrx_word' id='word_1_134' title='bbox 525 1795 600 1877; x_wconf 92' lang='lat' dir='ltr'>poni</span> <span class='ocrx_word' id='word_1_135' title='bbox 625 1800 746 1875; x_wconf 90' lang='lat' dir='ltr'>potest,</span> <span class='ocrx_word' id='word_1_136' title='bbox 771 1796 897 1877; x_wconf 86' lang='lat' dir='ltr'>quaudo</span> <span class='ocrx_word' id='word_1_137' title='bbox 928 1794 1045 1859; x_wconf 89' lang='lat' dir='ltr'>dicitnr</span> <span class='ocrx_word' id='word_1_138' title='bbox 1078 1793 1128 1856; x_wconf 90' lang='lat' dir='ltr'>vel</span> <span class='ocrx_word' id='word_1_139' title='bbox 1162 1793 1362 1875; x_wconf 73' lang='lat' dir='ltr'>intelligitur</span> <span class='ocrx_word' id='word_1_140' title='bbox 1387 1813 1443 1856; x_wconf 77' lang='lat' dir='ltr'>noa</span> 
     </span>
     <span class='ocr_line' id='line_1_16' title="bbox 282 1897 771 1969; baseline -0.008 -10"><span class='ocrx_word' id='word_1_141' title='bbox 282 1898 406 1963; x_wconf 65' lang='lat' dir='ltr'>uiatico,</span> <span class='ocrx_word' id='word_1_142' title='bbox 431 1902 465 1957; x_wconf 85' lang='lat' dir='ltr'>et</span> <span class='ocrx_word' id='word_1_143' title='bbox 486 1913 546 1955; x_wconf 78' lang='lat' dir='ltr'>non</span> <span class='ocrx_word' id='word_1_144' title='bbox 563 1897 771 1969; x_wconf 57' lang='lat' dir='ltr'>puerperae</span> 
     </span>
    </p>

    <p class='ocr_par' dir='ltr' id='par_1_4' title="bbox 279 1989 1443 4433">
     <span class='ocr_line' id='line_1_17' title="bbox 369 1989 1441 2068; baseline 0 -13"><span class='ocrx_word' id='word_1_145' title='bbox 369 1995 420 2056; x_wconf 81' lang='lat'>27.</span> <span class='ocrx_word' id='word_1_146' title='bbox 466 1990 515 2055; x_wconf 91' lang='lat' dir='ltr'>De</span> <span class='ocrx_word' id='word_1_147' title='bbox 545 1997 703 2066; x_wconf 67' lang='lat' dir='ltr'>culquam</span> <span class='ocrx_word' id='word_1_148' title='bbox 732 2001 766 2055; x_wconf 91' lang='lat' dir='ltr'>et</span> <span class='ocrx_word' id='word_1_149' title='bbox 786 1995 967 2068; x_wconf 74' lang='lat' dir='ltr'>priusquam</span> <span class='ocrx_word' id='word_1_150' title='bbox 994 2008 1065 2056; x_wconf 91' lang='lat' dir='ltr'>cum</span> <span class='ocrx_word' id='word_1_151' title='bbox 1095 1990 1298 2055; x_wconf 85' lang='lat' dir='ltr'>coniunctivo</span> <span class='ocrx_word' id='word_1_152' title='bbox 1328 1989 1441 2055; x_wconf 84' lang='lat' dir='ltr'>iunctis</span> 
     </span>
     <span class='ocr_line' id='line_1_18' title="bbox 282 2086 1443 2170; baseline -0.002 -17"><span class='ocrx_word' id='word_1_153' title='bbox 282 2088 449 2154; x_wconf 85' lang='lat' dir='ltr'>audiamus</span> <span class='ocrx_word' id='word_1_154' title='bbox 471 2088 610 2169; x_wconf 91' lang='lat' dir='ltr'>primum</span> <span class='ocrx_word' id='word_1_155' title='bbox 633 2088 795 2153; x_wconf 86' lang='lat' dir='ltr'>Handinm</span> <span class='ocrx_word' id='word_1_156' title='bbox 817 2088 953 2154; x_wconf 84' lang='lat' dir='ltr'>Turseli.</span> <span class='ocrx_word' id='word_1_157' title='bbox 975 2088 1000 2167; x_wconf 92' lang='lat' dir='ltr'>I,</span> <span class='ocrx_word' id='word_1_158' title='bbox 1023 2108 1053 2170; x_wconf 91' lang='lat' dir='ltr'>p.</span> <span class='ocrx_word' id='word_1_159' title='bbox 1078 2093 1140 2153; x_wconf 80' lang='grc'>398</span> <span class='ocrx_word' id='word_1_160' title='bbox 1162 2105 1246 2168; x_wconf 85' lang='lat' dir='ltr'>sqq:</span> <span class='ocrx_word' id='word_1_161' title='bbox 1271 2086 1371 2168; x_wconf 70' lang='lat' dir='ltr'>„Rea</span> <span class='ocrx_word' id='word_1_162' title='bbox 1393 2087 1443 2152; x_wconf 88' lang='lat' dir='ltr'>cni</span> 
     </span>
     <span class='ocr_line' id='line_1_19' title="bbox 284 2183 1438 2267; baseline -0.003 -14"><span class='ocrx_word' id='word_1_163' title='bbox 284 2186 348 2253; x_wconf 89' lang='lat' dir='ltr'>alia</span> <span class='ocrx_word' id='word_1_164' title='bbox 369 2185 548 2266; x_wconf 87' lang='lat' dir='ltr'>praecedit,</span> <span class='ocrx_word' id='word_1_165' title='bbox 581 2192 639 2250; x_wconf 92' lang='lat' dir='ltr'>aut</span> <span class='ocrx_word' id='word_1_166' title='bbox 668 2187 738 2267; x_wconf 91' lang='lat' dir='ltr'>ipsa</span> <span class='ocrx_word' id='word_1_167' title='bbox 759 2192 895 2267; x_wconf 90' lang='lat' dir='ltr'>apparet</span> <span class='ocrx_word' id='word_1_168' title='bbox 923 2188 956 2252; x_wconf 91' lang='lat' dir='ltr'>in</span> <span class='ocrx_word' id='word_1_169' title='bbox 981 2192 1134 2267; x_wconf 89' lang='lat' dir='ltr'>tempore,</span> <span class='ocrx_word' id='word_1_170' title='bbox 1157 2203 1221 2265; x_wconf 92' lang='lat' dir='ltr'>qno</span> <span class='ocrx_word' id='word_1_171' title='bbox 1245 2183 1298 2265; x_wconf 85' lang='lat' dir='ltr'>fit,</span> <span class='ocrx_word' id='word_1_172' title='bbox 1332 2193 1370 2249; x_wconf 90' lang='lat' dir='ltr'>nt</span> <span class='ocrx_word' id='word_1_173' title='bbox 1391 2203 1438 2249; x_wconf 85' lang='lat' dir='ltr'>res</span> 
     </span>
     <span class='ocr_line' id='line_1_20' title="bbox 283 2282 1437 2366; baseline -0.003 -15"><span class='ocrx_word' id='word_1_174' title='bbox 283 2302 355 2351; x_wconf 91' lang='lat' dir='ltr'>cum</span> <span class='ocrx_word' id='word_1_175' title='bbox 377 2302 413 2348; x_wconf 89' lang='lat' dir='ltr'>re</span> <span class='ocrx_word' id='word_1_176' title='bbox 435 2290 648 2363; x_wconf 84' lang='lat' dir='ltr'>comparetur,</span> <span class='ocrx_word' id='word_1_177' title='bbox 672 2291 729 2349; x_wconf 89' lang='lat' dir='ltr'>aut</span> <span class='ocrx_word' id='word_1_178' title='bbox 751 2283 941 2364; x_wconf 83' lang='lat' dir='ltr'>intelligitur</span> <span class='ocrx_word' id='word_1_179' title='bbox 965 2293 1126 2366; x_wconf 88' lang='lat' dir='ltr'>tamquam</span> <span class='ocrx_word' id='word_1_180' title='bbox 1149 2282 1368 2363; x_wconf 78' lang='lat' dir='ltr'>exspectanda</span> <span class='ocrx_word' id='word_1_181' title='bbox 1387 2283 1437 2360; x_wconf 87' lang='lat' dir='ltr'>iu,</span> 
     </span>
     <span class='ocr_line' id='line_1_21' title="bbox 282 2381 1438 2463; baseline -0.003 -16"><span class='ocrx_word' id='word_1_182' title='bbox 282 2387 321 2447; x_wconf 88' lang='lat' dir='ltr'>nt</span> <span class='ocrx_word' id='word_1_183' title='bbox 346 2382 559 2447; x_wconf 86' lang='lat' dir='ltr'>conditionem</span> <span class='ocrx_word' id='word_1_184' title='bbox 586 2381 726 2462; x_wconf 89' lang='lat' dir='ltr'>aliquam</span> <span class='ocrx_word' id='word_1_185' title='bbox 750 2382 862 2462; x_wconf 86' lang='lat' dir='ltr'>addat,</span> <span class='ocrx_word' id='word_1_186' title='bbox 892 2387 925 2446; x_wconf 90' lang='lat' dir='ltr'>et</span> <span class='ocrx_word' id='word_1_187' title='bbox 953 2387 1081 2463; x_wconf 89' lang='lat' dir='ltr'>tempus</span> <span class='ocrx_word' id='word_1_188' title='bbox 1107 2400 1178 2447; x_wconf 91' lang='lat' dir='ltr'>cum</span> <span class='ocrx_word' id='word_1_189' title='bbox 1202 2381 1342 2447; x_wconf 70' lang='lat' dir='ltr'>alterim</span> <span class='ocrx_word' id='word_1_190' title='bbox 1365 2388 1438 2445; x_wconf 88' lang='lat' dir='ltr'>ten·</span> 
     </span>
     <span class='ocr_line' id='line_1_22' title="bbox 283 2478 1438 2562; baseline -0.003 -17"><span class='ocrx_word' id='word_1_191' title='bbox 283 2479 372 2562; x_wconf 90' lang='lat' dir='ltr'>poris</span> <span class='ocrx_word' id='word_1_192' title='bbox 396 2479 520 2544; x_wconf 89' lang='lat' dir='ltr'>ratione</span> <span class='ocrx_word' id='word_1_193' title='bbox 542 2485 761 2560; x_wconf 90' lang='lat' dir='ltr'>componatur.</span> <span class='ocrx_word' id='word_1_194' title='bbox 792 2478 876 2544; x_wconf 88' lang='lat' dir='ltr'>Illud</span> <span class='ocrx_word' id='word_1_195' title='bbox 900 2479 930 2544; x_wconf 91' lang='lat' dir='ltr'>in</span> <span class='ocrx_word' id='word_1_196' title='bbox 954 2480 1050 2545; x_wconf 90' lang='lat' dir='ltr'>rebus</span> <span class='ocrx_word' id='word_1_197' title='bbox 1066 2480 1144 2562; x_wconf 92' lang='lat' dir='ltr'>ipsis</span> <span class='ocrx_word' id='word_1_198' title='bbox 1159 2480 1371 2546; x_wconf 87' lang='lat' dir='ltr'>observatum</span> <span class='ocrx_word' id='word_1_199' title='bbox 1386 2495 1438 2559; x_wconf 88' lang='lat' dir='ltr'>por</span> 
     </span>
     <span class='ocr_line' id='line_1_23' title="bbox 284 2575 1437 2660; baseline -0.004 -17"><span class='ocrx_word' id='word_1_200' title='bbox 284 2578 508 2656; x_wconf 84' lang='lat' dir='ltr'>indicativum,</span> <span class='ocrx_word' id='word_1_201' title='bbox 541 2575 601 2642; x_wconf 91' lang='lat' dir='ltr'>hoc</span> <span class='ocrx_word' id='word_1_202' title='bbox 629 2578 823 2659; x_wconf 81' lang='lat' dir='ltr'>cogitatione</span> <span class='ocrx_word' id='word_1_203' title='bbox 853 2577 990 2656; x_wconf 85' lang='lat' dir='ltr'>positum</span> <span class='ocrx_word' id='word_1_204' title='bbox 1022 2598 1080 2660; x_wconf 90' lang='lat' dir='ltr'>per</span> <span class='ocrx_word' id='word_1_205' title='bbox 1106 2579 1362 2656; x_wconf 83' lang='lat' dir='ltr'>coniunctivnm,</span> <span class='ocrx_word' id='word_1_206' title='bbox 1389 2575 1437 2656; x_wconf 92' lang='lat' dir='ltr'>qui</span> 
     </span>
     <span class='ocr_line' id='line_1_24' title="bbox 283 2674 1437 2756; baseline -0.001 -17"><span class='ocrx_word' id='word_1_207' title='bbox 283 2674 519 2741; x_wconf 83' lang='lat' dir='ltr'>ratiocinationi</span> <span class='ocrx_word' id='word_1_208' title='bbox 542 2675 685 2755; x_wconf 83' lang='lat' dir='ltr'>inservit,</span> <span class='ocrx_word' id='word_1_209' title='bbox 711 2675 908 2756; x_wconf 81' lang='lat' dir='ltr'>exprimitur.</span> <span class='ocrx_word' id='word_1_210' title='bbox 953 2676 1054 2756; x_wconf 87' lang='lat' dir='ltr'>quue</span> <span class='ocrx_word' id='word_1_211' title='bbox 1081 2677 1112 2740; x_wconf 94' lang='lat' dir='ltr'>in</span> <span class='ocrx_word' id='word_1_212' title='bbox 1143 2694 1337 2756; x_wconf 89' lang='lat' dir='ltr'>quacunque</span> <span class='ocrx_word' id='word_1_213' title='bbox 1360 2693 1437 2740; x_wconf 90' lang='lat' dir='ltr'>eom·</span> 
     </span>
     <span class='ocr_line' id='line_1_25' title="bbox 283 2773 1436 2855; baseline 0 -18"><span class='ocrx_word' id='word_1_214' title='bbox 283 2774 450 2855; x_wconf 89' lang='lat' dir='ltr'>paratione</span> <span class='ocrx_word' id='word_1_215' title='bbox 479 2773 697 2852; x_wconf 79' lang='lat' dir='ltr'>cognoscitur,</span> <span class='ocrx_word' id='word_1_216' title='bbox 725 2793 807 2854; x_wconf 89' lang='lat' dir='ltr'>qnae</span> <span class='ocrx_word' id='word_1_217' title='bbox 835 2780 891 2838; x_wconf 88' lang='lat' dir='ltr'>aut</span> <span class='ocrx_word' id='word_1_218' title='bbox 919 2793 987 2838; x_wconf 88' lang='lat' dir='ltr'>rem</span> <span class='ocrx_word' id='word_1_219' title='bbox 1015 2775 1176 2854; x_wconf 90' lang='lat' dir='ltr'>componit</span> <span class='ocrx_word' id='word_1_220' title='bbox 1203 2793 1277 2839; x_wconf 91' lang='lat' dir='ltr'>cum</span> <span class='ocrx_word' id='word_1_221' title='bbox 1315 2793 1354 2838; x_wconf 90' lang='lat' dir='ltr'>re</span> <span class='ocrx_word' id='word_1_222' title='bbox 1379 2774 1436 2836; x_wconf 75' lang='lat' dir='ltr'>mm</span> 
     </span>
     <span class='ocr_line' id='line_1_26' title="bbox 284 2869 1436 2952; baseline -0.002 -16"><span class='ocrx_word' id='word_1_223' title='bbox 284 2871 413 2951; x_wconf 84' lang='lat' dir='ltr'>cognita</span> <span class='ocrx_word' id='word_1_224' title='bbox 436 2876 469 2934; x_wconf 89' lang='lat' dir='ltr'>et</span> <span class='ocrx_word' id='word_1_225' title='bbox 491 2869 669 2950; x_wconf 88' lang='lat' dir='ltr'>indicanda,</span> <span class='ocrx_word' id='word_1_226' title='bbox 692 2879 749 2935; x_wconf 87' lang='lat' dir='ltr'>aut</span> <span class='ocrx_word' id='word_1_227' title='bbox 764 2891 831 2936; x_wconf 88' lang='lat' dir='ltr'>rem</span> <span class='ocrx_word' id='word_1_228' title='bbox 848 2871 973 2937; x_wconf 88' lang='lat' dir='ltr'>confert</span> <span class='ocrx_word' id='word_1_229' title='bbox 988 2892 1059 2937; x_wconf 86' lang='lat' dir='ltr'>curn</span> <span class='ocrx_word' id='word_1_230' title='bbox 1076 2892 1123 2952; x_wconf 89' lang='lat' dir='ltr'>eo,</span> <span class='ocrx_word' id='word_1_231' title='bbox 1147 2872 1232 2951; x_wconf 92' lang='lat' dir='ltr'>quod</span> <span class='ocrx_word' id='word_1_232' title='bbox 1249 2890 1324 2936; x_wconf 88' lang='lat' dir='ltr'>esse</span> <span class='ocrx_word' id='word_1_233' title='bbox 1340 2870 1436 2952; x_wconf 87' lang='lat' dir='ltr'>possit</span> 
     </span>
     <span class='ocr_line' id='line_1_27' title="bbox 286 2967 1437 3050; baseline -0.001 -18"><span class='ocrx_word' id='word_1_234' title='bbox 286 2973 320 3033; x_wconf 91' lang='lat' dir='ltr'>et</span> <span class='ocrx_word' id='word_1_235' title='bbox 347 2984 417 3031; x_wconf 89' lang='lat' dir='ltr'>esse</span> <span class='ocrx_word' id='word_1_236' title='bbox 445 2967 637 3048; x_wconf 84' lang='lat' dir='ltr'>cogitatione</span> <span class='ocrx_word' id='word_1_237' title='bbox 666 2970 804 3049; x_wconf 91' lang='lat' dir='ltr'>ponitur.</span> <span class='ocrx_word' id='word_1_238' title='bbox 835 3004 874 3015; x_wconf 94' lang='lat'><em>-</em></span> <span class='ocrx_word' id='word_1_239' title='bbox 906 2969 972 3035; x_wconf 89' lang='lat' dir='ltr'>Nos</span> <span class='ocrx_word' id='word_1_240' title='bbox 1008 2978 1180 3050; x_wconf 88' lang='lat' dir='ltr'>utrumqne</span> <span class='ocrx_word' id='word_1_241' title='bbox 1214 2970 1437 3050; x_wconf 87' lang='lat' dir='ltr'>distinguimus</span> 
     </span>
     <span class='ocr_line' id='line_1_28' title="bbox 283 3060 1436 3148; baseline 0.001 -20"><span class='ocrx_word' id='word_1_242' title='bbox 283 3060 446 3130; x_wconf 83' lang='lat' dir='ltr'>vocabulis</span> <span class='ocrx_word' id='word_1_243' title='bbox 475 3062 535 3144; x_wconf 67' lang='lat' dir='ltr'>elie</span> <span class='ocrx_word' id='word_1_244' title='bbox 557 3071 591 3129; x_wconf 91' lang='lat' dir='ltr'>et</span> <span class='ocrx_word' id='word_1_245' title='bbox 620 3064 743 3129; x_wconf 84' lang='lat' dir='ltr'>beuor.</span> <span class='ocrx_word' id='word_1_246' title='bbox 789 3066 826 3129; x_wconf 92' lang='lat' dir='ltr'>In</span> <span class='ocrx_word' id='word_1_247' title='bbox 857 3070 1019 3148; x_wconf 85' lang='lat' dir='ltr'>praesenti</span> <span class='ocrx_word' id='word_1_248' title='bbox 1047 3076 1191 3148; x_wconf 88' lang='lat' dir='ltr'>tempore</span> <span class='ocrx_word' id='word_1_249' title='bbox 1219 3086 1321 3148; x_wconf 89' lang='lat' dir='ltr'>quum</span> <span class='ocrx_word' id='word_1_250' title='bbox 1346 3084 1436 3131; x_wconf 90' lang='lat' dir='ltr'>unum</span> 
     </span>
     <span class='ocr_line' id='line_1_29' title="bbox 283 3162 1437 3245; baseline 0 -17"><span class='ocrx_word' id='word_1_251' title='bbox 283 3166 416 3234; x_wconf 85' lang='lat' dir='ltr'>tantum,</span> <span class='ocrx_word' id='word_1_252' title='bbox 441 3163 527 3242; x_wconf 91' lang='lat' dir='ltr'>qnod</span> <span class='ocrx_word' id='word_1_253' title='bbox 541 3170 687 3245; x_wconf 86' lang='lat' dir='ltr'>apparet,</span> <span class='ocrx_word' id='word_1_254' title='bbox 712 3165 935 3244; x_wconf 89' lang='lat' dir='ltr'>conspiciatur,</span> <span class='ocrx_word' id='word_1_255' title='bbox 951 3167 1087 3231; x_wconf 91' lang='lat' dir='ltr'>alterum</span> <span class='ocrx_word' id='word_1_256' title='bbox 1104 3184 1167 3230; x_wconf 92' lang='lat' dir='ltr'>non</span> <span class='ocrx_word' id='word_1_257' title='bbox 1184 3166 1244 3231; x_wconf 89' lang='lat' dir='ltr'>nisi</span> <span class='ocrx_word' id='word_1_258' title='bbox 1260 3162 1437 3245; x_wconf 83' lang='lat' dir='ltr'>exspectari</span> 
     </span>
     <span class='ocr_line' id='line_1_30' title="bbox 282 3261 1437 3343; baseline 0 -19"><span class='ocrx_word' id='word_1_259' title='bbox 282 3264 316 3324; x_wconf 93' lang='lat' dir='ltr'>et</span> <span class='ocrx_word' id='word_1_260' title='bbox 337 3261 474 3340; x_wconf 91' lang='lat' dir='ltr'>supponi</span> <span class='ocrx_word' id='word_1_261' title='bbox 496 3262 607 3341; x_wconf 89' lang='lat' dir='ltr'>possit,</span> <span class='ocrx_word' id='word_1_262' title='bbox 630 3263 795 3343; x_wconf 91' lang='lat' dir='ltr'>proprium</span> <span class='ocrx_word' id='word_1_263' title='bbox 819 3261 921 3329; x_wconf 91' lang='lat' dir='ltr'>locum</span> <span class='ocrx_word' id='word_1_264' title='bbox 944 3264 1043 3330; x_wconf 89' lang='lat' dir='ltr'>hebet</span> <span class='ocrx_word' id='word_1_265' title='bbox 1057 3265 1286 3329; x_wconf 90' lang='lat' dir='ltr'>coniunctivns.</span> <span class='ocrx_word' id='word_1_266' title='bbox 1303 3295 1344 3308; x_wconf 95' lang='lat'>·-</span> <span class='ocrx_word' id='word_1_267' title='bbox 1362 3261 1437 3327; x_wconf 87' lang='lat' dir='ltr'>Con-</span> 
     </span>
     <span class='ocr_line' id='line_1_31' title="bbox 282 3357 1437 3443; baseline -0.001 -21"><span class='ocrx_word' id='word_1_268' title='bbox 282 3357 435 3422; x_wconf 90' lang='lat' dir='ltr'>ditionem</span> <span class='ocrx_word' id='word_1_269' title='bbox 463 3359 623 3439; x_wconf 90' lang='lat' dir='ltr'>respicere</span> <span class='ocrx_word' id='word_1_270' title='bbox 653 3367 797 3440; x_wconf 87' lang='lat' dir='ltr'>oportet,</span> <span class='ocrx_word' id='word_1_271' title='bbox 831 3380 912 3443; x_wconf 91' lang='lat' dir='ltr'>quae</span> <span class='ocrx_word' id='word_1_272' title='bbox 941 3382 1003 3427; x_wconf 92' lang='lat' dir='ltr'>non</span> <span class='ocrx_word' id='word_1_273' title='bbox 1031 3369 1156 3427; x_wconf 91' lang='lat' dir='ltr'>tautum</span> <span class='ocrx_word' id='word_1_274' title='bbox 1191 3383 1210 3427; x_wconf 89' lang='lat' dir='ltr'>a</span> <span class='ocrx_word' id='word_1_275' title='bbox 1244 3361 1379 3427; x_wconf 89' lang='lat' dir='ltr'>consilio</span> <span class='ocrx_word' id='word_1_276' title='bbox 1408 3366 1437 3422; x_wconf 87' lang='lat' dir='ltr'>et</span> 
     </span>
     <span class='ocr_line' id='line_1_32' title="bbox 283 3454 1436 3541; baseline 0.002 -24"><span class='ocrx_word' id='word_1_277' title='bbox 283 3454 449 3519; x_wconf 81' lang='lat' dir='ltr'>voluntate</span> <span class='ocrx_word' id='word_1_278' title='bbox 478 3454 710 3538; x_wconf 87' lang='lat' dir='ltr'>proficiscitur,</span> <span class='ocrx_word' id='word_1_279' title='bbox 736 3460 793 3524; x_wconf 90' lang='lat' dir='ltr'>sed</span> <span class='ocrx_word' id='word_1_280' title='bbox 824 3468 857 3524; x_wconf 90' lang='lat' dir='ltr'>et</span> <span class='ocrx_word' id='word_1_281' title='bbox 883 3462 1123 3526; x_wconf 89' lang='lat' dir='ltr'>ratiocinatione</span> <span class='ocrx_word' id='word_1_282' title='bbox 1154 3461 1360 3541; x_wconf 87' lang='lat' dir='ltr'>supponitur.</span> <span class='ocrx_word' id='word_1_283' title='bbox 1403 3456 1436 3520; x_wconf 88' lang='lat' dir='ltr'>ld</span> 
     </span>
     <span class='ocr_line' id='line_1_33' title="bbox 282 3549 1436 3640; baseline 0.003 -25"><span class='ocrx_word' id='word_1_284' title='bbox 282 3553 412 3632; x_wconf 91' lang='lat' dir='ltr'>proprie</span> <span class='ocrx_word' id='word_1_285' title='bbox 434 3549 472 3616; x_wconf 92' lang='lat' dir='ltr'>fit</span> <span class='ocrx_word' id='word_1_286' title='bbox 493 3552 525 3616; x_wconf 92' lang='lat' dir='ltr'>in</span> <span class='ocrx_word' id='word_1_287' title='bbox 547 3553 607 3619; x_wconf 91' lang='lat' dir='ltr'>hoc</span> <span class='ocrx_word' id='word_1_288' title='bbox 630 3572 689 3619; x_wconf 90' lang='lat' dir='ltr'>usn</span> <span class='ocrx_word' id='word_1_289' title='bbox 712 3558 901 3637; x_wconf 90' lang='lat' dir='ltr'>praesentis.</span> <span class='ocrx_word' id='word_1_290' title='bbox 918 3594 959 3602; x_wconf 96' lang='lat'>-</span> <span class='ocrx_word' id='word_1_291' title='bbox 982 3559 1138 3639; x_wconf 88' lang='lat' dir='ltr'>Loquenti</span> <span class='ocrx_word' id='word_1_292' title='bbox 1162 3559 1358 3640; x_wconf 88' lang='lat' dir='ltr'>permissum</span> <span class='ocrx_word' id='word_1_293' title='bbox 1382 3560 1436 3629; x_wconf 77' lang='lat' dir='ltr'>est,</span> 
     </span>
     <span class='ocr_line' id='line_1_34' title="bbox 281 3651 1437 3738; baseline 0.003 -25"><span class='ocrx_word' id='word_1_294' title='bbox 281 3654 390 3713; x_wconf 90' lang='lat' dir='ltr'>utrum</span> <span class='ocrx_word' id='word_1_295' title='bbox 412 3668 480 3713; x_wconf 90' lang='lat' dir='ltr'>rem</span> <span class='ocrx_word' id='word_1_296' title='bbox 503 3651 581 3715; x_wconf 87' lang='lat' dir='ltr'>velit</span> <span class='ocrx_word' id='word_1_297' title='bbox 601 3651 741 3718; x_wconf 85' lang='lat' dir='ltr'>futuram</span> <span class='ocrx_word' id='word_1_298' title='bbox 763 3674 801 3720; x_wconf 90' lang='lat' dir='ltr'>ac</span> <span class='ocrx_word' id='word_1_299' title='bbox 821 3657 1004 3736; x_wconf 89' lang='lat' dir='ltr'>possibilem</span> <span class='ocrx_word' id='word_1_300' title='bbox 1020 3658 1164 3738; x_wconf 86' lang='lat' dir='ltr'>cogitare</span> <span class='ocrx_word' id='word_1_301' title='bbox 1179 3674 1314 3736; x_wconf 89' lang='lat' dir='ltr'>eamque</span> <span class='ocrx_word' id='word_1_302' title='bbox 1331 3671 1437 3734; x_wconf 89' lang='lat' dir='ltr'>super·</span> 
     </span>
     <span class='ocr_line' id='line_1_35' title="bbox 281 3749 1437 3838; baseline 0.003 -26"><span class='ocrx_word' id='word_1_303' title='bbox 281 3754 408 3812; x_wconf 90' lang='lat' dir='ltr'>struere</span> <span class='ocrx_word' id='word_1_304' title='bbox 430 3749 611 3830; x_wconf 87' lang='lat' dir='ltr'>conditioni,</span> <span class='ocrx_word' id='word_1_305' title='bbox 634 3770 673 3816; x_wconf 92' lang='lat' dir='ltr'>an</span> <span class='ocrx_word' id='word_1_306' title='bbox 697 3756 818 3817; x_wconf 87' lang='lat' dir='ltr'>certam</span> <span class='ocrx_word' id='word_1_307' title='bbox 842 3760 874 3818; x_wconf 89' lang='lat' dir='ltr'>et</span> <span class='ocrx_word' id='word_1_308' title='bbox 888 3756 1067 3820; x_wconf 89' lang='lat' dir='ltr'>absolutum</span> <span class='ocrx_word' id='word_1_309' title='bbox 1089 3774 1220 3838; x_wconf 89' lang='lat' dir='ltr'>ponere.</span> <span class='ocrx_word' id='word_1_310' title='bbox 1236 3789 1281 3798; x_wconf 90' lang='lat'><em>-</em></span> <span class='ocrx_word' id='word_1_311' title='bbox 1296 3753 1334 3818; x_wconf 91' lang='lat' dir='ltr'>In</span> <span class='ocrx_word' id='word_1_312' title='bbox 1350 3770 1437 3834; x_wconf 89' lang='lat' dir='ltr'>prae·</span> 
     </span>
     <span class='ocr_line' id='line_1_36' title="bbox 282 3845 1436 3935; baseline 0.009 -28"><span class='ocrx_word' id='word_1_313' title='bbox 282 3845 388 3909; x_wconf 90' lang='lat' dir='ltr'>teritis</span> <span class='ocrx_word' id='word_1_314' title='bbox 411 3851 547 3926; x_wconf 90' lang='lat' dir='ltr'>utraque</span> <span class='ocrx_word' id='word_1_315' title='bbox 569 3849 651 3912; x_wconf 88' lang='lat' dir='ltr'>ratio</span> <span class='ocrx_word' id='word_1_316' title='bbox 667 3848 761 3914; x_wconf 89' lang='lat' dir='ltr'>valet.</span> <span class='ocrx_word' id='word_1_317' title='bbox 792 3851 873 3917; x_wconf 89' lang='lat' dir='ltr'>Nam</span> <span class='ocrx_word' id='word_1_318' title='bbox 898 3862 1021 3918; x_wconf 87' lang='lat' dir='ltr'>autres</span> <span class='ocrx_word' id='word_1_319' title='bbox 1044 3853 1129 3918; x_wconf 88' lang='lat' dir='ltr'>facta</span> <span class='ocrx_word' id='word_1_320' title='bbox 1145 3860 1354 3935; x_wconf 89' lang='lat' dir='ltr'>comparatur</span> <span class='ocrx_word' id='word_1_321' title='bbox 1370 3871 1436 3920; x_wconf 88' lang='lat' dir='ltr'>cnm</span> 
     </span>
     <span class='ocr_line' id='line_1_37' title="bbox 280 3943 1437 4040; baseline 0.016 -35"><span class='ocrx_word' id='word_1_322' title='bbox 280 3958 318 4006; x_wconf 88' lang='lat' dir='ltr'>re</span> <span class='ocrx_word' id='word_1_323' title='bbox 340 3949 414 4023; x_wconf 90' lang='lat' dir='ltr'>post</span> <span class='ocrx_word' id='word_1_324' title='bbox 435 3943 537 4025; x_wconf 87' lang='lat' dir='ltr'>iacta,</span> <span class='ocrx_word' id='word_1_325' title='bbox 565 3951 716 4026; x_wconf 87' lang='lat' dir='ltr'>certaque</span> <span class='ocrx_word' id='word_1_326' title='bbox 739 3947 819 4013; x_wconf 90' lang='lat' dir='ltr'>haec</span> <span class='ocrx_word' id='word_1_327' title='bbox 845 3951 927 4015; x_wconf 90' lang='lat' dir='ltr'>ratio</span> <span class='ocrx_word' id='word_1_328' title='bbox 956 3954 1144 4033; x_wconf 79' lang='lat' dir='ltr'>exprimitur</span> <span class='ocrx_word' id='word_1_329' title='bbox 1169 3952 1346 4022; x_wconf 88' lang='lat' dir='ltr'>indicativo</span> <span class='ocrx_word' id='word_1_330' title='bbox 1369 3979 1437 4040; x_wconf 90' lang='lat' dir='ltr'>per·</span> 
     </span>
     <span class='ocr_line' id='line_1_38' title="bbox 279 4035 1437 4137; baseline 0.013 -34"><span class='ocrx_word' id='word_1_331' title='bbox 279 4035 367 4120; x_wconf 80' lang='lat' dir='ltr'>fecti,</span> <span class='ocrx_word' id='word_1_332' title='bbox 390 4045 522 4108; x_wconf 89' lang='lat' dir='ltr'>autres</span> <span class='ocrx_word' id='word_1_333' title='bbox 545 4042 629 4108; x_wconf 87' lang='lat' dir='ltr'>facta</span> <span class='ocrx_word' id='word_1_334' title='bbox 651 4047 853 4126; x_wconf 89' lang='lat' dir='ltr'>componitur</span> <span class='ocrx_word' id='word_1_335' title='bbox 868 4068 939 4114; x_wconf 90' lang='lat' dir='ltr'>cum</span> <span class='ocrx_word' id='word_1_336' title='bbox 961 4050 1024 4115; x_wconf 86' lang='lat' dir='ltr'>alia</span> <span class='ocrx_word' id='word_1_337' title='bbox 1039 4052 1206 4115; x_wconf 88' lang='lat' dir='ltr'>etiamtum</span> <span class='ocrx_word' id='word_1_338' title='bbox 1222 4061 1437 4137; x_wconf 82' lang='lat' dir='ltr'>exspectanda</span> 
     </span>
     <span class='ocr_line' id='line_1_39' title="bbox 280 4141 1437 4230; baseline 0.019 -29"><span class='ocrx_word' id='word_1_339' title='bbox 280 4142 317 4201; x_wconf 91' lang='lat' dir='ltr'>et</span> <span class='ocrx_word' id='word_1_340' title='bbox 350 4141 503 4221; x_wconf 87' lang='lat' dir='ltr'>temporis</span> <span class='ocrx_word' id='word_1_341' title='bbox 531 4142 710 4209; x_wconf 85' lang='lat' dir='ltr'>conditione</span> <span class='ocrx_word' id='word_1_342' title='bbox 742 4144 950 4228; x_wconf 82' lang='lat' dir='ltr'>cohaerente,</span> <span class='ocrx_word' id='word_1_343' title='bbox 984 4149 1095 4229; x_wconf 90' lang='lat' dir='ltr'>idque,</span> <span class='ocrx_word' id='word_1_344' title='bbox 1128 4167 1226 4230; x_wconf 91' lang='lat' dir='ltr'>quum</span> <span class='ocrx_word' id='word_1_345' title='bbox 1258 4154 1437 4222; x_wconf 87' lang='lat' dir='ltr'>intercedat</span> 
     </span>
     <span class='ocr_line' id='line_1_40' title="bbox 282 4234 1434 4328; baseline 0.018 -30"><span class='ocrx_word' id='word_1_346' title='bbox 282 4234 451 4318; x_wconf 87' lang='lat' dir='ltr'>cogitatio,</span> <span class='ocrx_word' id='word_1_347' title='bbox 484 4258 543 4320; x_wconf 89' lang='lat' dir='ltr'>per</span> <span class='ocrx_word' id='word_1_348' title='bbox 575 4240 753 4322; x_wconf 86' lang='lat' dir='ltr'>imperfecti</span> <span class='ocrx_word' id='word_1_349' title='bbox 788 4252 821 4308; x_wconf 90' lang='lat' dir='ltr'>et</span> <span class='ocrx_word' id='word_1_350' title='bbox 861 4245 1168 4328; x_wconf 89' lang='lat' dir='ltr'>plusquamperfecti</span> <span class='ocrx_word' id='word_1_351' title='bbox 1201 4253 1434 4321; x_wconf 87' lang='lat' dir='ltr'>coniunctivnm</span> 
     </span>
     <span class='ocr_line' id='line_1_41' title="bbox 279 4329 1435 4433; baseline 0.017 -36"><span class='ocrx_word' id='word_1_352' title='bbox 279 4329 488 4412; x_wconf 87' lang='lat' dir='ltr'>significatur.</span> <span class='ocrx_word' id='word_1_353' title='bbox 537 4339 643 4418; x_wconf 88' lang='lat' dir='ltr'>Atque</span> <span class='ocrx_word' id='word_1_354' title='bbox 674 4341 705 4404; x_wconf 90' lang='lat' dir='ltr'>in</span> <span class='ocrx_word' id='word_1_355' title='bbox 741 4341 791 4406; x_wconf 90' lang='lat' dir='ltr'>his</span> <span class='ocrx_word' id='word_1_356' title='bbox 818 4361 943 4425; x_wconf 91' lang='lat' dir='ltr'>quoque</span> <span class='ocrx_word' id='word_1_357' title='bbox 971 4346 1107 4411; x_wconf 87' lang='lat' dir='ltr'>liberum</span> <span class='ocrx_word' id='word_1_358' title='bbox 1141 4353 1192 4412; x_wconf 92' lang='lat' dir='ltr'>est</span> <span class='ocrx_word' id='word_1_359' title='bbox 1224 4352 1435 4433; x_wconf 87' lang='lat' dir='ltr'>scriptoribus</span> 
     </span>
    </p>
   </div>
   <div class='ocr_carea' id='block_1_3' title="bbox 0 0 1568 5075">
    <p class='ocr_par' dir='ltr' id='par_1_5' title="bbox 0 0 1568 5075">
     <span class='ocr_line' id='line_1_42' title="bbox 0 0 1568 5075; baseline 0 0"><span class='ocrx_word' id='word_1_360' title='bbox 0 0 1568 5075; x_wconf 95' lang='lat' dir='ltr'> </span> 
     </span>
    </p>
   </div>
  </div>
 </body>
</html>
