3125 5075
441 551 534 592 east!
549 551 817 596 suassasrtvouutt.
832 577 856 586 -
872 557 975 600 auhn.
1252 572 1292 628 35

129 727 197 790 eius
220 723 284 790 ium
313 723 354 790 ad
376 721 475 792 linem
498 725 652 808 perducta
674 727 801 792 demum
826 731 951 809 prodiit.
983 731 1105 796 Harum
1130 733 1225 797 trium
1247 737 1294 800 di·

133 823 331 890 diuersarum
359 823 454 905 quasi
484 825 651 900 formosam
682 823 770 890 verbi
800 827 831 891 in
862 829 1083 894 enunciatione
1110 829 1214 894 altera
1241 851 1294 898 ex·

136 921 243 1000 primit
263 937 387 986 meram
411 921 582 999 actionem,
605 939 687 1001 quae
709 924 817 1003 prodit
839 926 1004 990 voluntate
1028 926 1173 998 subiecti.
1197 931 1296 995 tertia

136 1025 267 1096 aarum,
288 1017 331 1084 ad
352 1037 450 1098 quem
471 1021 640 1100 pervenire
662 1021 764 1085 soluit
787 1021 964 1086 subiectum
988 1029 1022 1086 et
1043 1043 1157 1088 revera
1179 1045 1294 1106 perve-

136 1117 188 1190 nit,
209 1115 316 1198 prima
337 1115 371 1182 id
393 1115 481 1196 quod
503 1117 606 1197 primo
627 1125 759 1198 aspectu
782 1119 815 1182 in
839 1118 981 1184 subiecto
1004 1119 1073 1184 lieri
1095 1123 1293 1189 animadver-

137 1215 217 1290 titur,
239 1213 288 1278 ita
304 1219 342 1278 ut
355 1215 497 1280 noudum
513 1215 672 1296 cogitetur
693 1216 732 1281 de
751 1217 877 1281 actione
898 1235 1099 1298 praegressa.
1137 1219 1173 1283 ln
1197 1221 1294 1284 tertia

137 1309 231 1376 lorma
253 1311 386 1378 babitus
408 1319 442 1376 et
465 1312 550 1376 actio
575 1311 660 1377 inter
681 1331 716 1378 se
740 1315 923 1390 coniuncta,
954 1313 986 1378 in
1010 1315 1113 1393 prima
1136 1317 1294 1382 etaltera

138 1409 304 1474 etiamnum
326 1415 480 1491 separata
500 1417 585 1474 sunt.

217 1505 312 1584 Quod
335 1507 363 1572 si
384 1508 519 1572 verbum
543 1507 574 1572 in
598 1508 702 1588 prima
724 1507 826 1574 forma
848 1509 986 1589 positum
1007 1517 1067 1586 ost,
1091 1511 1136 1574 lta
1159 1517 1194 1575 ut
1216 1512 1292 1576 nibil

141 1605 192 1668 alsi
220 1611 341 1670 statum
365 1609 400 1670 et
428 1603 570 1672 habitum
594 1605 728 1672 subiecti
757 1605 1029 1678 animadversum,
1064 1607 1181 1673 nullius
1211 1608 1291 1674 alius

98 1765 113 1802 a
141 1702 336 1782 cogitationis
356 1703 482 1766 ratione
505 1703 623 1782 habita,
646 1705 813 1783 exprimat,
838 1719 876 1766 ea
896 1721 977 1781 quae
997 1705 1159 1770 adduntur
1174 1707 1290 1770 nullam

103 1806 112 1856 .”
139 1799 223 1864 aliam
248 1801 311 1865 vim
335 1799 454 1865 habere
478 1808 613 1882 possunt
633 1801 695 1866 nisi
717 1799 814 1874 lianc,
843 1811 877 1862 ut
902 1806 1007 1866 status
1031 1801 1083 1866 illo
1106 1804 1202 1868 uariis
1226 1821 1291 1868 mo·

139 1897 181 1962 dis
203 1898 338 1974 clarius
358 1899 556 1978 accuratius,
579 1899 759 1964 distinctius
782 1897 991 1962 adumbretur
1021 1904 1053 1962 et
1081 1899 1292 1965 describatur.

140 1995 280 2060 illicitur
294 2001 404 2060 autem
422 1995 482 2060 boc
502 1995 612 2060 addito
632 1997 758 2060 nomine
779 1995 812 2058 in
827 2015 898 2056 caso
913 1999 1043 2058 ablativo
1063 1997 1176 2078 posito.
1212 1997 1292 2062 Con·

139 2092 350 2158 siderantibus
379 2101 488 2158 autem
511 2093 602 2158 nobis
625 2111 678 2170 ca,
706 2109 788 2172 quac
812 2093 852 2157 ad
876 2093 1017 2158 habitum
1042 2094 1177 2160 subiecti
1200 2112 1291 2160 accu-

138 2191 230 2256 ratius
242 2189 490 2256 describendum
503 2190 673 2267 adduntur,
696 2189 792 2270 paulo
805 2192 995 2270 accuratius,
1011 2193 1114 2272 primo
1127 2191 1291 2258 oculorum

139 2287 245 2354 obtutu
267 2287 440 2352 discrimen
467 2305 504 2352 se
526 2285 622 2352 ollcrt
643 2287 727 2351 inter
753 2286 834 2352 talos
857 2305 924 2366 ros,
958 2307 1040 2368 quac
1069 2297 1125 2354 aut
1151 2309 1187 2354 re
1215 2307 1292 2354 vera

138 2389 186 2450 aot
206 2385 405 2466 cogitatione
432 2385 526 2450 simul
554 2404 625 2452 cum
655 2389 744 2449 statu
766 2383 820 2447 illo
842 2391 952 2448 extant
976 2387 1147 2450 etiamnum
1171 2393 1206 2452 et
1227 2404 1293 2461 eas,

138 2499 209 2565 quae
232 2487 311 2549 ante
333 2481 423 2549 illum
446 2481 586 2549 luerunt.
626 2482 704 2547 Illae
726 2501 788 2555 res,
812 2499 894 2560 quae
921 2482 1032 2547 eodcm
1056 2488 1200 2565 temporo
1222 2502 1294 2549 cum

140 2588 215 2649 statu
237 2586 367 2657 extant,
394 2579 517 2645 iaciunt
539 2580 626 2646 illum
650 2581 742 2659 qrrasi
766 2580 894 2661 plenum
916 2588 1013 2661 aurae
1037 2581 1212 2662 integrum
1248 2582 1293 2647 al·

139 2688 218 2745 torae
242 2687 370 2757 autem,
405 2696 459 2743 eas
482 2677 566 2751 dico,
596 2694 679 2758 quae
701 2684 796 2741 antea
820 2678 1010 2757 extiterunt,
1042 2697 1169 2744 causam
1201 2683 1294 2760 quasi

139 2776 274 2843 elliciunt
300 2776 387 2841 illius
410 2783 515 2841 status
537 2783 571 2840 et
592 2776 759 2841 declarant
782 2775 866 2840 unde
888 2783 979 2841 ortus
1003 2778 1059 2857 sit,
1094 2779 1140 2842 ita
1166 2784 1203 2842 ut
1225 2780 1293 2859 ipse

137 2883 233 2941 status
257 2874 459 2954 intelligatur
486 2892 558 2937 esse
584 2874 675 2955 quasi
705 2890 901 2952 corasequcns
924 2873 1037 2939 barum
1061 2894 1169 2941 rorum
1192 2876 1294 2957 iisque

136 2972 271 3039 clectus
317 2970 484 3051 Utraoque
505 2988 558 3037 res
577 2968 623 3037 ita
642 2969 796 3035 differunt
812 2970 896 3035 inter
919 2988 952 3035 so
972 2977 1009 3036 ut
1024 2974 1114 3054 qulcs
1134 2982 1168 3039 et
1187 2980 1293 3038 motus

136 3072 210 3145 talis,
236 3088 304 3153 quo
324 3068 456 3135 babitus
477 3070 568 3149 quasi
591 3069 720 3149 quietus
742 3067 869 3132 demum
893 3064 1038 3133 elticitur.
1078 3070 1155 3136 Illae
1178 3091 1231 3137 res
1253 3073 1295 3137 ad

135 3166 275 3237 lubitum
298 3168 482 3233 accuratius
504 3165 736 3247 designandum
759 3164 886 3229 additae
910 3168 1103 3246 respondent
1131 3170 1171 3233 ad
1196 3170 1294 3235 inter-

136 3266 333 3349 rogationes:
366 3268 439 3327 tabi?
472 3268 610 3341 picoaldo?
644 3266 821 3342 quomodo?,
857 3260 916 3325 boo
944 3264 985 3327 ad
1007 3265 1292 3348 interrogationes:

136 3368 227 3429 mdc?
250 3384 290 3429 ea·
311 3368 392 3439 gato?
415 3383 434 3423 a
455 3366 533 3439 quo?
554 3360 647 3425 simil.

212 3460 372 3527 Habitum
404 3468 511 3525 autem
544 3459 632 3524 illum
667 3458 802 3523 subiecti
829 3460 1084 3525 animadversum
1118 3480 1179 3525 non
1213 3479 1294 3541 opus

137 3564 180 3627 tal
200 3558 398 3643 praedicati,
432 3558 517 3637 quod
545 3557 675 3636 proprio
703 3556 834 3635 dicitur,
870 3557 972 3620 forma
999 3576 1184 3638 expressum
1213 3577 1294 3637 esse,

84 3730 86 3742 ,
137 3664 240 3737 potest
261 3658 360 3723 etiarn
383 3654 485 3721 torma
507 3652 673 3730 attributi,
706 3654 792 3733 quod
816 3660 882 3717 tum
907 3653 975 3718 ficri
999 3654 1098 3733 solet,
1133 3673 1204 3719 cum
1232 3673 1295 3719 non

139 3756 307 3834 natabilis,
329 3756 386 3819 sed
402 3752 483 3817 finus
501 3760 534 3817 et
548 3750 755 3815 immutabilis
778 3752 947 3833 cogitatur.
978 3752 1047 3830 Quo
1071 3750 1108 3817 fit
1130 3761 1166 3816 ut
1180 3753 1293 3817 ablati·

141 3868 189 3917 tus
212 3870 316 3935 aeque
338 3850 506 3917 adiectiris
528 3867 566 3913 ac
588 3847 693 3913 verbis
723 3848 797 3912 addi
825 3852 943 3929 possit,
977 3851 1072 3915 immo
1100 3868 1172 3915 cum
1200 3868 1293 3915 omne

144 3952 266 4017 terbum
289 3950 500 4031 compositum
522 3945 613 4027 quasi
637 3946 771 4025 cogitari
794 3948 896 4027 possit
917 3968 955 4013 er
978 3948 1093 4029 copula
1114 3952 1147 4013 et
1165 3947 1295 4013 notione

144 4048 291 4125 adiectiri,
312 4046 354 4112 ad
381 4046 463 4111 banc
484 4050 607 4127 partem
631 4043 731 4120 serbi,
754 4061 836 4124 quae
858 4045 1013 4111 adiectivo
1042 4044 1189 4123 eflicitur,
1212 4062 1293 4109 sern-

144 4158 191 4221 per
210 4150 336 4227 spectat
362 4143 523 4209 ablativus
543 4158 677 4221 caraque
701 4142 883 4205 accuratius
904 4144 1057 4209 describit
1081 4150 1114 4207 ot
1136 4143 1292 4224 designat.

148 4242 229 4307 lddit
248 4242 415 4309 lacobsius
437 4243 500 4307 iam
523 4261 543 4305 a
565 4237 728 4305 veteribus
752 4242 967 4317 grammaticis
990 4240 1112 4305 Latinis
1134 4240 1292 4321 duplicem

149 4354 225 4403 usum
246 4348 280 4406 et
300 4346 449 4405 naturam
478 4338 609 4405 ablativi
638 4334 889 4402 animadversam
918 4356 1008 4417 esse,
1042 4342 1078 4400 ut
1108 4357 1128 4401 a
1154 4339 1291 4419 Donato,

150 4432 268 4503 Maximo
283 4438 460 4516 Victorino,
484 4439 608 4517 aspero
631 4437 765 4516 iuniore,
788 4439 842 4517 qui
859 4434 1000 4500 ablativo
1016 4452 1063 4514 ca,
1086 4452 1182 4514 quarn
1204 4438 1289 4517 prio·

152 4548 206 4597 rem
225 4538 323 4617 posui,
346 4534 578 4618 significatione
594 4543 751 4615 usurpato
772 4552 886 4599 nomen
911 4534 1038 4615 septimi
1054 4550 1147 4599 casus
1170 4534 1292 4599 indunt.

1034 4640 1075 4699 ³*
