3125 5075
509 534 599 574 ΟΔΒΙΙΒ
613 534 882 576 8οΒ8ΤΔΙΙΤΙἿΟΒΙΙΙ.
896 557 921 565 -
935 535 1039 575 ΑΒΒΛΤ.
1294 545 1354 602 123

204 710 272 769 tros
295 721 372 770 asse
394 705 524 786 statuit,
546 711 584 771 ut
604 709 702 770 decuit
715 710 854 789 positum
877 708 921 773 sit
940 727 999 790 pro
1014 711 1138 785 dicam
1153 710 1222 781 suit,
1245 724 1355 787 quam·

201 820 284 883 qnam
308 801 375 867 sibi
396 821 463 870 non
485 803 641 884 constitit,
665 824 736 870 cum
751 807 848 887 paulo
868 811 941 887 post
960 806 1044 870 inter
1065 804 1129 870 alia
1150 805 1246 869 huius
1266 804 1355 869 verbi

200 918 255 964 cum
279 899 396 965 dativo
418 902 521 968 iuncti
544 901 688 983 exempla
710 904 806 968 etiam
833 903 891 969 hoc
919 901 1040 968 afferat.
1085 902 1190 967 Etiam
1214 900 1355 966 Schmie·

200 997 284 1062 ierus
307 1002 469 1078 utrosque
491 998 649 1065 ablativos
671 1019 742 1065 essa
765 1019 862 1082 posse
885 999 1037 1066 concedit
1072 1000 1200 1065 Terent.
1218 998 1353 1078 Adelph.

199 1094 229 1173 ΙΙ,
251 1101 280 1174 1,
307 1100 365 1160 12:
400 1098 522 1158 dabitur
543 1102 589 1160 ius
611 1100 782 1175 iurandum,
816 1102 973 1174 iadtpneem
994 1102 1037 1159 Te
1060 1118 1126 1161 esse
1153 1101 1268 1159 iniuria
1290 1100 1354 1158 hoa

200 1191 246 1270 ΙΙΙ,
265 1196 297 1273 3,
321 1198 380 1257 54:
404 1196 539 1257 Haecine
562 1196 675 1273 flagitia
696 1195 799 1259 facere
823 1201 866 1260 tet
889 1200 963 1259 haec
987 1205 1017 1258 te
1040 1197 1198 1258 admittere
1220 1196 1355 1269 lacitpno

202 1310 290 1365 pesae
310 1293 438 1354 nostro!

530 1473 565 1526 11.
601 1473 788 1530 Ablativns
814 1474 1012 1545 qualitatis.

276 1587 327 1647 33.
364 1584 505 1644 Aolotioi
529 1586 615 1650 tetes,
649 1588 700 1660 qut
722 1588 764 1648 ad
785 1588 958 1647 exteriorem
985 1588 1072 1659 quoa
1094 1590 1203 1645 statum
1226 1586 1355 1658 αῑὲᾳιιεηι

161 1682 428 1744 oastituersdum
453 1683 610 1754 pertinent.
654 1699 683 1746 a.
721 1685 882 1745 Ablotivus
907 1684 1061 1758 principii.
1106 1680 1167 1745 uic
1195 1680 1291 1744 ablat'
1268 1684 1353 1759 trvufl

161 1765 246 1839 est
265 1794 385 1842 causae
409 1774 576 1842 efficientis
598 1777 650 1841 vel
672 1780 824 1857 auctoris,
847 1799 866 1845 a
888 1797 951 1859 quo
975 1776 1069 1844 effect
1055 1783 1108 1842 tus
1130 1774 1352 1857 proficiscitur,

212 1881 394 1955 quapropter
421 1875 559 1954 primum
581 1874 644 1940 huc
671 1877 813 1956 pertinet
841 1877 1001 1943 ablativus
1023 1894 1095 1941 cum
1118 1874 1353 1955 praepositione

213 1974 237 2032 ct
256 1973 445 2037 coniunctus
471 1972 504 2035 in
527 1973 801 2038 enunciationibus
824 1974 972 2054 passivis,
1006 1975 1048 2039 ad
1076 1991 1147 2037 eam
1174 1969 1355 2051 significan·

212 2067 264 2132 dam
285 2086 477 2150 personam,
506 2086 588 2149 quae
611 2070 769 2134 inactiva
793 2074 1029 2137 constructione
1052 2071 1232 2136 subiectum
1255 2088 1354 2134 enun-

212 2165 339 2233 tiationis
361 2166 478 2231 iuerat.
523 2166 560 2230 In
576 2168 703 2247 passivo
719 2168 854 2234 aetionis
870 2171 957 2232 notio
980 2169 1076 2249 periit
1098 2167 1149 2233 vel
1169 2168 1249 2231 latet
1264 2171 1353 2231 certe

211 2279 294 2343 neque
310 2271 450 2346 apparet
464 2264 525 2328 nisi
545 2264 576 2327 in
599 2270 685 2329 statu
702 2264 815 2330 effecto
832 2267 872 2331 ab
891 2286 939 2344 eo,
963 2265 1048 2345 quod
1063 2266 1152 2345 prius
1172 2264 1352 2328 subiectum

212 2357 297 2425 iuerat
319 2361 569 2438 enunciationis,
599 2362 652 2442 qui
674 2367 778 2428 status
807 2365 839 2426 in
868 2363 978 2443 lingua
1004 2362 1107 2426 latina
1128 2379 1193 2440 qua
1215 2360 1353 2424 diximus

211 2459 316 2523 ratione
346 2458 545 2540 exprimitur.
590 2458 725 2524 Praeter
753 2462 852 2525 verba
884 2461 1014 2541 passiva
1045 2465 1151 2524 autem
1181 2462 1277 2522 etiam
1306 2457 1353 2520 iu-

161 2612 164 2643 ,
211 2558 361 2622 transitiva
390 2556 503 2620 eodem
530 2557 623 2622 modo
652 2575 723 2622 cum
751 2577 858 2639 praep.
887 2579 905 2619 c
936 2564 1089 2637 sequente
1121 2554 1260 2620 ablativo
1283 2555 1352 2617 iun·

161 2660 164 2683 ¹
211 2662 312 2731 untur
333 2655 374 2719 ad
400 2663 563 2719 auctorem
583 2659 687 2719 status
708 2656 843 2721 alieuius
863 2655 1111 2736 exprimendum.
1149 2651 1273 2718 Deinde
1294 2652 1357 2716 huc

210 2753 355 2828 pertinent
377 2753 509 2817 ablativi
532 2771 602 2817 cum
622 2753 911 2833 praepositionibus
926 2757 962 2814 cie
981 2758 1015 2817 et
1030 2773 1066 2813 ce
1086 2749 1247 2817 coniuncti
1261 2749 1293 2812 in
1309 2749 1356 2812 lo·

210 2852 375 2915 titionibus
398 2850 509 2930 quales
532 2855 608 2915 sunt
623 2854 725 2925 perire
745 2871 781 2912 ex
804 2854 984 2919 orolnere'becs,
1005 2854 1041 2912 dc
1063 2852 1191 2912 almatius
1212 2850 1355 2909 sententio

210 2949 309 3023 aliquid
330 2952 441 3022 facere,
463 2948 628 3012 similibus.
666 2948 779 3012 Naevii
795 2949 917 3013 Hector
938 2946 1142 3029 proficiscens
1164 2946 1202 3009 ir.
1220 2950 1253 3009 2:
1275 2948 1353 3006 Lae·

210 3054 246 3106 trs
266 3067 340 3122 snm,
364 3049 482 3109 laudari
505 3066 550 3107 me
575 3050 627 3108 aba
650 3052 684 3114 te,
706 3056 804 3122 pater,
829 3069 847 3107 o
871 3049 992 3107 loredoto
1012 3048 1086 3107 ciro.
1132 3044 1227 3108 Ennii
1249 3040 1353 3106 annal.

208 3139 222 3205 l.
240 3141 289 3223 ΙΊ,
312 3141 351 3207 fr.
380 3149 434 3223 12,
457 3161 484 3206 v.
512 3148 585 3207 1:19:
609 3147 764 3220 vietusque
789 3165 852 3206 sum
877 3149 914 3204 ob
935 3147 1037 3206 eedem
1082 3141 1290 3221 Cresphontis
1312 3138 1351 3203 fr.

209 3244 235 3302 3:
256 3245 369 3304 Iniuria
393 3245 445 3302 obs
467 3248 493 3301 te
517 3243 639 3302 adficior
663 3243 793 3317 indigna.
839 3241 942 3305 Plaut.
959 3239 1073 3304 Pseud.
1090 3240 1115 3319 Ι,
1140 3244 1168 3316 3,
1193 3242 1248 3302 86;
1272 3241 1354 3298 Sicin

207 3342 237 3398 mi
257 3359 309 3415 ops
333 3347 360 3400 te
405 3343 481 3401 bene
504 3341 628 3398 merenti
651 3343 727 3400 male
751 3340 883 3401 refertur
906 3340 1022 3416 gratia?
1065 3335 1180 3401 Pseud.
1197 3335 1240 3413 ΙΙ,
1265 3341 1294 3412 2,
1322 3339 1352 3395 1:

206 3437 235 3496 Hi
249 3441 306 3500 loci
323 3447 394 3500 suut
409 3445 498 3513 atque
519 3438 575 3497 hae
591 3441 729 3513 regiones
752 3458 828 3514 qnae
849 3441 888 3498 mi
904 3441 942 3497 ab
960 3456 1009 3495 ero
1030 3443 1099 3496 sunt
1120 3436 1352 3494 demonstratae.

205 3532 305 3601 Pseud.
323 3555 352 3598 v.
371 3539 448 3600 916:
471 3537 567 3595 Nimis
589 3537 708 3595 tandem
732 3555 787 3609 ops
810 3542 835 3596 te
859 3544 1041 3596 contemnor.
1080 3530 1164 3593 Men.
1181 3528 1220 3607 V,
1243 3534 1272 3607 2,
1298 3532 1352 3592 33:

206 3633 349 3709 Ludibrio,
374 3642 462 3710 pater
485 3634 614 3695 Habeor.
650 3630 710 3697 SE.
734 3634 845 3694 Unde?
878 3631 950 3695 MA.
973 3630 1022 3689 Ao
1036 3631 1097 3696 ilio,
1120 3631 1188 3704 quoi
1209 3646 1254 3687 me
1271 3645 1353 3687 man·

205 3733 315 3807 daristi,
340 3750 404 3792 meo
425 3734 498 3792 viro.
543 3727 627 3794 Men.
649 3748 678 3792 v.
701 3735 777 3795 972:
813 3731 1013 3803 Recordatur,
1045 3730 1096 3804 qui
1118 3733 1187 3788 sunt
1209 3728 1304 3799 nihili,
1327 3727 1354 3785 is

206 3834 262 3904 qnid
284 3833 368 3906 preti
390 3832 478 3890 detur·
501 3832 538 3889 ab
560 3831 623 3890 suis
644 3832 711 3892 cria.
757 3827 847 3892 Pers.
866 3826 907 3903 II,
937 3831 961 3903 l,
985 3830 1022 3889 2:
1046 3828 1141 3886 Nimis
1164 3824 1284 3885 tandem
1306 3839 1353 3882 me

206 3931 311 4001 quidem
334 3948 392 4004 pro
414 3927 510 3990 barda
532 3934 563 3987 et
584 3928 696 3988 bienna
718 3945 789 3988 reor
810 3921 942 3987 habitam
965 3943 1032 3985 esse
1056 3942 1109 3997 ops
1132 3929 1166 3984 te.
1195 3918 1353 3998 V‚1,14:

206 4025 297 4088 iiutna
318 4027 396 4086 fiunt
419 4044 439 4084 o
460 4043 513 4084 me.
551 4023 589 4102 V,
615 4030 641 4102 l,
667 4028 722 4088 20:
751 4033 871 4101 optatus
902 4026 942 4083 mi
965 4024 1014 4082 hic
1037 4023 1102 4083 dies
1125 4023 1212 4081 datus
1235 4020 1355 4080 hodiest

207 4124 235 4182 o
251 4127 307 4185 dia.
353 4122 452 4187 Marc.
476 4122 501 4200 Ι,
529 4127 555 4200 1,
579 4125 636 4185 64;
670 4125 745 4184 adeo
774 4133 839 4184 arte
871 4122 1033 4183 cohibitum
1061 4138 1093 4180 se
1123 4123 1189 4180 esse
1218 4136 1238 4176 o
1254 4122 1352 4190 patre.

206 4214 271 4300 ΙΙ,
295 4225 352 4285 68:
378 4219 442 4299 (se)
467 4222 546 4298 erigi
567 4223 687 4282 solitum
710 4238 730 4280 o
750 4226 845 4294 putre.
892 4216 984 4282 Cure.
1001 4216 1026 4295 1,
1046 4221 1073 4295 l,
1094 4220 1149 4279 51:
1171 4219 1243 4276 Tam
1266 4233 1288 4274 o
1307 4232 1354 4274 nce

206 4320 328 4389 pudicast
354 4322 441 4396 qnasi
464 4337 550 4380 soror
572 4337 639 4380 mea
661 4321 710 4380 sit.
754 4317 848 4380 Poen.
865 4314 921 4394 IV,
946 4319 975 4391 2,
992 4317 1048 4378 62:
1071 4333 1108 4375 ne
1125 4332 1145 4373 o
1160 4318 1187 4373 te
1200 4314 1352 4388 pendeam,

207 4410 319 4496 dequo
350 4415 422 4481 loco
443 4415 516 4479 vide
541 4415 688 4496 Kampm.
718 4414 757 4479 de
780 4419 832 4476 ΑΒ
861 4431 892 4494 p.
920 4419 968 4491 li,
992 4411 1098 4474 adnot
1124 4415 1149 4473 1.
1195 4407 1286 4489 Capt.
1310 4407 1353 4487 11,

208 4512 230 4584 2,
249 4517 301 4578 23:
336 4516 417 4589 Quid
439 4515 522 4590 ipsus
547 4515 617 4575 hic?
647 4532 705 4591 quo
734 4515 878 4574 honorest
905 4513 974 4573 illi?
1018 4508 1085 4573 PH.
1120 4512 1239 4572 Summo
1262 4517 1352 4584 atque
