3125 5075
204 355 268 414 308
637 346 791 387 ΒΰΒΒΤΔΙΙΤ.
807 346 870 388 ΟΑΡ.
885 347 925 387 ΙΙΙ.

202 539 299 597 quam,
321 521 382 582 filio
406 523 482 582 dono
505 520 595 585 dedit.
627 520 739 602 Amph.
755 521 781 601 Ι,
798 526 827 600 2,
844 527 893 588 30.
910 528 967 588 31:
992 539 1077 583 nemo
1099 525 1130 583 id
1152 523 1263 598 probro
1288 525 1346 583 Pro

202 620 283 680 fecto
305 619 395 680 docet
416 620 607 681 Alcumenae.
652 618 746 700 Epid.
769 619 795 699 Ι,
819 625 848 699 2,
872 626 905 685 5;
942 623 1013 697 Quis
1042 622 1113 692 erit,
1148 622 1220 680 vitio
1249 623 1301 696 qui
1332 624 1348 681 i«

201 723 301 778 vortat
323 716 398 778 tibi?
427 714 541 780 Pseud.
556 714 611 795 IV,
628 720 656 794 6,
677 721 730 781 13:
755 720 863 780 habeto
886 722 1039 781 mulierem
1063 719 1139 778 dono
1162 719 1225 777 tibi.
1261 715 1348 781 Poen

201 812 240 892 V,
257 818 286 891 5,
303 816 337 877 21
360 814 431 874 Tum
447 816 584 890 prolecto
600 817 719 876 11111151·
734 819 863 879 habento
880 836 1001 878 scurrae
1018 817 1238 888 ludificotnffl)
1262 814 1348 878 Poen

200 911 239 989 V,
260 917 291 991 4,
317 915 369 975 10:
393 912 496 987 Neque
520 914 556 974 ab
579 916 731 975 inventute
752 916 795 975 ibi
816 916 970 976 irridicnlo
993 916 1111 975 habitae
1132 911 1190 987 (sic
1212 913 1348 992 Karupm

201 1008 241 1072 de
264 1012 316 1072 AB
337 1026 368 1089 p.
395 1008 457 1087 18).
502 1007 592 1089 Capt.
615 1008 674 1088 ΙΙΙ,
698 1016 727 1089 4,
755 1016 830 1075 122;
866 1017 1023 1074 nuculeum
1046 1014 1147 1086 amisi,
1176 1014 1289 1071 retinui
1316 1015 1347 1088 pi

202 1110 286 1183 gneri
306 1111 468 1184 putamina.
514 1105 627 1173 Caecil.
655 1106 736 1172 Stat.
763 1108 882 1174 Karine
907 1108 944 1172 ir.
973 1116 999 1187 l,
1025 1129 1053 1173 v.
1081 1113 1154 1173 105:
1190 1112 1269 1186 qnod
1295 1114 1348 1171 riv:

200 1209 260 1283 ipsi
283 1208 432 1282 opposirit
453 1208 579 1284 pignori.
624 1205 752 1271 Terent.
776 1206 892 1271 Heaut.
916 1205 941 1285 Ι,
972 1213 998 1284 1,
1026 1212 1078 1272 19;
1114 1210 1198 1268 Haec
1228 1228 1287 1268 non
1312 1229 1347 1269 ro

202 1306 310 1379 luptati
325 1306 379 1366 tibi
394 1322 460 1366 csse
477 1307 550 1367 satis
566 1313 649 1367 certo
673 1309 743 1367 scio.
789 1303 921 1386 Adelph.
934 1304 972 1383 V,
991 1310 1018 1383 1,
1036 1310 1070 1368 9:
1097 1307 1243 1382 Exemplo
1267 1310 1347 1366 omni

203 1404 256 1463 bns
280 1402 422 1463 Onrarem
444 1410 477 1463 nt
499 1420 590 1465 esses.
636 1401 770 1483 Adelph.
785 1401 823 1481 V,
847 1407 876 1481 6,
900 1409 933 1466 5:
956 1407 985 1466 ls
1008 1405 1079 1464 mihi
1101 1404 1269 1479 profectost
1292 1425 1345 1480 spe

201 1509 298 1561 otatns
322 1502 410 1575 satis,
447 1503 523 1576 Quoi
550 1503 686 1564 dominus
713 1509 842 1563 curaest.
887 1500 1004 1565 Heaut.
1028 1498 1088 1579 ΠΙ,
1112 1505 1141 1579 3,
1173 1504 1247 1563 116:
1284 1504 1349 1562 haec

199 1616 249 1660 ras
272 1615 308 1659 ne
332 1600 464 1674 utiquam
488 1602 671 1661 neclecstnst
692 1601 780 1674 mihi,
815 1598 870 1663 ubi
890 1597 1049 1680 Reisigius
1072 1594 1099 1677 ἕ.
1122 1601 1185 1661 443
1217 1597 1348 1662 dativus

200 1694 306 1776 supini
333 1713 403 1760 esse
432 1696 559 1775 statuit,
592 1715 686 1776 quem
714 1695 854 1761 Haasius
881 1702 991 1760 extare
1024 1700 1130 1776 negat.
1174 1693 1347 1773 Eun.1,2

201 1796 251 1858 28.
276 1797 331 1859 29;
364 1796 410 1856 lbi
432 1804 493 1856 tum
516 1797 605 1856 matri
626 1799 778 1871 parvolam
800 1798 933 1856 Puellam
962 1796 1038 1856 dono
1068 1795 1186 1871 qnidam
1209 1805 1349 1857 mercator

202 1893 293 1953 dedit
337 1891 453 1956 Heant
471 1890 509 1969 V,
533 1897 562 1971 5,
584 1896 618 1956 6:
642 1912 708 1954 mea
730 1895 807 1955 bona
829 1902 862 1955 ut
885 1895 951 1953 dcm
974 1895 1117 1954 Bacchidi
1138 1895 1216 1953 dono
1241 1896 1349 1954 sciens·

201 1988 338 2070 Adelph.
361 1989 420 2070 111,
443 1994 473 2070 3,
496 1994 553 2055 64:
582 1993 639 2053 hoc
661 1994 732 2053 vitio
756 1994 851 2052 datur.
897 1989 1032 2070 Adelph.
1055 1989 1081 2069 Ι,
1105 1994 1134 2068 2,
1158 1994 1200 2053 24
1222 2007 1285 2069 sq.:
1317 1994 1349 2052 Ti

199 2107 277 2150 nunc
300 2091 354 2151 tihi
384 2091 419 2150 Id
446 2091 527 2153 laudi
550 2091 643 2152 ducis.
687 2089 768 2153 Eun.
794 2087 819 2166 Ι,
843 2093 872 2167 2,
897 2094 953 2153 55;
986 2091 1058 2150 emit
1085 2107 1148 2149 eam
1178 2088 1255 2150 dono
1278 2094 1349 2152 mihi

199 2185 333 2267 Adelph.
354 2185 413 2264 ΙΗ,
438 2193 467 2266 3,
493 2192 549 2252 28:
573 2191 679 2251 Utrum
702 2190 839 2250 studione
861 2190 891 2248 id
915 2189 973 2248 sibi
995 2189 1087 2247 habet
1108 2205 1146 2247 an
1167 2189 1250 2248 laudi
1274 2199 1348 2262 puta

200 2287 287 2347 Fore.
324 2284 441 2352 Heaut
458 2285 518 2365 ΙΙΙ,
542 2290 571 2366 3,
595 2290 652 2350 42:
675 2289 722 2347 Ea
745 2289 851 2347 relicta
874 2287 942 2346 hnic
965 2286 1136 2345 arrabonist
1157 2304 1213 2360 pro
1236 2288 1289 2346 illo
1314 2306 1347 2346 ar

199 2391 297 2459 gente.
342 2382 459 2450 Heaut.
484 2382 523 2464 V,
547 2390 575 2464 1,
599 2387 655 2447 69:
691 2388 741 2445 Me
765 2404 832 2445 meo
860 2386 958 2444 omnia
979 2386 1057 2444 hona
1080 2384 1142 2443 doti
1172 2384 1282 2444 dixisse
1307 2387 1350 2445 illi

201 2479 300 2547 Andr.
312 2481 354 2563 ll,
379 2488 406 2563 1,
422 2487 480 2550 31:
503 2485 660 2546 Postularo
683 2484 714 2544 id
734 2485 849 2560 gratiae
874 2483 983 2559 adponi
1007 2482 1073 2542 sibi.
1118 2478 1350 2545 Ruddirnannut

200 2598 230 2661 p.
257 2585 317 2646 124
339 2579 438 2647 refert
458 2579 520 2647 huc
543 2581 639 2645 etism
662 2580 779 2644 Heaut.
804 2580 841 2659 V,
869 2586 894 2654 l,
920 2585 974 2643 57:
1010 2581 1042 2639 si
1065 2582 1108 2639 illi
1132 2599 1224 2656 pergo
1252 2600 1346 2656 suppa

200 2682 299 2743 ditare
327 2683 508 2757 sumptibus,
543 2684 577 2741 et
606 2677 815 2742 Ruhnkcnius
845 2694 970 2756 quoquc
1002 2675 1034 2739 in
1063 2676 1192 2740 dictatis
1220 2676 1268 2740 ait
1297 2678 1349 2742 dat

201 2780 366 2854 conponas
391 2778 436 2843 sic
459 2795 529 2842 esse
551 2775 801 2857 intelligendum,
825 2782 862 2840 ut
884 2775 915 2839 in
938 2777 1106 2849 relinquere
1128 2778 1280 2845 arraboni,
1305 2794 1350 2840 se(

200 2879 364 2952 sumptibus
385 2875 493 2956 potius
516 2873 576 2939 abl.
599 2873 875 2938 instrumentalem
901 2892 971 2938 esse
994 2872 1148 2936 existimo.

284 2971 431 3038 Pertinet
452 2972 514 3038 huc
537 2972 673 3051 denique
697 2970 823 3036 dativus
846 2970 989 3052 pendens
1010 2969 1050 3034 ab
1075 2969 1350 3035 interiectionibus

200 3071 295 3136 Ennii
316 3070 418 3136 annal.
441 3070 462 3137 i.
485 3072 511 3151 Ι,
533 3069 572 3135 ir.
596 3075 630 3134 8:
657 3074 697 3132 Ei
719 3073 792 3132 mihi
814 3074 910 3148 qualis
933 3079 1007 3132 erat.
1053 3067 1156 3131 Plaut.
1181 3067 1295 3148 Amph.
1320 3068 1350 3132 ll

201 3181 230 3254 2,
254 3179 310 3243 94:
333 3176 391 3235 nei
412 3173 494 3246 mim,
517 3169 594 3233 item
615 3167 658 3246 11,
682 3172 710 3247 2,
737 3172 805 3232 ico.
828 3168 866 3247 v,
888 3172 916 3244 a,
941 3170 990 3231 57.
1019 3166 1090 3230 Aul.
1114 3165 1156 3244 11,
1180 3171 1209 3244 a,
1234 3172 1288 3231 23:
1313 3171 1350 3229 se

199 3279 309 3338 misero
332 3268 429 3345 mihil,
453 3269 531 3334 item
550 3268 646 3332 Mero.
663 3266 721 3346 111,
744 3273 774 3345 4,
800 3271 849 3329 76.
873 3264 987 3329 Bacch.
1003 3263 1063 3344 Ill,
1087 3270 1116 3342 3,
1141 3270 1173 3327 7:
1198 3268 1256 3325 Hei
1279 3268 1351 3326 mili

200 3376 251 3435 hei
275 3373 355 3434 mihi
402 3367 472 3433 Cas.
496 3366 538 3448 ll,
562 3371 591 3446 6,
615 3368 669 3431 53:
700 3368 765 3427 hem
790 3369 853 3428 tibi.
899 3363 990 3428 Truc.
1015 3363 1052 3440 V,
1079 3368 1106 3443 1,
1130 3367 1188 3425 60:
1220 3366 1277 3424 Em
1300 3362 1351 3440 (sit

201 3475 261 3552 Ap,
284 3468 369 3550 vulg.
385 3470 474 3544 Hem)
498 3469 552 3528 tibi
575 3469 719 3527 talentum
743 3466 872 3541 argenti!
917 3462 1002 3526 Asin.
1017 3461 1054 3539 V,
1073 3466 1102 3540 2,
1127 3467 1166 3523 74
1190 3467 1224 3523 et
1244 3459 1350 3542 Amph

199 3568 240 3650 V,
268 3574 295 3643 1,
318 3571 373 3632 28:
396 3586 450 3629 vae
472 3567 552 3627 mihi.
588 3563 681 3626 Truc.
706 3560 748 3641 ΙΙ,
773 3566 802 3640 3,
826 3566 883 3624 21;
909 3563 971 3622 Vae
994 3563 1102 3622 misero
1126 3562 1209 3619 mihi!
1245 3557 1351 3639 Amph

200 3665 239 3748 V,
266 3673 293 3746 1,
318 3671 351 3730 5:
374 3682 428 3728 rae
451 3667 578 3726 miserae
601 3665 683 3723 mihi.
727 3661 819 3725 Truc.
844 3658 886 3737 ΙΙ,
910 3663 938 3735 2,
962 3663 980 3722 2
1013 3663 1045 3722 et
1068 3657 1155 3721 Asin.
1179 3655 1221 3736 ΙΙ,
1247 3662 1276 3732 2,
1301 3663 1343 3721 40

201 3770 265 3829 Vae
281 3766 344 3828 tibi.
389 3760 501 3840 Amph.
516 3760 557 3840 ΙΙ,
581 3764 611 3840 2,
636 3765 713 3824 109;
739 3763 801 3821 Vae
826 3761 919 3836 capiti
942 3767 1002 3818 tno.
1048 3757 1103 3819 As.
1120 3754 1162 3834 ΙΙ,
1187 3759 1215 3830 2,
1240 3761 1273 3818 7:
1299 3759 1351 3818 un

202 3871 257 3931 illi.
301 3864 399 3928 Poen.
422 3858 480 3938 111,
504 3863 533 3938 5,
555 3863 612 3924 38:
639 3862 701 3920 Vae
726 3867 843 3920 vostrae
866 3859 979 3917 aetatit
1023 3855 1149 3919 Terent.
1175 3852 1292 3918 Heaut.
1317 3853 1350 3918 ΙΙ

202 3971 232 4046 2,
256 3970 289 4029 51
317 3966 354 4024 Ei
376 3962 486 4022 misero
509 3961 590 4033 mihi,
614 3957 691 4020 item
709 3954 841 4036 Adelph.
864 3953 906 4031 ΙΙ,
934 3961 960 4034 1,
987 3958 1033 4019 13.
1072 3953 1171 4017 Andr.
1195 3950 1239 4030 ΙΙ,
1267 3958 1293 4032 1,
1320 3958 1351 4017 21

205 4069 239 4128 et
259 4058 393 4140 Adelph.
423 4055 478 4136 IV,
507 4062 536 4133 1,
565 4060 619 4121 35;
661 4059 700 4118 Ei
722 4059 803 4118 mihi.
848 4052 982 4134 Adelph.
1012 4052 1050 4133 V,
1080 4060 1109 4133 3,
1132 4059 1166 4116 4:
1211 4055 1268 4112 Em
1292 4055 1347 4115 tibi

202 4212 407 4227 ——--——-

270 4294 305 4358 ⁷⁰)
324 4291 408 4348 Codd.
428 4292 489 4347 Par.
509 4291 663 4344 anteacto
681 4301 796 4340 aeonae
814 4285 933 4350 ludificas
951 4284 1046 4337 eosdm.
1074 4285 1146 4351 ΔΘΚ
1169 4282 1351 4336 1151115111

203 4390 331 4430 occurras
349 4376 468 4442 ladifios'a
486 4375 561 4442 catii,
581 4370 632 4440 rel,
651 4369 719 4424 cavi.
