3125 5075
347 389 385 428 DE
400 389 591 431 Taurumue.
606 411 631 422 -
645 392 760 434 CONIUG.
775 394 911 435 PBRIPHR.
926 415 950 423 -
965 392 1088 432 CONSBG.
1103 392 1190 432 ΤΕΙΡ.
1312 395 1353 458 89

195 576 307 660 porali
327 577 359 641 vi
377 576 446 645 tere
466 585 562 646 muta
578 598 679 661 prope
693 582 846 649 accedere
860 582 901 647 ad
916 579 1064 647 adiectivi
1080 578 1354 662 significationem,

197 681 400 757 quapropter
422 678 576 758 temporis
597 679 768 760 praeteriti
789 680 950 746 notionem
972 678 1071 746 verbo
1085 678 1284 746 substantivo
1300 696 1355 743 ex·

197 772 400 839 drimcndam
410 772 519 840 inissa
559 774 766 858 Participium
776 782 884 843 antem
898 776 999 843 inturi
1009 778 1105 842 activi
1120 795 1192 844 cum
1206 777 1354 848 omnibns

197 869 269 937 tere
298 872 496 951 temporibus
523 872 612 939 verbi
639 894 700 939 cccc
729 876 932 942 coniunctum
960 874 1129 958 reperitur.
1174 874 1227 941 Sic
1248 875 1352 943 Plaut

196 971 279 1039 cisa
302 969 328 1050 I,
351 975 381 1048 3,
403 977 441 1036 4:
474 975 552 1049 quod
581 976 608 1036 si
629 978 783 1050 tacuisset,
811 984 910 1037 tamen
933 994 988 1052 ego
1010 993 1092 1036 acm
1113 977 1248 1038 dicturus
1270 979 1352 1051 deus,

197 1075 250 1149 qui
273 1079 409 1148 poteram
430 1074 559 1147 plenius.
603 1069 698 1136 Most
723 1069 767 1148 Il,
790 1076 819 1150 2,
843 1077 879 1136 7:
914 1075 999 1149 Quod
1026 1074 1193 1136 crediturus
1222 1075 1277 1135 tibi
1296 1075 1354 1147 frat,

195 1189 286 1235 omno
316 1171 440 1231 credidi.
484 1166 611 1233 Terent.
640 1169 738 1234 Andr.
765 1168 825 1249 111,
848 1175 878 1250 3,
904 1176 956 1237 ll:
995 1174 1037 1233 uti
1064 1175 1185 1249 nuptiae
1217 1173 1356 1233 ruens

195 1273 330 1345 suturae,
352 1268 433 1330 liant
475 1265 535 1345 III,
557 1272 588 1344 4,
610 1271 646 1332 8:
680 1271 746 1330 Non
773 1269 897 1341 fucrant
917 1272 1039 1347 nuptiae
1061 1270 1193 1344 salmoe
1236 1268 1354 1333 Forma

197 1384 259 1447 per
290 1384 340 1427 ero
368 1361 481 1429 effecta
508 1363 652 1443 inprimis
679 1363 829 1445 frequens
859 1372 909 1432 est
936 1367 1021 1447 apud
1045 1364 1197 1432 Catonem
1219 1366 1252 1431 in
1269 1366 1352 1433 libro

203 1464 244 1529 de
265 1481 298 1529 re
320 1462 451 1547 rustica,
474 1460 626 1541 pleraque
642 1462 788 1544 exempla
803 1464 1003 1530 enumeravit
1017 1463 1156 1529 Haasius
1171 1465 1191 1528 1.
1207 1463 1227 1528 l.
1243 1464 1351 1530 adnot

199 1568 272 1627 445.
318 1560 400 1627 Sunt
428 1566 536 1626 auten
563 1560 655 1626 haec:
691 1560 726 1626 C.
755 1566 810 1627 30:
844 1566 901 1627 Ubi
933 1566 1089 1626 sementim
1117 1565 1256 1636 facturus
1283 1564 1350 1627 cris.

200 1657 232 1723 0.
257 1664 315 1723 40:
346 1661 440 1734 Quom
462 1679 573 1722 ramum
594 1663 740 1723 incitarem
761 1664 830 1726 eris.
875 1660 909 1725 C.
934 1667 991 1726 45:
1025 1664 1151 1739 quasin
1175 1663 1281 1723 scrobs
1304 1679 1352 1723 so·

195 1764 284 1820 turus
305 1758 374 1819 oris.
417 1756 480 1821 iu:
506 1761 586 1834 Quas
608 1762 638 1819 in
661 1763 820 1823 seminario
840 1765 962 1823 saturus
983 1763 1051 1822 cris.
1096 1756 1130 1823 0.
1153 1761 1209 1822 46:
1237 1762 1350 1835 positu-

195 1876 249 1919 rus
272 1860 343 1918 eris.
390 1853 422 1919 O.
451 1859 523 1920 100:
550 1859 699 1919 inditnrns
722 1861 791 1920 oris.
835 1857 891 1922 ib.:
925 1876 1060 1936 eaquae
1082 1858 1262 1919 &mamurra
1283 1857 1351 1921 eris.

195 1950 232 2017 C.
259 1956 334 2018 138:
370 1957 447 2030 quod
475 1974 531 2016 non
559 1956 686 2018 datarus
707 1958 770 2018 erit.
816 1954 849 2019 C.
876 1960 949 2019 152:
983 1960 1034 2034 qni
1050 1961 1178 2032 poturas
1206 1959 1271 2018 crit.
1316 1952 1350 2018 O.

198 2054 275 2115 161:
302 2054 332 2113 in
364 2072 421 2128 quo
448 2054 514 2115 loco
539 2056 694 2127 posituras
721 2058 789 2116 cris.
834 2052 949 2119 Caecil-
971 2052 1050 2117 Stat
1075 2053 1186 2120 imbrii
1206 2054 1244 2116 ir.
1268 2057 1298 2131 3,
1322 2071 1349 2116 v.

195 2154 237 2216 96
260 2165 324 2229 sq:
349 2158 389 2213 At
412 2154 437 2211 si
460 2154 675 2224 obdormivcro,
698 2155 773 2213 Tute
797 2155 874 2213 idem
899 2155 948 2213 ubi
970 2156 1029 2214 eris
1050 2152 1294 2227 assensuum?

286 2253 334 2312 15.
392 2251 561 2311 mercado
598 2253 825 2325 (commentia)
867 2256 1036 2325 temporum.
1102 2248 1208 2325 Quum
1251 2264 1351 2313 cuun-

196 2346 351 2411 ciationes
373 2347 581 2427 compositae,
616 2363 697 2427 quae
720 2354 868 2413 constant
895 2366 933 2412 ex
955 2346 1176 2413 enunciatione
1196 2346 1350 2425 primaria

195 2457 231 2509 ct
254 2444 444 2509 secundaria
465 2445 497 2509 iu
520 2445 718 2510 coniunctivo
733 2446 847 2525 posita,
872 2464 942 2510 cum
957 2444 1144 2511 discesseris
1159 2462 1180 2508 a
1198 2459 1349 2508 consecu-

194 2543 281 2621 tivis,
310 2543 497 2624 plerumque
524 2544 570 2608 ita
592 2544 656 2608 sint
678 2550 894 2624 comparatae,
924 2551 959 2609 nt
985 2561 1048 2610 non
1072 2550 1209 2623 utraque
1231 2539 1347 2622 perse

195 2642 362 2720 consistat,
386 2641 442 2707 sed
463 2640 566 2706 altera
587 2642 627 2707 ab
650 2641 753 2707 altera
768 2643 915 2723 pendeat,
938 2647 1187 2709 consentaneum
1210 2644 1260 2705 est
1274 2656 1348 2705 con·

194 2757 327 2804 sensum
360 2739 515 2819 quendam
549 2741 615 2806 sive
649 2741 898 2806 convenientiam
933 2740 1069 2806 existere
1105 2749 1283 2820 temporum
1316 2737 1348 2801 in

194 2846 332 2917 nuaque
366 2839 595 2904 enunciatione.
641 2838 842 2904 concordant
871 2839 970 2921 igitur
996 2837 1064 2904 fere
1087 2838 1170 2904 iuter
1197 2856 1232 2902 se
1254 2853 1348 2918 prae·

192 2937 300 3002 sentia
336 2941 370 3001 et
400 2934 509 3001 futura
542 2955 613 3001 cum
647 2937 869 3016 praesentibus
904 2944 937 3000 et
965 2936 1116 3018 perfectis
1145 2934 1346 3014 coniunct-ivi,

193 3041 340 3114 tempora
362 3035 537 3113 praeterita
559 3053 631 3100 cum
658 3033 846 3114 imperfecto
874 3044 907 3099 et
937 3034 1249 3116 plusquamperfecto
1272 3051 1347 3099 con·

191 3132 335 3212 iunctivi,
359 3132 416 3197 sed
439 3132 614 3213 perfectum
638 3132 742 3211 etiam,
767 3151 837 3197 curu
859 3151 899 3197 ex
920 3140 1010 3212 parte
1033 3132 1073 3198 ad
1096 3150 1247 3212 praesens
1268 3147 1347 3209 quo·

197 3248 262 3312 que
286 3238 412 3311 tempus
434 3238 570 3312 spectet,
593 3251 665 3297 cum
687 3231 849 3312 praesenti
872 3237 905 3296 et
926 3229 1079 3310 perfecto,
1102 3231 1276 3310 inquere
1299 3231 1347 3291 te-

194 3330 335 3394 nendum
364 3337 427 3407 est,
454 3329 482 3393 si
505 3329 682 3410 perfectum
706 3331 851 3409 sequitur
872 3346 1025 3408 praesens
1048 3326 1248 3402 coniunctim,
1278 3323 1347 3404 ple·

191 3446 330 3508 rumque
352 3428 510 3493 actionem
533 3426 713 3509 significari,
737 3445 818 3509 quae
841 3428 937 3492 etiam
961 3426 1002 3490 ad
1023 3444 1176 3507 praesens
1197 3423 1343 3502 adeoque

192 3525 339 3592 futurum
367 3532 492 3605 tempus
521 3533 659 3607 spectet,
693 3544 791 3606 quum
823 3523 1009 3605 imperfecto
1042 3525 1110 3590 sola
1139 3519 1347 3605 congruentia

194 3630 376 3705 temporum
400 3625 606 3704 exprimatur.
651 3625 808 3689 Praesens
830 3623 1026 3695 historicum,
1049 3642 1121 3687 cum
1143 3622 1272 3703 proprio
1287 3639 1347 3702 pro

193 3722 337 3803 perlecto
374 3722 511 3802 positum
550 3724 612 3802 sit,¹
638 3722 795 3803 duplicem
829 3723 919 3802 sequi
955 3729 1064 3803 potest
1093 3722 1348 3787 consecutionem

194 3825 384 3901 temporum,
413 3828 446 3886 et
473 3819 605 3901 perfecti
632 3829 666 3885 et
688 3822 877 3900 praesentis.
923 3821 1129 3900 Aliquantum
1152 3817 1346 3884 discriminis

193 3916 271 3982 iacit
292 3920 474 3984 consecutio
497 3926 675 4000 temporum
697 3920 730 3983 in
752 3920 895 3984 oratione
917 3925 1007 3984 recta
1022 3925 1055 3984 et
1069 3918 1199 3998 obliqua
1214 3916 1267 3991 tde
1282 3932 1347 3994 qun

194 4016 389 4095 singularem
419 4017 676 4083 dissertationem
704 4017 833 4098 scripsit
859 4016 1048 4098 Kruegerus
1078 4017 1111 4080 in
1146 4017 1288 4082 sectione
1315 4011 1350 4078 Π

193 4112 276 4191 libri,
304 4115 358 4194 qui
384 4115 569 4182 inscribitur
603 4114 858 4199 liuteriudiunqeu
885 4118 942 4179 out
973 4111 1182 4179 comittitur
1214 4119 1261 4176 ner
1295 4113 1348 4175 lot.

194 4209 414 4289 &promisisset
459 4213 564 4291 Quum
592 4216 674 4281 enim
703 4215 834 4280 verbum
863 4232 933 4278 cum
957 4211 1125 4292 infinitivo,
1154 4211 1209 4292 qui
1232 4229 1270 4278 ex
1291 4209 1348 4275 illo

194 4317 290 4391 uptus
311 4316 370 4390 est,
392 4311 426 4376 in
448 4332 540 4378 unam
564 4315 654 4395 quasi
678 4314 831 4393 temporis
853 4313 1012 4382 notionem
1029 4315 1195 4390 coalescat,
1219 4318 1347 4390 tempus

195 4410 387 4475 coniunctivi
408 4420 466 4476 aut
487 4430 526 4477 ex
547 4412 608 4479 hac
629 4414 757 4479 notione
778 4417 890 4492 aptum
911 4430 982 4479 esse
997 4419 1104 4495 potest
1118 4420 1175 4477 aut
1189 4428 1228 4476 ex
1243 4410 1350 4478 altero
