3125 5075
447 456 537 497 CASUS
551 458 819 500 susarauulvouuu.
833 482 857 491 -
872 462 975 504 ΔΒΙιΔΤ.
1241 476 1280 535 95

138 634 281 704 mido
302 633 443 694 mactito
461 636 656 708 querimonia
691 633 789 700 Stich.
811 654 840 699 v.
864 641 921 700 75:
943 640 1126 715 Principium
1149 659 1203 716 ego
1226 660 1284 718 qno

138 734 212 802 ,arto
234 745 304 788 cuna
324 731 390 791 iliis
413 734 578 808 occupiam.
622 730 681 809 111,
709 738 734 812 l,
757 736 794 796 8:
831 735 961 811 &mque
984 755 1021 798 eo
1043 739 1146 798 rovoni
1168 756 1204 798 ex
1226 742 1282 820 ini·

138 825 238 886 som
259 827 293 887 m
317 832 456 903 msam.
501 827 597 894 soen.
621 850 649 893 v.
674 835 745 895 τοι.
777 830 939 910 v,o,12.
983 833 1078 898 Most.
1101 832 1127 913 1,
1153 841 1182 912 a,
1208 819 1281 900 iia:

137 921 185 983 usi
203 925 299 986 sudor
319 944 387 987 mm
409 930 567 1002 unquentis
588 947 654 990 scae
677 933 869 994 consociavit.
915 947 944 994 v.
970 934 1046 994 152:
1081 935 1130 1008 qni
1158 935 1216 995 huc
1238 937 1284 995 in·

136 1022 204 1081 cedit
224 1041 294 1083 cuno
317 1026 415 1085 amica
436 1027 515 1087 aaa?
559 1024 653 1091 Most.
677 1046 704 1090 v.
729 1031 807 1091 329:
842 1030 874 1088 Si
897 1031 996 1104 cades,
1019 1049 1077 1091 non
1101 1034 1190 1093 cades
1212 1035 1282 1108 quin

135 1119 228 1180 cadam
250 1125 356 1182 ἰσων».
400 1121 444 1202 11,
468 1128 497 1203 2,
520 1126 574 1187 80:
603 1127 680 1200 Quid
702 1133 766 1187 tuto
791 1132 883 1188 uuam
906 1127 1050 1202 loquore?
1093 1126 1283 1208 111,1,24:

136 1218 202 1290 ouo
223 1227 290 1281 tote
311 1223 426 1281 mom?
468 1219 564 1285 Mero.
586 1241 616 1285 v.
638 1225 717 1286 364:
751 1225 829 1298 Quid
851 1226 923 1285 illuc
947 1232 1007 1300 cst,
1038 1229 1116 1301 quod
1139 1233 1220 1289 solus
1242 1247 1284 1289 sc-

138 1317 373 1379 confabulatur
398 1319 499 1381 iilius?
541 1319 656 1384 Pseud.
678 1319 733 1398 IV,
759 1325 787 1399 1,
814 1325 849 1384 4:
880 1324 931 1398 qni
952 1323 1026 1384 haec
1048 1328 1153 1400 loquar
1174 1342 1287 1387 mecam

142 1423 243 1487 uomet
264 1418 370 1478 solos?
396 1415 440 1492 Π,
465 1421 494 1495 2,
517 1422 572 1481 21:
597 1421 673 1493 Quid
695 1422 759 1480 illic
780 1436 878 1480 aecum
900 1423 981 1481 solus
1004 1422 1155 1497 loquitur?
1186 1420 1284 1486 Most.

144 1506 188 1589 ΙΠ,
208 1516 239 1591 3,
263 1516 320 1578 24:
356 1517 465 1576 chatm
486 1520 592 1578 santio.
636 1534 664 1578 v.
690 1518 746 1581 26:
782 1518 938 1579 Curriculo
960 1519 1028 1579 iuba
1052 1521 1082 1579 in
1106 1523 1207 1582 urbam
1230 1539 1283 1582 vc-

141 1611 190 1670 riat
208 1614 269 1672 iam
290 1616 379 1674 simul
400 1619 502 1677 iccacm.
546 1612 601 1690 IV,
626 1619 654 1689 3,
678 1618 734 1678 24:
770 1618 855 1690 Quod
884 1634 930 1675 mc
960 1618 1084 1677 absente
1111 1622 1204 1680 cmm
1234 1621 1282 1679 liic

139 1706 204 1769 ilius
224 1712 337 1788 Negoti
360 1714 461 1789 gessit
506 1728 534 1775 v,
558 1716 614 1776 25:
647 1715 765 1775 Mecum
792 1723 825 1774 nt
845 1715 898 1775 illo
925 1716 974 1774 hic
997 1715 1145 1790 gesserit?
1189 1714 1227 1795 V,
1254 1721 1283 1794 1,

139 1810 184 1870 53:
212 1812 403 1871 consulerent
423 1811 515 1887 igitur
536 1813 675 1887 quiddam
690 1814 775 1887 ·quod
798 1816 891 1872 tecum
912 1815 989 1873 volo.
1032 1828 1061 1874 v.
1087 1816 1140 1876 72:
1173 1832 1284 1874 mcwm

138 1907 215 1980 agito.
259 1905 358 1970 Mero.
383 1906 421 1987 V,
443 1913 474 1986 4,
499 1912 555 1973 59:
590 1911 665 1971 Gom
692 1927 724 1969 co
747 1929 801 1972 nos
824 1911 880 1971 iac
903 1913 968 1986 lage
990 1929 1120 1986 agemus.
1166 1909 1281 1975 Pseud.

137 2019 161 2064 s.
182 2008 280 2068 1231:
306 2024 373 2067 cras
396 2024 480 2082 agam
504 2024 568 2068 com
590 2009 710 2069 ummo.
755 2006 871 2070 Pseud.
894 2024 923 2071 v.
942 2011 1014 2071 188:
1037 2010 1198 2084 Principio,
1222 2012 1282 2070 Hc·

138 2102 249 2178 dulim,
272 2109 367 2166 cosa
390 2113 454 2181 ag'o.
498 2101 582 2167 Men.
606 2123 634 2169 v.
658 2108 735 2169 589:
766 2123 862 2181 neque
890 2107 968 2181 quod
993 2109 1072 2167 volui
1095 2110 1208 2185 Agere,
1231 2115 1284 2168 ont

136 2205 247 2274 caim
267 2205 357 2277 volui,
384 2205 537 2265 licitumst.
582 2200 677 2267 Most.
699 2200 738 2281 V,
762 2207 792 2281 2,
816 2207 871 2267 37:
906 2205 1055 2279 Quidquid
1077 2203 1164 2280 fecit,
1186 2206 1284 2266 nobis·

136 2317 195 2359 can
215 2320 277 2362 nna
298 2300 379 2362 iacit.
425 2297 512 2364 Pers.
536 2298 560 2378 I,
587 2306 613 2378 l,
637 2305 692 2365 31:
722 2304 803 2363 vives
825 2319 945 2361 mecum.
991 2299 1103 2379 111,1,
1131 2306 1164 2365 6:
1195 2303 1281 2363 Com·

137 2401 276 2460 manicavi
300 2405 394 2459 &cum
415 2402 542 2461 consilia
563 2403 668 2460 omnia.
695 2398 783 2462 Pers.
800 2417 830 2461 v.
850 2401 928 2462 680:
952 2403 992 2459 At
1014 2416 1052 2459 na
1075 2418 1141 2460 casm
1163 2405 1284 2473 aracaio

137 2500 277 2570 protinam
301 2499 435 2575 perbitas
457 2498 581 2559 domum.
625 2495 724 2561 Mero.
749 2494 791 2575 11,
815 2502 844 2574 3,
870 2501 943 2560 114:
978 2499 1051 2559 Post
1078 2506 1176 2558 aotam
1203 2515 1282 2557 com·

139 2601 224 2657 munia
245 2598 319 2657 mihi
342 2599 425 2658 illast
446 2615 512 2656 cum
540 2598 600 2656 alio
626 2595 789 2672 {quodam}
834 2595 931 2659 Mero.
958 2613 986 2657 v.
1017 2600 1097 2658 455:
1133 2593 1283 2673 [Quicum]

141 2692 190 2764 (sic
201 2691 410 2770 Bitschelius)
432 2695 504 2753 mihi
525 2697 702 2756 communiat
721 2696 782 2767 iila,
807 2697 831 2754 is
848 2697 896 2754 hic
913 2713 990 2754 nuuc
1013 2714 1071 2755 non
1095 2696 1187 2755 adest.
1222 2692 1281 2770 ΙΙΙ,

140 2796 160 2868 l,
176 2797 234 2857 35:
256 2794 389 2853 Ecastor
410 2795 467 2853 iam
486 2793 676 2864 bienninmst,
701 2812 787 2868 quom
807 2812 918 2854 mecum
939 2811 1002 2853 rem
1024 2795 1201 2869 occeptavit.
1225 2790 1281 2870 IV,

137 2893 160 2965 Ι,
181 2895 239 2953 51:
262 2892 487 2951 iusiurandum
510 2892 599 2965 dabo,
633 2893 682 2950 Me
707 2911 864 2966 numquam
888 2894 1043 2966 quicquam
1066 2910 1132 2951 mom
1153 2894 1208 2951 illo
1229 2923 1279 2953 -.

135 2984 226 3052 licre.
249 3006 279 3050 v.
304 2992 380 3052 904:
403 2989 521 3061 quicum
542 2991 619 3048 istnc
635 2989 770 3050 venerit?
802 2988 886 3053 Meu.
904 2989 945 3067 ΙΙ,
970 2994 999 3067 3,
1020 2994 1075 3053 41:
1100 2993 1150 3066 qni
1173 2991 1281 3049 dudum

136 3090 221 3147 icmm
247 3089 338 3148 venit.
381 3085 496 3150 Pseud.
525 3104 553 3150 v,
582 3089 660 3149 593:
701 3088 749 3147 hic
778 3090 847 3162 quid
875 3090 991 3148 venerit
1021 3107 1086 3148 cum
1112 3090 1280 3148 mcchocro.

136 3180 227 3247 Mera
250 3182 288 3259 V,
311 3188 341 3263 2,
367 3189 443 3248 101:
480 3188 556 3259 Quin
587 3192 619 3244 tu
645 3187 718 3246 istas
748 3187 860 3247 omittis
888 3206 998 3261 nnngas
1025 3206 1059 3245 ac
1086 3205 1197 3246 mecum
1224 3189 1281 3246 huc

136 3284 207 3343 intro
231 3283 388 3345 ambulas?
434 3281 475 3360 ΙΙ,
498 3288 528 3360 4,
553 3285 607 3346 3οι
636 3285 717 3359 Ergo
741 3293 873 3344 actutum
895 3284 961 3344 iaco
984 3302 1049 3344 cum
1066 3286 1183 3357 praeda
1205 3286 1283 3344 reci·

138 3384 203 3454 pias.
248 3378 325 3444 cist.
350 3379 374 3458 Ι,
401 3385 428 3457 1,
454 3383 495 3443 88
517 3397 578 3458 so:

235 3480 296 3540 Sed
318 3488 350 3539 tu
373 3498 410 3539 en
433 3497 558 3555 unquam
582 3496 647 3538 com
668 3481 811 3552 quiquam
832 3481 897 3537 ciro

237 3577 442 3639 consuevisti?
479 3575 526 3640 SI.
549 3579 615 3637 Nisi
638 3580 754 3653 quidem
777 3595 844 3636 cum
864 3578 1092 3645 Alcesimarcho,
1115 3577 1238 3634 nemine.

142 3669 211 3735 ileu
223 3673 260 3753 V,
274 3678 303 3754 2,
317 3680 371 3737 35:
395 3684 502 3736 nautor
516 3676 554 3735 ad
570 3694 616 3735 mc
632 3678 715 3737 irctis
737 3695 802 3736 casm
822 3677 1015 3749 qucrimonia.
1049 3673 1133 3738 Men.
1147 3671 1184 3750 V,
1203 3676 1230 3750 l,
1247 3673 1283 3734 9:

144 3772 198 3833 lou
219 3782 248 3834 to
270 3776 363 3850 pudet
386 3775 508 3850 prodire
535 3777 564 3834 in
588 3782 778 3849 conspectum
796 3793 901 3847 meum,
924 3776 1082 3850 Flagitium
1099 3782 1130 3833 tu
1146 3773 1282 3843 hominis,

146 3886 198 3930 mu
217 3875 289 3934 istoc
310 3873 441 3933 ornum
485 3870 568 3934 Men.
593 3871 647 3951 IV,
671 3878 700 3952 2,
724 3877 779 3935 68;
813 3875 879 3933 Non
902 3890 956 3946 ego
979 3881 1008 3932 tc
1031 3873 1117 3933 modo
1140 3873 1188 3931 hic
1212 3875 1281 3929 anta

148 3970 213 4031 aedis
236 3991 302 4032 mom
324 3989 432 4033 corono
453 3973 545 4044 floreo
565 3973 632 4031 Vidi
655 3979 763 4034 astare.
802 3969 858 4050 IV,
881 3975 911 4048 2,
935 3973 988 4033 65:
1013 3973 1176 4031 Poscanto
1200 3969 1281 4029 aedis

148 4083 198 4127 aas
218 4087 326 4130 corono
346 4088 393 4129 me
417 4071 552 4130 derideto
576 4071 684 4132 ebrios.
728 4068 811 4132 Men.
835 4084 862 4129 v.
886 4071 962 4131 tos:
997 4086 1063 4128 com
1090 4085 1198 4128 corono
1220 4068 1281 4127 exit

148 4161 220 4228 foras
264 4166 380 4230 Pseud.
403 4185 431 4230 v.
457 4170 553 4230 1299:
589 4169 671 4241 Quae
698 4171 793 4228 istaec
816 4168 982 4241 audaciast,
1015 4177 1045 4228 te
1066 4169 1109 4228 sic
1135 4166 1282 4226 interdius

148 4267 207 4327 dau
235 4267 345 4328 corolla
373 4267 487 4327 ebrium
514 4267 677 4326 incedere?
721 4263 804 4328 Men.
834 4263 862 4341 1,
888 4270 920 4342 3,
947 4269 1000 4327 14;
1039 4268 1117 4326 salta
1145 4266 1187 4325 sic
1214 4282 1281 4323 com

141 4366 214 4435 pollo
233 4374 347 4442 postca
391 4363 433 4442 11,
457 4369 486 4441 2,
508 4368 565 4427 42:
604 4367 686 4425 Solet
709 4367 803 4426 iocari
833 4383 922 4440 saepo
949 4381 1060 4423 mecum
1082 4367 1153 4425 illoc
1182 4364 1278 4423 modo.

145 4456 243 4526 Pseud.
258 4479 287 4525 v.
306 4465 402 4526 1240:
426 4465 476 4523 ubi
498 4481 564 4523 cum
586 4465 712 4524 cumulis
735 4473 785 4523 ant
807 4464 911 4537 fiacrio
934 4464 1119 4524 insidiantur.
1164 4458 1280 4525 Pseud.
