3125 5075
378 342 417 381 nit
432 343 625 383 rsuronlsus.
639 366 664 374 -
679 345 863 385 CONSECUTIO
878 345 1048 385 Tsurouuu.
1259 354 1299 415 99

145 529 233 594 senti
255 528 359 594 Plaut.
382 530 469 596 Pers.
491 531 533 608 ΙΙ
557 538 592 607 a,
613 539 672 598 et:
711 536 788 609 qnid
814 538 870 603 eat,
896 536 976 608 Μ
1000 536 1137 600 um?
1175 534 1305 603 'ferunt

146 626 249 690 Andr.
274 625 299 706 1,
323 632 353 706 Ι,
378 634 433 693 14:
466 634 570 693 sitibi
597 634 669 707 quid
691 633 751 705 Μ
769 641 822 693 ant
841 633 925 705 sacia
945 633 1166 707 maturant
1211 632 1305 713 Mt,

149 730 186 787 7:
221 730 351 795 nemost,
373 744 458 801 Μ
479 729 582 788 mutim
604 732 742 791 omnium.
788 726 868 792 Cum
890 729 1033 809 perfectu
1054 727 1134 793 Cute
1156 728 1193 793 R.
1218 730 1254 794 R
1277 746 1305 796 c.

149 828 184 885 5:
207 824 380 885 consideret
400 843 479 901 quae
497 828 636 887 aoniam
655 828 855 904 rapacum,
878 828 963 900 uiuat.
1005 826 1072 890 lu:
1102 829 1192 906 Quod
1208 832 1306 891 domi·

149 939 207 981 nuc
236 920 408 999 crediderit,
436 925 543 997 αἱμα.
587 921 734 987 Pertinet
761 922 825 987 huc
848 922 944 986 etiam
967 925 1045 998 quia
1059 921 1165 987 iiiuut.
1188 924 1305 992 saecu

149 1014 341 1118 1V‚e,sa:
371 1022 454 1082 Nihil
478 1026 526 1082 eat
550 1024 678 1094 illerum,
700 1022 775 1095 qaia
801 1040 856 1099 ego
879 1023 929 1082 illi
958 1022 1096 1082 measa.
1142 1021 1222 1087 Cum
1248 1024 1306 1088 inlr

149 1112 293 1196 perfecto
324 1115 530 1181 comitianali
555 1116 682 1182 Terent.
711 1116 792 1181 Eun.
823 1116 882 1197 111,
907 1125 936 1196 5,
966 1122 1021 1182 13:
1054 1122 1190 1189 liencurt,
1219 1137 1307 1197 quem

150 1229 208 1285 ege
239 1215 375 1273 nunciam
406 1218 500 1291 magis
529 1233 662 1290 cuperem
690 1219 790 1276 uidere
818 1234 905 1292 qaam
935 1225 974 1276 te.
1021 1214 1101 1279 Cum
1123 1215 1306 1297 plusquam·

151 1304 297 1386 perfecto
318 1307 398 1372 Cato
421 1315 508 1374 'crat
531 1310 571 1375 de
599 1315 706 1376 sumtu
735 1329 793 1375 suo
816 1313 867 1390 ap'.
890 1310 1042 1375 Fronton.
1067 1330 1116 1392 cp.
1144 1313 1185 1379 ad
1209 1316 1308 1379 Ante·

151 1404 217 1467 niu.
243 1404 297 1468 lib.
325 1404 351 1485 1,
375 1416 404 1484 Ι1,
425 1425 457 1488 p.
489 1414 563 1473 109:
595 1413 731 1483 Videris,
761 1428 820 1485 que
848 1414 915 1471 loce
941 1429 990 1471 raa
1016 1412 1139 1487 publica
1164 1414 1237 1489 siet,
1264 1415 1309 1473 uti

153 1503 232 1574 quod
262 1506 306 1562 rei
330 1507 469 1579 publicae
491 1508 570 1567 bene
592 1508 739 1585 seciam,
771 1509 850 1567 unde
876 1510 1003 1582 gratiam
1029 1510 1197 1584 capiebam,
1230 1528 1308 1572 nunc

153 1599 234 1658 idem
261 1602 335 1659 iilud
362 1620 526 1663 memorare
556 1624 614 1665 nan
642 1605 748 1672 audeo,
779 1622 815 1664 ne
839 1606 968 1666 invidiae
991 1608 1058 1665 ciet
1102 1602 1308 1671 lucratione

153 1694 285 1772 oblique
311 1713 502 1778 praegressa
527 1697 581 1763 ini.
609 1699 760 1765 namuco
788 1700 891 1764 Plant.
923 1699 1020 1765 Marc.
1048 1700 1074 1779 i,
1104 1706 1132 1780 1,
1161 1706 1202 1767 ὅθ
1223 1719 1309 1784 sqq:

156 1810 333 1868 expromere
353 1826 396 1840 «-
419 1799 576 1859 Rationem
607 1817 774 1874 pessumam
799 1816 880 1875 esse,
913 1818 949 1860 ea
975 1815 1052 1872 μοι
1078 1802 1161 1875 ipsus
1189 1810 1311 1877 optuma

156 1885 260 1953 Omnis
284 1894 400 1954 iabores
422 1896 581 1957 mimi
600 1894 767 1970 perferens,
784 1889 908 1956 'Amoris
931 1900 960 1956 ri
982 1898 1175 1959 diffunditari.
1211 1896 1310 1961 Dein

156 2002 233 2068 ceps
262 1993 441 2067 sequuntur
462 1989 822 2071 plusquamperfectum,
846 1990 908 2054 int.
931 1991 1209 2071 pempmrasticum,
1239 2013 1311 2074 per·

155 2077 277 2146 fectum
305 2083 419 2167 fragm.
449 2086 527 2152 Cist.
552 2091 631 2168 Aug.
656 2088 729 2160 Mai.
754 2104 784 2167 p.
807 2094 885 2152 485:
924 2091 1007 2163 Quae
1038 2092 1109 2150 mitri
1139 2097 1213 2156 cest
1238 2110 1313 2153 cocus

156 2184 301 2246 mundata
314 2193 352 2246 ‘et
373 2206 456 2248 meae
480 2187 550 2247 fidei
573 2185 749 2263 mereatu,
774 2189 856 2262 Quae
880 2191 955 2246 essct
974 2194 1105 2247 aetatem
1126 2205 1242 2249 mecum
1259 2207 1312 2255 eu·

157 2288 279 2355 actura,
302 2301 415 2344 meeum
439 2287 469 2345 in
494 2287 682 2345 matrimonio
707 2286 860 2358 Oempcctu
885 2285 932 2350 sit,
955 2300 1064 2357 capere
1086 2289 1206 2357 eportet
1250 2284 1314 2348 im*

158 2378 337 2457 perfeetum
366 2399 437 2444 cnm
471 2379 786 2460 plusquamperfecto
811 2380 892 2443 Eun.
920 2377 959 2444 ir.
988 2379 1140 2444 Hecubae
1169 2384 1223 2445 io:
1260 2384 1314 2445 set

158 2496 317 2554 numquam
345 2481 485 2555 eripere,
514 2484 563 2556 qui
586 2491 741 2556 parentem
771 2487 823 2540 aut
849 2480 997 2554 hospitem
1020 2475 1178 2548 Nemaea,
1204 2482 1314 2558 isque

160 2583 297 2640 cruciata
320 2580 488 2651 pausaret.
531 2575 715 2641 Perfectum
746 2594 817 2641 cum
845 2574 1009 2655 praeacuti
1038 2573 1141 2639 Piant
1170 2574 1264 2642 Most.
1285 2577 1315 2658 Ι,

162 2684 191 2754 3,
220 2683 231 2739 l
259 2693 321 2753 sq:
357 2678 416 2734 iem
447 2678 562 2748 pridem
590 2687 708 2738 ecastor
738 2677 847 2751 frigida
873 2692 931 2734 nun
958 2674 1023 2733 iuvi
1046 2675 1139 2748 magis
1161 2677 1315 2751 ‘lubentem

161 2781 227 2838 Nec
250 2775 330 2849 qued-
350 2791 398 2830 me
421 2773 536 2845 meiius,
558 2792 626 2832 mea
642 2775 766 2849 Scapha,
790 2789 863 2832 rear
877 2789 942 2831 ease
959 2771 1124 2830 deflectam.
1149 2771 1246 2846 (Beer
1261 2787 1317 2851 pn·

162 2870 288 2936 tentiali
322 2865 552 2948 significatione
584 2886 716 2948 prorsus
750 2873 875 2948 spectet
909 2866 948 2930 ad
982 2872 1111 2945 tempus
1144 2875 1316 2946 praesens).

162 2971 290 3034 Terent
313 2965 439 3029 Pharin.
463 2964 518 3042 IV,
544 2971 573 3045 3,
596 2971 654 3029 42:
686 2969 837 3027 imme
864 2983 941 3039 qaue
966 2969 1065 3026 dotem
1083 2970 1174 3038 petat.
1211 2965 1317 3040 (Actia

163 3064 294 3148 petendi
324 3067 449 3142 spectat
471 3063 567 3126 etiam
591 3064 631 3125 ad
654 3066 780 3140 tempus
804 3061 980 3141 praesens).
1026 3062 1103 3126 Huc
1126 3059 1181 3138 iv,
1207 3069 1235 3141 l,
1259 3066 1316 3126 58:

164 3183 261 3240 neque
289 3163 452 3221 detractum
481 3165 509 3220 ei
537 3167 580 3220 est
601 3165 769 3236 quicquam,
800 3159 852 3232 φα·
873 3166 943 3234 pust
960 3160 1057 3232 praeit
1076 3162 1158 3218 uesci
1182 3163 1231 3235 qui
1254 3161 1315 3223 eid.

166 3262 247 3325 Cnrn
278 3258 421 3338 perfecte
449 3257 551 3320 Piaut.
580 3257 667 3320 Asin.
691 3254 750 3334 ΙΙΙ,
775 3261 804 3334 2,
832 3259 886 3317 26:
919 3257 978 3317 uui
1005 3254 1149 3315 creditam
1174 3257 1253 3329 quod
1280 3257 1321 3318 sit

165 3362 222 3422 tibi
252 3359 353 3417 datum
381 3376 447 3417 esse
472 3358 657 3430 macaria
701 3353 781 3417 Rud.
806 3351 832 3428 I,
856 3357 886 3431 2,
910 3355 951 3414 40
973 3365 1057 3429 sqq:
1091 3353 1148 3413 Hic
1176 3354 1257 3427 dico,
1288 3356 1319 3414 iu

166 3459 268 3518 ianam
291 3456 417 3515 Veneris
440 3455 703 3526 quinqueremes
726 3453 808 3511 Duas
832 3467 930 3511 secum
953 3449 1082 3512 aduam
1101 3451 1210 3525 quique
1234 3451 1322 3511 ader·

165 3555 251 3614 aurit
280 3555 336 3612 sibi
358 3553 399 3612 Ut
426 3570 489 3611 rem
517 3553 644 3611 divinam
673 3549 765 3610 faciat
788 3548 948 3609 anthedie
972 3548 1121 3606 antheri.
1176 3544 1322 3611 Pendent

166 3651 247 3715 haec
275 3665 315 3710 ex
343 3647 450 3709 verbis
477 3647 693 3726 praegressis:
727 3649 859 3722 Ecquem
891 3654 923 3704 tu
950 3646 999 3703 hie
1028 3645 1155 3716 uiderim
1190 3641 1322 3709 offendit

170 3747 257 3828 qnod
281 3746 312 3808 in
336 3743 557 3808 enunciatione
581 3743 715 3808 relativa
738 3744 873 3823 primum
897 3739 1096 3818 indicativus,
1118 3738 1233 3805 deinde
1249 3759 1323 3806 con-

168 3843 331 3907 iunctives
369 3840 500 3921 perfecti
538 3840 662 3920 pesitus
699 3846 758 3904 est.
809 3835 990 3903 Perfectum
1027 3853 1098 3900 cum
1135 3836 1324 3918 imperfecte

169 3941 259 4004 Pers.
284 3939 309 4015 1,
335 3945 363 4013 3,
388 3943 441 4002 38:
476 3941 602 4001 Maniae·
630 3946 663 3998 et
688 3942 764 4011 scic,
796 3940 836 3998 Et
864 3947 895 3998 te
922 3955 969 3995 mc
997 3952 1084 3998 erare
1112 3943 1145 3996 ct
1170 3939 1324 4000 mihinam

171 4057 238 4100 esse
262 4038 339 4111 quud
360 4038 469 4099 deren.
512 4025 744 4105 Ἀνακολούθως
766 4035 884 4098 dictum
910 4039 960 4095 est
982 4051 1001 4094 a
1023 4031 1172 4096 Terentio
1196 4032 1323 4097 Pherm.

172 4135 214 4212 II,
240 4142 267 4212 3,
292 4139 346 4198 33:
384 4137 476 4208 Quem
509 4137 633 4194 amicum
666 4141 745 4192 tuom
773 4143 819 4194 ais
847 4132 939 4192 inisse
961 4132 1058 4206 istum,
1087 4133 1214 4206 explana
1244 4134 1325 4207 mihi,

172 4237 214 4294 Et
236 4234 287 4306 qai
310 4231 394 4304 (abl.)
417 4240 572 4307 cognatum
603 4249 649 4291 me
678 4233 735 4291 sibi
761 4247 828 4291 esse
851 4230 971 4295 diceet,
997 4225 1051 4290 ubi
1078 4244 1136 4305 per
1163 4227 1327 4292 attractio-

1077 4338 1120 4404 7*
