3125 5075
508 529 599 571 0⁸81ss
612 531 882 576 BUMTAM'IVORUU.
897 556 922 566 -
934 536 1071 578 ΔΟΟΠΜ.
1297 547 1357 606 183

628 703 660 767 (i.
704 681 922 772 documtivuv.

290 795 324 861 In
342 796 478 864 diversis
497 802 673 866 accusativi
693 804 865 883 generibus
885 807 1078 887 exponendis
1099 807 1218 871 iterum
1241 824 1359 886 sequar

228 891 387 960 ltoobsium
430 894 500 960 lam
523 914 632 979 supra
654 918 727 965 cnm
748 902 789 966 de
809 902 949 969 ablativo
971 905 1155 986 agebamus,
1179 911 1246 970 tres
1261 905 1354 985 quasi

227 990 319 1059 formas
336 994 473 1075 cogitari
493 1013 591 1077 posse
612 997 789 1078 docuimus,
813 1000 845 1064 in
865 1003 981 1082 quibus
1000 1002 1135 1067 verbum
1157 1003 1189 1067 in
1205 1002 1356 1068 enuncia·

153 1109 158 1116 ·
226 1088 289 1156 ioue
307 1091 449 1172 positum
472 1109 545 1160 esse
566 1097 705 1175 spectari
728 1101 844 1177 potest.
887 1098 955 1163 Iam
986 1100 1091 1179 prima
1116 1098 1221 1164 torma
1250 1100 1278 1165 si
1301 1117 1359 1181 po·

153 1213 156 1218 ·
223 1186 268 1253 s'ts
290 1189 470 1271 cogitatur,
503 1191 640 1258 vidimus
673 1211 713 1258 ea
739 1211 821 1273 quae
853 1197 894 1260 ad
927 1195 1147 1277 praedicatum
1178 1198 1358 1263 accuratius

222 1286 458 1352 onstituendum
481 1287 643 1354 adduntur
664 1292 799 1368 nomina,
823 1295 897 1373 poni
918 1294 951 1358 in
973 1293 1123 1358 ablativo.
1161 1293 1195 1358 Si
1210 1295 1242 1357 in
1256 1293 1360 1360 altera

220 1378 305 1448 torma
324 1386 469 1465 positum
491 1404 564 1452 esse
584 1387 716 1453 verbum
738 1390 911 1471 cogitatur,
934 1399 971 1457 ut
991 1390 1148 1456 ardonem
1170 1395 1204 1456 et
1224 1389 1359 1456 efficaci·

220 1483 303 1547 tatem
325 1483 419 1565 quasi
441 1484 577 1551 subiecti
600 1486 772 1566 exprimat,
800 1506 839 1551 ea
860 1489 1000 1568 nomina,
1028 1505 1110 1569 quae
1132 1488 1173 1552 ad
1195 1487 1360 1567 praedica·

216 1580 270 1643 tum
295 1582 480 1647 accuratius
506 1582 764 1649 constituendum
799 1591 832 1648 et
861 1586 1082 1666 complendum
1109 1586 1201 1666 quasi
1232 1586 1359 1650 demum

210 1676 380 1759 adduntur,
417 1685 581 1760 ponuntur
607 1681 640 1743 in
669 1686 845 1746 maeatae.
889 1683 1073 1749 Subiectum
1102 1701 1170 1763 rea,
1203 1701 1285 1763 quae
1318 1681 1360 1746 ad

206 1775 644 1855 complendam-sententiam
673 1780 904 1845 enunciationis
932 1780 1110 1859 adduntur,
1142 1780 1202 1845 sibi
1230 1780 1358 1844 subiicit

205 1874 294 1950 quasi
316 1873 426 1954 plane,
455 1874 502 1938 ita
524 1880 560 1937 ut
583 1882 670 1939 totae
698 1895 737 1940 ex
760 1875 816 1941 illo
837 1879 998 1957 pendeant
1020 1878 1152 1958 eiusque
1175 1878 1299 1943 actione
1323 1882 1356 1941 et

205 1968 396 2036 efficacitate
417 1976 452 2036 et
473 1973 557 2037 actio
577 1973 734 2038 obiectum
755 1993 847 2039 suum
868 1976 958 2055 quasi
980 1994 1114 2057 prorsus
1134 1974 1357 2055 amplectatur.

201 2064 266 2131 Sed
280 2067 399 2149 duplex
414 2071 499 2134 ratio
514 2076 622 2151 potest
636 2070 835 2136 intercedere
856 2074 940 2138 inter
958 2074 1116 2138 actionem
1132 2080 1165 2138 et
1188 2072 1359 2149 obiectum,

199 2160 249 2226 ita
274 2173 311 2229 ut
336 2167 422 2231 actio
449 2168 491 2233 sit
512 2175 568 2233 aut
589 2172 735 2244 receptiva
761 2174 819 2233 aut
843 2173 1030 2245 productiva.
1075 2170 1250 2250 Receptiva
1275 2168 1360 2235 actio

202 2272 255 2327 ost
275 2263 360 2342 talis,
383 2264 475 2330 cuius
497 2265 623 2331 obiecta
645 2272 737 2331 extra
757 2265 875 2332 limites
890 2269 980 2348 quasi
1002 2274 1035 2331 et
1055 2264 1134 2331 fines
1155 2267 1288 2332 aetionis
1303 2283 1359 2346 po·

203 2360 268 2425 sita
287 2368 373 2440 sunt,
396 2362 442 2426 ita
463 2367 501 2426 ut
521 2363 577 2427 illa
597 2365 688 2428 initio
710 2364 773 2428 vim
797 2382 948 2429 exercere
967 2364 1000 2427 in
1023 2382 1062 2428 ea
1081 2381 1143 2427 non
1166 2364 1308 2445 potuerit
1326 2368 1360 2428 et

204 2463 316 2536 postea
338 2459 466 2523 demum
490 2479 529 2525 ea
551 2461 791 2543 complectatur.
838 2458 960 2525 Contra
981 2461 1170 2542 productiva
1196 2461 1279 2523 actio
1311 2463 1361 2523 est

204 2558 292 2634 talis,
327 2575 410 2638 quae
432 2575 483 2636 ea,
520 2577 601 2638 quae
623 2560 664 2624 ab
686 2560 777 2623 initio
799 2577 862 2623 non
885 2565 977 2623 extra
1004 2560 1107 2638 ipsam
1130 2559 1236 2637 posita
1258 2562 1359 2634 erant,

209 2655 355 2732 producit
376 2655 514 2721 demum.
560 2657 692 2723 Obiecta
707 2658 776 2722 eius
792 2661 866 2721 ante
885 2658 986 2736 ipsam
1002 2654 1097 2737 plane
1118 2673 1180 2718 non
1196 2653 1358 2732 extabant,

211 2753 263 2816 aad
284 2753 440 2834 originem
471 2771 561 2818 suam
589 2761 622 2820 et
649 2753 769 2819 iontem
797 2754 889 2833 quasi
918 2771 957 2818 ex
983 2754 1055 2835 ipsa
1076 2751 1214 2818 subiecti
1236 2752 1360 2816 actione

212 2857 370 2930 repetunt,
402 2868 441 2916 ex
463 2870 502 2916 ea
522 2854 682 2934 prodeunt
703 2857 737 2916 et
759 2851 854 2916 simul
876 2869 948 2917 cum
971 2869 1010 2916 ea
1031 2855 1214 2916 nascuntur.
1259 2849 1360 2913 Porro

212 2948 498 3013 comsubstantiva
520 2951 646 3030 generis
674 2950 822 3015 neutrius
851 2948 1040 3029 plerumque
1068 2966 1150 3027 rem,
1184 2946 1361 3011 masculina

210 3053 239 3110 et
259 3046 411 3111 feminina
432 3047 533 3128 magis
562 3065 729 3127 personam
757 3046 937 3126 significent
963 3046 1169 3127 hominesque
1197 3045 1361 3110 adsuetis-

209 3152 277 3208 sent
298 3144 463 3207 notionem
494 3144 541 3209 rei
567 3150 601 3210 et
627 3145 743 3210 obiecti
770 3145 905 3209 actionis
931 3145 1138 3224 productivae
1167 3143 1361 3223 cogitatione

208 3241 398 3323 coniungere
421 3247 454 3306 et
476 3243 567 3321 quasi
590 3241 745 3321 conflare,
777 3240 992 3321 factumest,
1028 3247 1063 3306 ιιι
1091 3242 1124 3305 in
1152 3239 1361 3305 substantivis

207 3339 326 3403 neutris
349 3357 390 3403 ea
411 3356 504 3404 casus
526 3339 636 3419 forma,
660 3357 743 3420 quae
762 3339 893 3420 proprie
914 3347 985 3403 erat
1004 3339 1106 3402 forma
1128 3337 1244 3402 obiecti
1259 3339 1360 3402 actio·

206 3437 252 3500 nis
272 3434 497 3516 productivae,
520 3438 727 3503 stabilitatem
750 3437 908 3518 quandam
936 3436 1177 3500 nancisceretur
1207 3446 1241 3499 et
1262 3434 1360 3498 etiam

205 3533 264 3597 alii·
277 3552 392 3612 casus,
421 3535 633 3599 nominativus
655 3541 688 3600 et
710 3536 875 3600 vocativus
897 3551 937 3598 ea
959 3532 1221 3612 exprimerentur.
1267 3530 1361 3596 Multi

206 3630 351 3695 infinitivi
373 3630 423 3695 vel
446 3631 592 3697 absolute
615 3633 712 3713 positi
734 3632 786 3696 vel
809 3630 970 3697 coniuncti
992 3647 1063 3694 cum
1086 3626 1279 3707 praedicatis
1303 3646 1358 3709 ge-

206 3730 287 3793 neris
311 3728 480 3793 masculini
502 3730 534 3792 in
557 3731 740 3795 accusativo
762 3729 876 3810 positis
898 3733 949 3803 tut
970 3732 1133 3789 arontam
1156 3744 1223 3794 csse,
1245 3727 1362 3788 doctam

205 3829 310 3901 oderi)
328 3827 568 3907 usurpabantur
580 3832 618 3891 ut
632 3827 834 3892 substantiva
848 3825 975 3908 generis
991 3823 1148 3902 neutrius,
1164 3841 1247 3903 quae
1264 3840 1361 3888 causa

206 3925 298 3989 etiam
321 3928 374 3988 est
392 3924 637 3990 constructionis
658 3928 819 3987 ocoaatici
834 3945 901 3987 com
914 3926 1072 3997 iotivioco,
1094 3922 1162 3986 sive
1182 3920 1362 3984 subiectum

209 4029 252 4086 est
267 4022 505 4087 enunciationis
521 4022 588 4087 sive
604 4021 775 4099 obiectum,
799 4022 853 4103 qui
869 4038 997 4102 semper
1012 4020 1174 4100 cogitatur
1188 4016 1261 4096 tale,
1277 4017 1363 4097 quod

210 4116 355 4184 ellectum
376 4129 409 4184 et
431 4120 522 4198 quasi
545 4119 736 4199 productum
758 4120 803 4184 sit
824 4118 930 4184 activa
956 4125 990 4182 et
1018 4115 1140 4181 ellicaci
1169 4114 1363 4197 cogitatione

212 4214 276 4280 eius
300 4216 355 4296 qui
378 4214 520 4295 loquitur
540 4216 591 4282 vel
614 4216 697 4281 alius
719 4216 884 4281 cuiusdam
907 4215 1051 4293 subiecti,
1074 4232 1137 4294 quo
1160 4214 1280 4279 lactum
1303 4217 1362 4292 est,

213 4318 242 4375 ut
263 4314 297 4378 in
326 4314 387 4378 bac
413 4314 651 4380 constructione
680 4315 876 4379 retineretur
903 4313 1110 4377 accusativus.
1157 4309 1364 4376 substantiva

216 4423 361 4484 personas
383 4408 595 4492 significantia
616 4410 720 4476 forma
741 4411 871 4475 diversa
893 4417 981 4488 sunt,
1016 4409 1043 4474 si
1070 4409 1249 4474 subiectum
1279 4415 1313 4472 et
1334 4409 1364 4474 si

221 4505 371 4572 obiectum
392 4506 582 4590 significant
604 4508 790 4573 nominativi
812 4525 890 4588 ergo
911 4505 1014 4572 forma
1033 4507 1097 4570 alia
1121 4513 1172 4570 est
1193 4512 1290 4587 atque
1311 4523 1364 4571 ac·
