3125 5075
504 368 593 407 Cusus
609 367 877 406 SUBSTANTIVORUM.
893 388 916 396 -
933 367 1071 405 stoloni&
1302 372 1364 430 239

208 542 262 604 to:
296 537 369 619 „Ex
388 539 556 606 veteribus
577 540 679 620 aolus,
710 540 795 621 quod
817 542 933 619 scium,
965 538 1099 604 Plautus
1121 536 1220 602 verbo
1239 540 1365 601 uetur

204 634 334 719 postire
354 635 489 703 autore
533 637 629 704 Most.
645 638 688 718 Π,
706 643 734 716 2,
752 642 808 704 89:
832 642 886 701 Set
906 649 939 700 tu
954 640 1083 700 etiamne
1100 643 1192 711 astas,
1215 655 1271 697 nec
1287 654 1362 713 quae

203 737 272 798 dico
293 737 513 813 optemperare?
534 738 593 815 (ac.
610 735 668 814 co.)
697 735 811 816 Amph.
827 734 854 814 I,
872 741 899 814 l,
916 740 992 800 293:
1014 736 1081 796 Non
1104 752 1159 810 ego
1181 735 1228 796 illi
1250 744 1363 812 optem·

200 851 276 911 pero
299 833 380 909 quod
402 835 543 912 loquitur.
580 833 623 914 II,
641 838 671 912 2,
695 836 771 897 192:
796 838 845 911 qui
867 836 938 895 illut
958 834 1036 909 quod
1059 851 1114 909 ego
1137 833 1233 893 dicam
1256 834 1362 892 adseu-

202 934 287 992 t‘nnt.
318 929 419 996 merc.
434 930 479 1011 ΙΙ,
495 935 524 1011 3,
541 935 595 997 62:
617 935 708 994 Nihil
728 941 817 1009 opust
839 935 924 995 nobis
948 933 1067 1005 ancilla,
1091 933 1149 993 nisi
1172 948 1246 1006 quae
1271 937 1363 1002 tonat,

204 1046 278 1106 quse
300 1031 406 1091 molat.
449 1046 480 1093 v.
496 1033 554 1093 87:
575 1031 654 1093 uiuit
674 1034 751 1093 istoc
774 1040 872 1107 opust.
916 1026 955 1107 V,
971 1033 1072 1107 4,44;
1096 1029 1184 1088 Nutu
1204 1036 1294 1104 opust
1315 1046 1361 1088 re·

207 1128 326 1189 educat.
371 1124 468 1190 Most.
483 1125 523 1205 V,
540 1132 569 1207 2,
592 1133 646 1193 53;
669 1131 759 1190 Nihil
778 1137 868 1205 opust
889 1128 1034 1203 profecto.
1081 1125 1168 1188 Pers.
1184 1123 1240 1202 IV,
1258 1130 1286 1199 3,
1303 1127 1361 1186 61:

206 1226 246 1286 αἶ
273 1228 316 1285 mi
343 1230 431 1299 epact
451 1226 569 1288 Litibus
597 1246 694 1304 neque
721 1230 815 1288 tricis.
861 1224 932 1289 Aul.
955 1223 1034 1304 prol.
1062 1242 1091 1286 v.
1118 1227 1171 1286 10:
1205 1225 1361 1297 Nunquam

207 1323 337 1384 indicare
359 1323 394 1381 td
414 1322 476 1383 tilio
498 1326 592 1385 voluit
614 1344 676 1401 suo,
699 1324 765 1404 ubi,
788 1322 1053 1403 quemadmodum
1070 1319 1237 1385 Goellerus
1260 1319 1362 1395 docet,

209 1429 279 1482 sunt
305 1417 362 1498 qui
388 1419 423 1479 u
448 1435 511 1483 nou
541 1418 682 1486 referant
708 1422 749 1486 ad
778 1425 985 1488 thensaurum,
1020 1418 1076 1484 sad
1104 1417 1261 1498 explicent
1288 1433 1360 1496 per:

207 1523 320 1591 propter
346 1519 387 1577 ot.
431 1515 546 1581 Pseud.
570 1517 596 1597 Ι,
624 1525 650 1597 Ι,
676 1524 731 1585 Ι2;
765 1523 854 1581 Nihil
882 1521 938 1581 hoc
961 1521 1040 1580 Iovis
1063 1520 1101 1578 ad
1123 1518 1263 1578 iudicium
1292 1519 1360 1576 atti-

212 1626 263 1675 net.
307 1613 405 1678 Poen.
420 1612 448 1694 Ι,
465 1620 495 1695 3,
513 1620 566 1680 ll:
590 1637 669 1680 nnnc
692 1621 770 1680 uilrr'l
791 1621 940 1691 obsecras,
964 1614 994 1679 h.
1011 1632 1037 1678 e.
1059 1612 1182 1678 frustra
1204 1631 1265 1678 sec.
1289 1614 1360 1678 Act-

211 1709 329 1775 dulium.
375 1711 493 1778 Bacch.
505 1711 561 1794 IV,
579 1719 628 1795 10,
647 1720 703 1780 lo:
726 1718 831 1792 ecquid
852 1734 919 1778 eum
940 1718 980 1775 mi
1003 1717 1041 1775 ad
1062 1714 1176 1789 frugem
1200 1728 1293 1787 opera
1309 1730 1361 1772 sua
1454 1737 1459 1746 ·

212 1813 382 1885 conpulerit.
426 1809 542 1876 Bacch.
555 1829 583 1875 v.
599 1818 696 1879 1175:
719 1818 806 1891 iqur'd
820 1818 863 1877 vie
887 1817 1005 1891 (mente
1027 1811 1124 1875 addc:
1147 1812 1359 1884 corruet-trare)

214 1906 295 1968 ilium
319 1910 535 1986 concastigato.
581 1911 654 1976 Aul.
676 1910 719 1991 ΙΙ,
743 1916 773 1991 2,
797 1917 853 1979 89:
886 1915 927 1973 Id
946 1915 1056 1985 inhiat,
1085 1908 1139 1975 ubi
1161 1912 1194 1969 td
1215 1925 1273 1988 pro
1294 1909 1360 1968 idco

211 2004 342 2082 positum
367 2022 440 2070 esse
463 2011 586 2088 potest,
614 2008 652 2074 ci.
672 2008 811 2075 Goeller.
835 2009 948 2090 Amph.
970 2008 997 2087 I,
1022 2014 1049 2086 l,
1076 2013 1129 2071 ll:
1154 2009 1236 2069 Idem
1260 2024 1358 2067 noune

210 2106 394 2165 remittere
416 2106 470 2166 loo
493 2108 553 2167 luci
574 2109 708 2184 potuitl,
734 2107 790 2172 nbi
811 2107 992 2172 dubitatum
1014 2111 1074 2183 ast,
1098 2113 1206 2169 utrum
1229 2108 1283 2166 hoc
1304 2104 1359 2167 ad·

210 2200 345 2266 veroium
370 2199 432 2265 loci
455 2207 555 2281 esset,
590 2221 632 2268 an
659 2233 704 2255 =
731 2205 772 2270 ob
795 2204 871 2283 hoc,
903 2204 990 2283 ideo,
1020 2223 1049 2267 v.
1073 2203 1203 2269 Gruter.
1228 2222 1255 2266 v.
1283 2206 1357 2265 191:

208 2301 346 2373 numque
367 2318 446 2361 nunc
469 2320 502 2362 es
525 2300 657 2366 certior?
692 2302 750 2383 ΠΙ,
774 2308 805 2383 2,
828 2307 885 2367 28;
909 2307 950 2365 Et
970 2306 1004 2364 id
1025 2305 1082 2364 huc
1105 2304 1217 2363 revorti
1238 2304 1281 2361 uti
1304 2320 1357 2375 pu·

206 2398 327 2474 rigarem
350 2416 400 2459 mc
422 2400 487 2474 tibi,
510 2396 540 2462 h.
562 2417 588 2463 e.
612 2404 745 2481 propter
766 2401 809 2466 id.
853 2400 945 2466 Truc.
963 2399 1005 2479 ΙΙ,
1029 2405 1058 2479 6,
1082 2404 1138 2464 24;
1163 2400 1266 2473 ecquid
1287 2399 1359 2457 mihi

206 2496 341 2559 similist?
385 2494 473 2561 Asin.
489 2494 515 2572 Ι,
532 2500 562 2577 2,
578 2503 635 2565 23;
656 2502 744 2562 viden
768 2508 802 2562 ut
824 2520 861 2563 ne
883 2502 917 2561 ld
938 2501 1057 2577 quidem
1079 2517 1125 2561 me
1149 2499 1267 2574 dignum
1291 2514 1358 2557 esse

204 2595 370 2659 existumat.
416 2593 532 2659 Pseud.
555 2595 612 2676 IV,
636 2603 663 2677 Ι,
686 2603 740 2664 26;
775 2619 843 2661 narn
873 2603 900 2662 si
922 2607 1059 2675 exoptem
1087 2601 1232 2673 quandem
1254 2598 1358 2670 dignus

204 2708 240 2754 es.
283 2690 379 2773 Gapt.
396 2691 435 2772 V,
451 2697 481 2771 2,
500 2698 555 2758 16:
577 2699 644 2758 Nou
666 2717 714 2759 me
737 2716 843 2760 censes
866 2700 943 2758 scire
967 2699 1040 2772 quid
1060 2697 1168 2770 <liquos
1189 2694 1295 2768 sienni,
1317 2690 1358 2754 ad

203 2802 230 2867 q.
250 2788 270 2852 l.
293 2788 549 2857 Lindemannus:
585 2796 816 2873 „Accusativus
838 2795 927 2872 inde,
961 2793 1045 2874 quod
1068 2795 1175 2867 dio-reus
1196 2790 1356 2853 notionem

203 2886 283 2952 rucis
306 2891 435 2950 meritus
456 2891 587 2970 accepit.
612 2891 701 2957 Solet
716 2893 799 2956 enim
815 2889 894 2970 fieri,
918 2900 954 2956 ut
976 2890 1082 2967 verba,
1105 2906 1202 2969 quum
1225 2888 1256 2951 in
1280 2887 1357 2951 alio-

200 3001 265 3049 rum
287 2986 454 3051 notionem
486 2993 667 3068 transeunt,
702 2991 798 3055 etiam
820 2996 1015 3056 structuram
1043 2990 1198 3052 mutent.·‘
1243 2985 1356 3066 Amph.

203 3079 237 3151 V,
259 3090 285 3160 Ι,
310 3088 369 3148 48;
394 3088 457 3146 Iam
478 3089 555 3149 istuc
577 3091 700 3164 gaudeo.
739 3089 826 3154 Asin.
840 3088 865 3165 Ι,
891 3093 918 3165 l,
941 3093 996 3153 61:
1018 3092 1059 3149 Et
1080 3090 1113 3148 tt
1135 3105 1189 3161 ego
1212 3089 1356 3161 percupio

204 3185 324 3258 opsequi
347 3192 439 3258 gnato
462 3202 536 3247 meo.
582 3185 669 3249 Asin.
693 3185 752 3264 ΙΙΙ,
780 3193 806 3264 l,
831 3193 863 3250 t:
897 3190 1000 3263 Neque
1028 3203 1102 3259 quoe
1131 3193 1211 3244 recte
1241 3184 1357 3243 fuciunt

206 3282 286 3356 rupo
310 3300 409 3358 neque
433 3301 508 3357 quac
531 3285 706 3360 delinquont
728 3303 809 3358 amo,
839 3284 879 3347 ad
909 3301 938 3362 q.
969 3282 988 3345 Ι.
1011 3282 1137 3346 Douza:
1170 3282 1358 3354 ..inquibus

206 3379 236 3438 ut
259 3377 301 3441 ad
333 3386 488 3457 parentes
515 3380 704 3446 referatur.“
750 3381 830 3445 liud.
858 3382 883 3457 Ι,
915 3387 943 3453 3,
973 3385 1028 3443 12ε
1061 3383 1114 3440 Set
1142 3381 1174 3438 id
1200 3382 1225 3440 si
1251 3390 1355 3454 parate

210 3479 298 3537 curavi
320 3486 355 3539 ut
374 3495 516 3543 carmem.
560 3479 676 3545 Pseud.
699 3479 759 3559 III,
784 3485 812 3558 2,
839 3484 913 3544 104:
939 3479 1078 3540 Proiecto
1100 3480 1172 3552 quid
1194 3496 1271 3537 nunc
1294 3478 1355 3551 pri·

210 3587 271 3634 num
296 3593 420 3636 coccam
442 3580 553 3638 nescio.
592 3578 685 3642 Most.
710 3578 735 3658 1,
761 3585 789 3657 3,
819 3583 892 3643 148;
919 3582 1004 3639 Hocc
1025 3580 1075 3653 qui
1098 3578 1236 3654 gaudent.
1274 3572 1355 3636 llud.

212 3662 240 3745 Π,
262 3677 291 3746 3,
315 3677 374 3736 66:
397 3675 440 3734 Id
460 3678 570 3738 misera
592 3683 744 3746 moestost,
767 3681 830 3740 Sibi
854 3696 954 3738 eorum
977 3679 1111 3738 evenisse
1134 3677 1278 3750 inopium,
1303 3670 1357 3736 ubi

215 3777 338 3834 mutue
359 3770 406 3836 sic
430 3771 605 3853 cogitatum
629 3780 688 3853 est,
710 3775 799 3851 quasi
823 3774 941 3838 dictum
965 3773 1006 3838 sit
1029 3778 1147 3835 moeret.
1190 3771 1261 3834 Huc
1284 3787 1357 3848 spe·

217 3868 267 3928 cut
287 3867 384 3932 etiam
407 3868 527 3934 locutio
550 3878 697 3934 auctorem
719 3892 779 3935 esse
799 3871 956 3936 nonnullis
976 3869 1054 3936 locis
1070 3889 1140 3934 cum
1157 3889 1219 3935 acc.
1237 3869 1355 3943 iuncta,

217 3963 283 4036 quod
302 3966 350 4030 ita
374 3967 549 4047 cogitatum
573 3974 638 4048 est,
662 3971 754 4050 quasi
776 3970 895 4035 dictum
918 3970 961 4035 sit
982 3972 1106 4032 suadere
1128 3968 1250 4042 aliquit.
1289 3967 1355 4030 Du·

218 4052 286 4126 biorn
312 4067 363 4129 eat
388 4062 449 4130 hoc
479 4064 511 4128 in
534 4066 603 4132 loco
626 4068 741 4132 Pseud.
765 4067 790 4144 Ι,
815 4075 843 4148 3,
867 4074 902 4132 2:
936 4070 1016 4147 Qreid
1042 4067 1138 4128 milu’s
1161 4071 1264 4128 auctor
1286 4066 1354 4124 huic

220 4164 377 4237 unietur,
401 4163 458 4229 nbi
479 4167 552 4240 quid
573 4165 668 4230 etiam
691 4185 711 4229 a
732 4170 846 4228 neroum
869 4166 1007 4246 pendere
1031 4169 1147 4245 potest.
1169 4160 1284 4226 Pseud.
1298 4159 1353 4239 IV,

222 4253 241 4328 Ι,
258 4261 307 4322 Ιθε
329 4265 405 4338 quid
425 4282 504 4324 nuuc
526 4264 623 4326 mihi's
646 4275 759 4341 auctor,
785 4267 885 4328 Simo?
928 4263 1054 4342 Fragm.
1079 4260 1156 4325 cist.
1180 4263 1262 4340 Aug.
1279 4258 1352 4339 Maj.

224 4361 328 4425 lus:
360 4364 421 4424 Sed
441 4362 517 4437 quid
539 4370 644 4424 auctor
666 4382 744 4423 nunc
772 4365 843 4423 mihi
867 4362 936 4423 cst?
980 4359 1075 4425 Poen.
1100 4358 1125 4438 Ι,
1154 4362 1183 4437 3,
1209 4364 1240 4421 1:
1274 4358 1355 4436 Quid
