3125 5075
201 351 266 413 218
497 343 562 385 OAP.
575 343 622 383 XV.
642 343 792 385 lioo'riurtn
806 342 1058 387 ΙΙΙΙΙΙΟΙΔΤΙΟΙΙΙΙ.

206 536 260 596 12;
285 550 381 609 usque
403 534 547 594 oeouttum
570 535 600 594 id
622 535 726 594 haberi
749 536 804 596 tibi
826 532 924 613 (Mon.
949 538 983 598 et
1004 531 1112 599 Gueli.
1136 550 1237 610 neque
1259 534 1291 594 id
1311 550 1357 595 oo-

200 627 338 704 cultum).
366 645 395 689 v.
427 634 478 692 ld:
516 631 604 703 sores
631 638 660 691 ta
689 635 747 692 hue
776 629 878 712 (vulg.
901 639 931 694 te
955 635 1012 694 hue
1034 628 1143 711 iuras)-
1190 648 1223 693 v.
1248 633 1303 695 27:
1323 631 1357 690 li·

201 730 280 789 deris
301 728 496 803 procreandis
520 724 580 804 (sic
603 727 709 792 Herm.
734 727 823 792 olem.
848 728 878 791 d.
902 747 942 792 m.
965 746 995 808 p.
1019 731 1098 802 30&
1122 727 1213 809 vulg.
1236 723 1358 805 prdie.)

202 824 262 904 111,
284 830 314 901 4,
339 829 372 891 3:
395 828 495 886 Veluti
518 844 563 885 me
585 827 765 899 Megadorus
787 834 915 902 temptat
936 829 1072 888 omuibus
1096 830 1244 888 miserum
1259 827 1358 898 modis,

201 939 231 986 v.
256 921 356 987 Goell.
380 926 409 1001 6,
433 926 489 986 27:
513 924 588 985 Volo
610 941 661 995 epo
684 942 721 985 ex
744 933 773 984 te
798 926 884 986 seire.
929 922 1068 989 Nonius:
1091 927 1168 987 Volo
1205 925 1287 988 seire
1308 940 1358 998 esu

200 1040 238 1084 ex
261 1031 299 1083 te.
344 1018 459 1085 Bacch.
481 1018 537 1096 IV,
560 1025 589 1097 4,
615 1024 671 1083 25:
696 1025 741 1082 Au
765 1023 913 1095 nescibas,
941 1041 1028 1098 quam
1054 1024 1119 1084 eires
1141 1022 1226 1082 arodi
1254 1023 1360 1083 homiui

200 1139 269 1181 raro
292 1128 409 1194 tempus
433 1137 465 1180 se
488 1121 583 1184 daret.
606 1133 688 1195 quae
711 1117 757 1182 sio
779 1122 855 1182 suut
876 1117 1069 1183 ordinanda:
1096 1119 1149 1183 An
1184 1117 1359 1186 nesciebas

201 1233 297 1296 quam
318 1232 390 1278 raro
414 1214 567 1279 eiusmodi
598 1221 723 1295 tempus
752 1233 787 1280 se
814 1216 923 1295 daret,
943 1234 972 1281 v.
1000 1216 1122 1280 Douza.
1177 1215 1278 1281 Most
1307 1214 1359 1291 ΙΙΙ,

203 1320 231 1390 1,
261 1319 316 1378 et:
343 1314 492 1391 Qaioooid
519 1314 625 1373 dehine
650 1314 755 1388 dicum,
786 1333 863 1376 nune
891 1316 920 1374 id
951 1321 1097 1376 certumst
1131 1317 1248 1377 dicere.
1298 1310 1359 1376 itit

201 1411 260 1487 ΠΙ,
295 1417 321 1485 1,
352 1415 431 1474 214;
459 1421 506 1471 set
532 1411 604 1483 quid
627 1411 792 1471 remisisse
816 1412 850 1471 e'd
874 1413 976 1485 refert,
1005 1431 1059 1487 ego
1089 1411 1224 1489 [neseio]
1256 1421 1359 1473 tamem

201 1509 254 1575 Sic
277 1507 507 1588 praedicatum,
533 1511 643 1585 utpote
664 1505 697 1569 iu
720 1524 782 1586 quo
805 1507 853 1571 nis
875 1510 977 1573 maior
997 1508 1101 1590 posite
1117 1510 1169 1584 sit,
1195 1512 1274 1573 ante
1288 1506 1359 1572 sule

199 1606 318 1671 ieetum
352 1610 403 1668 est
436 1605 625 1669 collecatum
659 1603 756 1668 Poen.
791 1604 829 1683 V,
855 1610 883 1684 2,
910 1610 985 1669 108:
1019 1610 1093 1669 Nam
1128 1610 1205 1668 mihi
1241 1609 1359 1669 sodrioo

201 1706 381 1781 Ampsigura
403 1704 462 1782 (Ap
493 1703 691 1778 Ampsegure)
716 1711 768 1764 tua
790 1713 886 1766 mater
909 1706 974 1766 init.
1019 1704 1080 1769 lb·:
1103 1712 1135 1782 4,
1156 1708 1218 1770 38:
1242 1705 1284 1766 Id
1301 1721 1357 1779 epo,

201 1805 258 1864 uisi
292 1803 361 1878 quid
392 1804 422 1861 di
450 1810 502 1861 eut
530 1809 673 1877 parentes
703 1801 807 1870 ierint,
841 1804 891 1878 qui
915 1803 998 1883 (Apg
1020 1804 1102 1879 quid)
1126 1821 1261 1879 sperem,
1284 1802 1357 1862 haud

201 1906 273 1964 seio.
318 1898 358 1961 H.
381 1896 400 1959 i.
423 1899 456 1956 td
477 1897 516 1960 ab
540 1896 628 1962 initio
651 1897 881 1963 enumerationis
895 1900 1036 1980 positum
1052 1904 1113 1977 est,
1137 1903 1174 1963 ut
1189 1897 1357 1977 unusquis·

200 2014 264 2079 que
286 1995 394 2061 stetim
418 1994 507 2071 sciat,
531 2011 594 2072 qus
616 1995 656 2058 de
679 2012 714 2058 re
729 2001 854 2075 agatur,
878 1996 1053 2077 eademque
1068 2014 1167 2061 sema
1183 1996 1283 2062 etiam
1310 2015 1357 2072 0⁹⁰

199 2097 263 2160 iam
286 2091 461 2158 seeundum
484 2090 589 2155 locum
612 2091 736 2156 obtinet
750 2094 938 2157 sententiae.
983 2093 1064 2158 Rnd.
1079 2092 1141 2174 ΙΙΙ,
1158 2098 1188 2173 5,
1209 2099 1248 2158 12
1264 2092 1355 2173 vulgo

198 2192 332 2274 legitur:
363 2193 395 2252 Si
423 2209 480 2251 noo
512 2200 542 2251 te
571 2192 659 2252 ludos
684 2194 831 2267 pessimos
860 2193 1010 2267 dimisero,
1038 2192 1096 2256 sed
1127 2191 1356 2257 Ambrosianus

201 2291 281 2370 Aug.
312 2288 389 2353 Maii
417 2292 461 2368 (p.
491 2286 569 2366 494)
600 2287 697 2352 hebet
725 2290 807 2349 Side
827 2307 888 2349 aon
916 2292 1003 2352 ludos
1025 2310 1054 2365 p.
1078 2294 1119 2365 d.,
1143 2293 1177 2354 et
1201 2289 1250 2354 sie
1264 2289 1354 2352 etiam

199 2385 439 2453 Fleckeisenus.
485 2384 612 2449 Terent.
644 2385 741 2449 Andr.
771 2383 797 2463 Ι,
825 2391 852 2465 1,
875 2390 909 2449 8:
939 2390 1007 2461 Eoo
1033 2396 1192 2463 postquam
1230 2396 1262 2448 te
1293 2389 1354 2448 emt

199 2485 237 2565 V,
266 2489 292 2564 l,
319 2489 352 2548 l:
378 2485 459 2547 Satis
480 2487 538 2545 iam
561 2485 643 2554 satis,
668 2485 758 2561 Simo,
781 2492 921 2561 spectata
944 2503 1015 2563 erga
1038 2491 1068 2546 te
1091 2487 1258 2546 amicitiast
1281 2503 1350 2545 mea.

201 2583 334 2663 Adelph.
357 2581 416 2659 ΙΙΙ,
441 2590 470 2657 3,
495 2587 551 2647 32:
575 2586 656 2644 Istue
680 2590 727 2642 est
750 2601 867 2657 sapere,
890 2603 947 2645 uon
977 2583 1057 2657 quod
1083 2590 1153 2644 ante
1179 2585 1271 2657 pedes
1300 2601 1355 2641 me-

193 2684 265 2744 dost
280 2683 403 2755 Videre,
428 2683 480 2742 sed
504 2684 592 2741 etiam
616 2682 668 2739 illa
691 2698 765 2754 quae
790 2680 891 2741 lutura
905 2683 1091 2756 Prospicere.
1137 2680 1290 2745 Subiecta
1303 2679 1357 2742 ini·

202 2781 246 2844 tio
271 2779 424 2843 orationis
447 2777 553 2857 posito
575 2775 817 2840 disiunctionem
842 2777 962 2842 faciunt
988 2778 1029 2841 ib.
1054 2797 1083 2842 v.
1112 2782 1154 2843 40
1185 2797 1234 2858 sq·
1266 2775 1355 2842 Haud

202 2895 276 2942 raro
306 2883 411 2941 tamen
435 2882 546 2938 contra
575 2873 690 2950 evenit,
720 2883 755 2936 ut
783 2875 1004 2953 postponendo
1032 2874 1185 2941 vocabulo
1214 2877 1264 2942 vis
1294 2874 1358 2939 eius

200 2975 385 3041 intendatur
413 2973 520 3052 itaque
548 2971 735 3051 primarium
761 2969 819 3034 fiat
846 2974 1032 3039 sententiae.
1078 2973 1130 3038 Sic
1152 2993 1239 3034 nemo
1262 2973 1357 3038 verbo

200 3072 414 3154 postpositum
438 3076 487 3135 est
511 3071 589 3134 Cato
612 3070 650 3133 R.
662 3070 699 3133 R.
723 3088 747 3134 e.
773 3075 805 3133 5:
829 3075 946 3132 Iniussu
970 3075 1080 3133 domiui
1103 3075 1212 3133 eredat
1240 3073 1356 3133 nemim.

199 3172 259 3237 lo:
283 3175 367 3233 Setui
391 3189 501 3246 sumen,
525 3172 647 3242 ciberis,
672 3201 714 3211 -
736 3170 854 3231 dederit
875 3172 996 3228 nemini.
1046 3168 1258 3233 Substantivo
1288 3186 1358 3242 suo,

199 3269 241 3334 sd
269 3269 354 3349 quod
381 3267 531 3348 pertinet,
563 3266 667 3330 Pleut.
697 3265 786 3330 Asin.
814 3265 869 3340 IV,
898 3272 924 3345 1,
962 3274 1008 3343 11,
1028 3267 1105 3330 item
1130 3284 1156 3328 v.
1182 3272 1241 3331 23:
1267 3270 1358 3328 vocat

201 3370 354 3429 convivam
376 3369 520 3427 sereneo
543 3368 603 3426 ilie.
648 3362 713 3426 Mil.
743 3361 799 3442 IV,
833 3369 860 3442 1,
889 3369 943 3428 33:
973 3368 1040 3426 Tibi
1072 3366 1245 3426 diuitiarum
1273 3365 1357 3436 adse·

200 3468 284 3526 timet
306 3466 345 3538 (v.
371 3464 467 3542 Rasp.
491 3481 521 3540 p·
544 3459 609 3539 40).
634 3458 750 3524 deecit.
775 3460 854 3525 Stat.
878 3460 917 3525 ir.
941 3460 1187 3542 Hypobolimoei
1210 3458 1358 3527 Aeschini

199 3578 250 3641 ap.
282 3560 363 3625 Gell.
394 3560 465 3637 XV,
495 3565 547 3623 14:
579 3562 675 3620 miuus
702 3561 806 3631 nitito,
834 3560 954 3624 dietum
990 3576 1048 3638 pro
1084 3561 1299 3628 nihilominus,
1325 3563 1358 3621 ut

202 3658 325 3723 Gellius
348 3658 451 3721 docet.
497 3656 649 3722 Similiter
665 3654 735 3720 Ter.
760 3658 857 3722 Andr.
882 3657 961 3736 prol.
985 3675 1013 3719 v.
1030 3663 1065 3720 4:
1091 3659 1240 3717 aliter-
1257 3660 1355 3718 multo.

199 3756 447 3821 Enuneietiuues
460 3755 666 3820 secundariae
682 3753 852 3832 primariae
863 3756 1058 3832 inseruntur,
1074 3755 1120 3817 sie
1142 3753 1249 3818 Plaut.
1262 3754 1357 3820 Mers.

200 3854 259 3931 ΙΙΙ,
289 3860 318 3933 3,
348 3861 403 3920 23:
431 3859 473 3917 At
502 3864 543 3928 tu,
571 3855 689 3929 quando
723 3856 852 3931 habebis,
882 3865 942 3915 tum
968 3856 1047 3915 dato.
1093 3852 1165 3916 Ter.
1197 3852 1298 3916 Andr.
1319 3851 1358 3926 ΙΙ,

203 3959 230 4031 1,
253 3960 288 4020 9:
312 3957 414 4014 Facile
439 3972 549 4029 omnes,
573 3971 660 4027 quom
682 3953 824 4024 edemus,
847 3961 932 4014 reeta
948 3955 1073 4014 consilia
1089 3953 1224 4025 aegrotis
1247 3953 1356 4012 damus.

199 4051 372 4116 vocativus
397 4068 492 4131 saepe
516 4050 640 4114 mediae
663 4048 801 4114 orationi
822 4049 983 4126 inseritur,
1006 4049 1053 4112 sic
1083 4048 1189 4112 Plaut.
1218 4046 1291 4111 AuL
1319 4044 1358 4119 ΙΙ,

203 4156 230 4228 1,
246 4153 302 4213 20:
326 4152 423 4225 Peior,
447 4151 554 4222 frater,
577 4161 633 4211 est.
678 4166 707 4210 v.
732 4151 789 4211 33:
813 4151 867 4209 His
891 4151 1005 4224 legibus
1029 4148 1083 4209 sed
1106 4149 1141 4220 si,
1157 4164 1253 4214 soror,
1276 4163 1358 4221 qnam

200 4251 244 4310 vis
268 4249 350 4322 dere,
375 4249 480 4308 ducam
504 4251 577 4310 cett.
602 4246 835 4322 Nonnunquam
866 4245 929 4308 duo
961 4243 1125 4321 vocabula,
1155 4260 1238 4322 quae
1269 4260 1355 4306 uuam

199 4343 358 4409 notionem
383 4341 533 4421 efficiunt,
557 4342 774 4424 compluribus
797 4342 960 4407 vocabulis
982 4341 1183 4423 interpositis
1206 4341 1355 4405 dirimun-
