3125 5075
484 362 522 400 nn
537 362 634 404 nonis.
648 382 673 389 -
688 361 909 402 connuncrivns.
1213 361 1273 420 153

120 547 191 612 tiali
214 547 313 612 nisis
341 555 435 628 sunt,
464 567 600 628 quornm
632 548 770 630 protasis
799 548 986 630 plerumque
1016 550 1067 612 est
1094 542 1273 607 enuncietio

117 645 290 726 sumptim,
313 647 430 726 quibus
453 648 605 728 exemplis
626 665 711 714 nunc
732 646 811 712 hoec
825 645 918 710 uddo.
948 642 1046 710 Naev.
1060 640 1100 706 ir.
1115 639 1176 706 inc.
1193 656 1272 705 com.

118 747 175 808 23:
198 747 268 821 quid
290 748 317 807 si
338 748 455 808 laneus?
478 744 558 810 (luto
580 746 621 810 de
642 763 678 810 re
701 751 780 811 rust
798 742 993 828 preest-Est
1013 741 1163 804 interdum
1186 755 1272 814 pruo-

116 851 200 903 stare
224 847 401 905 mercaturis
422 863 485 906 rem
509 864 671 922 quieuere,
693 846 727 904 ni
749 852 809 904 tum
832 844 1032 919 periculosum
1054 840 1124 915 siet,
1148 843 1180 897 ot
1202 838 1273 896 item

117 939 404 1015 foenerationem
429 944 583 1006 honestum
607 945 668 1004 siet.
700 939 736 1005 (l.
762 945 796 1004 1:
821 942 866 1002 Do
887 940 1022 1002 omuibus
1045 938 1126 1012 egris
1149 936 1274 1010 optimo-

118 1056 176 1113 que
199 1042 267 1099 loco
291 1041 317 1100 si
340 1043 447 1102 emeris
471 1043 574 1116 iugera
596 1044 661 1117 egri
683 1048 812 1117 centum,
835 1041 921 1100 einen
951 1043 998 1097 est
1020 1036 1133 1110 primu,
1156 1033 1183 1092 si
1206 1031 1274 1091 nino

117 1138 289 1196 multooiei.
335 1136 368 1200 G.
386 1143 428 1224 ἱ2ε
460 1141 578 1200 Vendat
600 1140 760 1210 oleum,si
790 1139 921 1211 precium
951 1136 1066 1194 liabent.
1110 1129 1171 1192 lb.:
1195 1138 1226 1189 ot
1247 1127 1274 1188 oi

118 1234 191 1307 quid
221 1235 302 1294 uliud
328 1238 471 1310 supersit,
505 1239 628 1310 vendut,
657 1248 746 1296 menn
781 1235 881 1296 etmoi
912 1234 1040 1294 unieret
1075 1226 1164 1308 inbrip
1194 1220 1270 1296 lein

117 1327 247 1404 inlito.
292 1329 324 1396 Ο.
350 1337 387 1394 3:
416 1336 465 1394 nbi
493 1345 577 1396 netas
604 1338 716 1395 accesit
737 1336 773 1394 nd
798 1352 890 1393 annos
913 1331 1058 1404 XXXVI,
1086 1335 1147 1386 tum
1170 1324 1274 1384 oedifi-

118 1446 189 1488 cure
220 1438 352 1503 oportet,
388 1432 415 1491 si
443 1450 545 1506 ugrum
578 1437 721 1493 consitum
748 1433 866 1492 linteus.
921 1426 982 1490 lb.:
1010 1445 1047 1485 ex
1076 1426 1178 1499 quevis
1207 1424 1273 1480 oleo

120 1527 217 1584 oleum
241 1528 364 1587 viridius
387 1539 417 1587 ot
440 1530 548 1589 bonnm
570 1533 635 1590 lieri
654 1534 768 1602 potest,
797 1531 824 1589 ei
851 1527 978 1600 tempori
1005 1524 1110 1596 sueiss
1157 1516 1218 1580 lb.:
1248 1517 1275 1576 si

118 1624 209 1683 orbes
239 1628 359 1684 contriti
392 1628 482 1698 sient,
519 1636 551 1686 ut
581 1640 761 1688 commutare
792 1628 899 1701 possis.
943 1620 977 1684 C.
1002 1626 1037 1683 5:
1062 1620 1095 1677 Si
1118 1619 1182 1692 (illis
1204 1614 1274 1689 quid

119 1721 291 1793 deliquerit,
323 1741 378 1796 pro
402 1742 478 1781 nemu
507 1726 583 1783 bono
606 1727 691 1784 modo
716 1725 854 1784 vindicet.
900 1717 934 1783 C.
959 1722 992 1781 6:
1024 1726 1056 1778 et
1078 1717 1217 1779 materie,
1247 1711 1274 1770 oi

119 1837 195 1893 quoe
219 1837 293 1893 opus
315 1822 363 1894 eit,
386 1831 489 1895 paratu
515 1824 581 1881 erit.
627 1819 660 1883 Ο.
688 1825 744 1883 15:
768 1824 793 1880 si
817 1824 904 1880 locet.
935 1816 990 1880 Or.
1007 1832 1064 1894 pro
1080 1810 1177 1875 Turio
1201 1825 1273 1871 oon·

118 1923 169 1977 trn
193 1912 248 1978 Cn.
272 1915 410 1979 Gellium
434 1934 484 1995 ep.
510 1916 591 1981 Geli.
608 1916 693 1992 XIV,
711 1925 743 1980 2:
767 1921 852 1978 Nunc
874 1919 901 1976 si
924 1916 1113 1990 sponsionem
1137 1908 1275 1981 fecissent

118 2014 235 2073 Gellius
257 2031 322 2074 cum
347 2018 444 2075 Turio.
478 2015 526 2079 nx
547 2016 625 2093 orig.
649 2013 668 2077 l.
694 2015 718 2075 i'
742 2015 836 2092 (orat.
861 2030 918 2091 pro
936 2011 1063 2080 nunni:
1087 2007 1189 2081 Siquis
1205 2007 1274 2078 plns

119 2114 281 2186 quingente
312 2116 414 2188 ingero
441 2114 551 2172 nubere
581 2114 714 2173 noluerit.
764 2111 868 2174 Plnnt.
903 2106 1013 2185 lintph.
1046 2102 1124 2183 prol·
1156 2120 1184 2163 v.
1218 2105 1272 2162 72:

119 2208 189 2267 Sine
218 2210 292 2269 udeo
321 2212 432 2270 aediles
462 2211 621 2285 perfidiose
651 2214 720 2285 quoi
748 2211 851 2269 duint:
880 2211 1029 2280 Sirompse
1058 2207 1153 2276 legem
1186 2200 1273 2259 iussit

119 2324 186 2366 esse
211 2310 354 2381 luppiter.
403 2306 489 2369 Asin.
515 2305 571 2378 ΙΙΙ,
601 2314 625 2374 1,
650 2310 706 2369 25:
731 2313 775 2368 An
800 2316 829 2366 te
852 2308 882 2365 id
899 2313 1060 2378 expootnro
1081 2306 1212 2374 oportet,
1235 2297 1274 2355 si-

118 2405 184 2479 quis
197 2406 351 2477 proenitlul
373 2407 434 2465 tibi.
480 2403 543 2470 111.
567 2411 599 2479 2,
623 2410 677 2466 44:
705 2406 732 2465 oi
760 2403 839 2465 forte
867 2403 1035 2476 occeperint.
1081 2394 1274 2470 lv,1,to:

117 2503 193 2563 Post
213 2503 241 2562 si
262 2504 385 2563 lucerna
407 2504 540 2565 extincte
560 2505 607 2569 eit.
633 2505 740 2579 nequid
764 2505 810 2563 sui
833 2501 960 2563 idembri
996 2504 1169 2558 coumovent
1193 2492 1274 2567 quic-

118 2618 206 2675 quum
231 2602 260 2658 iu
283 2601 426 2675 tenebris,
449 2601 488 2663 de
512 2618 574 2680 qno
598 2599 668 2663 loco
691 2599 782 2678 Ling.
804 2607 926 2680 quaest.
957 2596 1062 2660 l’lnnt.
1085 2612 1116 2673 p.
1143 2596 1194 2655 15:
1219 2588 1275 2664 „Si

117 2694 246 2774 quondo
273 2704 324 2759 est
346 2714 404 2775 pro
426 2702 453 2758 sl
475 2700 563 2772 sorte,
586 2705 653 2762 tinn
676 2697 774 2761 debet
796 2697 887 2776 sequi
910 2692 1140 2758 coniunctione.
1163 2694 1271 2767 postu·

118 2790 206 2857 lunte
230 2812 289 2857 usn
313 2794 375 2856 inin
398 2793 563 2860 Plautinae
586 2796 732 2860 notatis.“
779 2795 817 2870 V,
838 2800 867 2864 2,
891 2799 944 2858 28:
968 2799 993 2855 si
1017 2826 1049 2836 -—
1081 2786 1274 2863 conspexeris

115 2895 211 2952 -si
236 2896 344 2953 videus.
380 2891 455 2956 cist.
480 2892 535 2969 IV,
554 2902 582 2968 2),
613 2897 661 2956 10:
685 2897 777 2969 siquis
801 2895 886 2960 vidit,
907 2894 1000 2968 siquis
1024 2909 1087 2952 eoru
1110 2883 1274 2956 abstulerit,

117 3000 210 3051 menn
248 2987 369 3071 jessous
400 2986 495 3064 inille.
542 2990 631 3070 Epid.
666 2989 702 3066 V,
732 2997 763 3067 l,
797 2995 851 3053 13:
882 2992 990 3065 edepol
1021 3007 1065 3048 me
1096 2987 1140 3047 illi
1168 2983 1274 3043 meiius

117 3084 177 3163 (oc.
195 3104 324 3150 servare
340 3093 518 3166 poterunt).
540 3090 682 3148 sinuneti
705 3088 761 3155 tsic
777 3089 838 3166 Ap)
855 3090 953 3161 suunt.
975 3083 1088 3149 Bacch.
1104 3101 1133 3145 v.
1147 3085 1274 3154 nonsu:

119 3186 234 3245 nisi-
265 3204 436 3261 occuperes.
483 3185 544 3262 it,
567 3193 602 3261 4,
626 3192 682 3249 tt:
711 3191 803 3247 Immo
830 3189 858 3247 si
886 3186 1001 3267 ondins
1048 3198 1076 3243 v.
1101 3185 1155 3242 48:
1180 3180 1210 3236 Si
1235 3206 1274 3215 —

118 3285 240 3343 dixeris.
287 3300 313 3344 v.
337 3287 395 3346 80;
429 3286 505 3357 Quid
535 3285 563 3343 ei
589 3289 688 3360 potins
712 3288 859 3356 morbum,
888 3292 1013 3345 mortem
1041 3277 1173 3342 scribat?
1217 3267 1274 3333 mil

119 3376 204 3441 mite
228 3390 275 3450 en,
309 3395 398 3442 menn
423 3396 452 3442 et
477 3380 566 3443 liebet
591 3416 626 3426 -
657 3379 787 3457 lucisne.
831 3381 899 3446 Mil.
923 3379 951 3451 Ι,
977 3384 1003 3441 1.
1028 3381 1085 3441 53:
1117 3374 1161 3432 Ni
1183 3371 1274 3432 hebes

117 3480 280 3539 muchuoru
305 3481 389 3552 soret.
438 3478 492 3556 lv,
517 3485 545 3557 5,
569 3484 602 3543 8:
624 3482 653 3540 oi
668 3499 784 3555 possem
808 3511 844 3524 -
875 3496 996 3555 operum
1024 3476 1108 3544 dedi,
1139 3468 1178 3533 &d
1201 3486 1230 3547 q.
1253 3465 1273 3527 ¹·

118 3575 275 3640 liudem:
300 3578 355 3653 „Si
377 3575 407 3641 h.
431 3576 449 3639 l.
474 3596 536 3641 nou
558 3577 745 3657 sinspliciter
767 3596 826 3656 pro
848 3596 890 3638 on
912 3577 1057 3655 ponitur.
1080 3570 1137 3635 sed
1158 3572 1208 3630 est
1229 3562 1275 3628 el-

118 3672 263 3752 lipticnm
285 3675 410 3739 dicendi
434 3694 544 3755 genus.
591 3675 689 3738 Pleno
718 3682 805 3740 esset
832 3675 950 3741 oratio:
980 3691 1101 3749 operum
1134 3667 1217 3736 dedi,
1249 3664 1275 3723 εἰ

115 3803 160 3814 -
190 3792 324 3848 possem,
353 3782 385 3834 nt
413 3776 443 3834 id
473 3775 632 3838 efficerem.
678 3773 742 3838 Sed
770 3793 868 3854 qnutn
893 3771 985 3837 focile
1013 3774 1126 3849 sponte
1156 3758 1273 3825 intelli·

118 3875 215 3948 gntnr
237 3869 316 3934 illud
339 3883 371 3932 nt
394 3874 424 3931 id
447 3873 611 3942 elicerem,
641 3873 792 3937 omissum
822 3872 902 3937 est“
948 3868 1045 3933 Mero.
1069 3864 1120 3943 11,
1144 3867 1172 3936 3,
1199 3861 1273 3922 1⁰8:

118 3970 217 4029 ldulto
240 3971 340 4032 hercle
363 3973 416 4030 ille
447 3973 540 4046 mugio
563 3990 669 4046 senex,
696 3974 722 4032 si
749 3981 781 4032 tn
803 3973 890 4033 snus.
935 3968 1031 4033 Poon.
1062 3961 1139 4042 prol.
1164 3978 1191 4021 v.
1219 3960 1272 4019 12:

119 4068 292 4127 iamdudum
315 4081 451 4143 expecto,
472 4070 500 4130 si
522 4081 600 4129 tuom
616 4068 745 4129 officium
767 4073 853 4130 edne.
884 4086 913 4130 v.
932 4071 988 4130 27:
1011 4064 1045 4125 Si
1059 4065 1159 4123 minus
1173 4072 1274 4118 entat-

115 4164 188 4239 eint,
212 4169 345 4226 numeri
369 4167 521 4226 reveniunt
545 4167 670 4228 domum.
715 4164 775 4240 111,
798 4175 828 4243 4,
855 4169 908 4229 18:
933 4166 1027 4240 Quid,
1053 4157 1218 4225 simoenti
1240 4170 1272 4213 ¹0

117 4265 203 4324 nodis
228 4264 361 4337 putenm
404 4261 442 4338 V,
472 4270 509 4340 4,
534 4268 587 4327 72:
621 4267 668 4325 Du
697 4268 819 4340 pignus,
849 4266 881 4324 ni
911 4283 988 4325 nnnc
1010 4263 1139 4338 west
1168 4258 1201 4314 iit
1226 4270 1272 4311 ⁸²·

116 4350 207 4420 vinm'
225 4369 291 4421 uter
321 4364 381 4422 utri
413 4362 473 4421 det.
519 4380 548 4424 v.
575 4368 630 4426 81:
658 4365 815 4424 Advortite
843 4367 984 4435 animum,
1015 4362 1165 4422 mulieres.
1210 4353 1274 4413 Pri·
