3125 5075
507 412 655 452 DOCTRIM
682 410 915 451 Pannicutanuu.
1222 416 1284 477 373

223 619 251 664 a.
296 600 430 665 Ponitur
455 601 554 682 igitur
579 604 607 664 ai
627 620 700 671 son,
726 601 781 666 ubi
808 601 892 665 inter
922 600 1130 666 conditionem
1160 607 1193 662 et
1219 616 1288 662 rom

136 697 307 762 intercedit
326 699 571 778 consequentiae
594 699 776 764 necessitas.
807 698 970 764 Habemus
991 699 1023 763 in
1045 698 1094 763 his
1116 695 1240 778 plenam
1256 703 1290 761 et

138 802 282 861 exactam
317 797 567 861 ratiocinationis
601 797 754 876 speciem:
788 797 872 861 unde
900 796 1091 878 intelligitur
1123 794 1171 872 id,
1205 792 1290 874 quod

137 893 347 959 Gemhardus
367 893 591 974 tranquillitati
606 894 701 959 animi
716 894 839 972 tribuit,
855 894 895 960 ad
908 892 1158 960 ratiocinationis
1174 909 1291 971 aequa-

136 991 295 1058 bilitatem
325 991 438 1056 referri
467 991 595 1057 debere.
646 995 752 1071 Atque
774 1010 870 1072 saepe
899 990 951 1072 tit,
979 999 1015 1056 ut
1043 991 1201 1057 sententia
1224 990 1289 1069 pri·

135 1089 239 1154 maria
268 1090 336 1154 sino
365 1090 490 1155 adiecta
518 1089 698 1154 conditione
725 1096 812 1154 stare
841 1108 903 1155 uon
933 1093 1043 1168 possit.
1089 1088 1168 1155 Cato
1191 1089 1227 1153 R.
1251 1088 1288 1153 nt

138 1207 164 1253 c·
189 1192 244 1252 54:
268 1191 296 1250 si
316 1207 376 1249 nort
398 1191 587 1266 laborabunt,
614 1199 776 1266 pascantur
798 1193 891 1252 satius
914 1194 979 1252 erit.
1025 1188 1157 1254 0147:
1181 1190 1208 1246 si
1229 1205 1290 1247 aon

137 1298 207 1348 ante
231 1305 267 1346 ea
289 1291 502 1362 exportaveris.
548 1284 641 1349 Ennii
662 1289 760 1351 satur.
785 1285 843 1351 inc.
866 1284 937 1353 libr.
961 1288 998 1351 fr.
1019 1294 1043 1354 1.
1066 1305 1095 1351 u.
1114 1291 1169 1350 35:
1192 1289 1219 1347 at
1234 1288 1288 1347 illa

136 1404 198 1445 non
219 1395 266 1446 est
288 1385 408 1448 frustra.
453 1383 557 1448 Plaut.
579 1384 664 1447 Asin.
689 1382 727 1462 V,
751 1388 788 1455 2.
812 1388 866 1448 57:
891 1385 925 1446 sa·
951 1403 1011 1445 non
1040 1387 1171 1446 didicisti
1202 1384 1289 1444 fullo·

138 1486 226 1557 niam,
250 1486 315 1543 Nou
339 1485 542 1546 mirandnmat.
586 1480 669 1546 Men.
693 1479 816 1560 111,s‚
843 1487 896 1545 ll:
925 1485 1027 1545 Redde
1049 1486 1157 1559 igitur,
1184 1483 1292 1543 simma

138 1583 307 1643 meministi.
352 1579 418 1643 Mil.
441 1578 482 1657 Π,
504 1584 534 1659 6,
558 1584 612 1645 ³5:
634 1582 662 1641 si
683 1583 778 1643 iataae
800 1599 859 1642 non
881 1588 928 1643 eat
950 1586 1032 1643 haec.
1078 1578 1193 1643 Pseud.
1212 1577 1242 1656 Ι,
1260 1581 1290 1657 2,

138 1684 194 1744 78:
217 1676 434 1743 Memorabilis
458 1684 508 1743 est
529 1676 618 1743 locus
640 1676 682 1741 ib.
706 1681 815 1756 3,138
837 1694 915 1758 sqq..
936 1678 990 1743 ubi
1012 1679 1042 1742 11
1059 1677 1170 1741 eadam
1193 1693 1292 1740 enun-

138 1776 273 1841 ciatione
302 1778 363 1837 nisi
389 1779 422 1839 et
450 1778 477 1837 ai
505 1794 565 1836 non
594 1775 705 1841 eadem
732 1772 962 1856 significatione
996 1776 1166 1840 corriuncta
1203 1776 1292 1836 sunt:

138 1880 250 1937 Verum
280 1893 456 1951 quamquam
486 1879 579 1935 multa
605 1877 740 1950 malaque
768 1877 849 1936 dicta
871 1877 987 1937 dixistis
1010 1877 1102 1949 milri,
1126 1874 1196 1934 Nisi
1218 1873 1290 1932 mihi

139 1971 254 2051 [hodie]
285 1975 421 2033 attulerit
452 1975 537 2033 miles
564 1975 692 2048 quinque
720 1992 793 2049 quaa
824 1973 946 2035 dehibet
973 1979 1081 2045 minas,
1110 1973 1194 2034 Sicut
1218 1972 1294 2031 haec

138 2079 186 2135 est
209 2073 390 2146 praestituta
421 2089 534 2132 summa
561 2073 589 2131 ai
618 2078 742 2145 argento
765 2072 845 2132 dies:
875 2071 910 2130 Si
932 2073 962 2131 id
984 2080 1046 2132 11111
1065 2071 1177 2138 adfert.
1203 2084 1293 2144 possa

138 2172 246 2246 opinor
275 2169 375 2229 facere
404 2186 450 2229 ma
479 2167 610 2229 officium
634 2186 738 2229 meum.
784 2165 848 2246 111,
875 2172 906 2243 1,
935 2174 979 2231 11.
1010 2166 1065 2247 IV,
1089 2171 1123 2246 3,
1151 2172 1201 2230 17:
1235 2168 1295 2227 Cor

139 2270 298 2344 conligatis
321 2268 398 2328 vasis
427 2275 567 2342 expectat
587 2284 699 2344 meum,
730 2266 765 2327 Si
786 2284 847 2326 non
878 2271 988 2328 educat
1015 2270 1167 2328 molieram
1193 2281 1293 2325 secum

138 2369 243 2443 semul,
266 2367 309 2427 Ut
327 2366 478 2425 exulatum
500 2382 537 2424 ex
552 2370 674 2439 pectore
698 2365 832 2439 aufugiat
854 2383 929 2426 meo.
960 2363 1042 2427 nun.
1067 2362 1098 2440 Ι,
1122 2366 1158 2441 2,
1182 2365 1236 2424 70:
1260 2361 1296 2421 st

138 2480 198 2524 nort
224 2481 362 2536 moneas,
395 2470 512 2523 nosmet
539 2464 734 2524 meminimus.
786 2460 889 2525 Plaut.
921 2459 1033 2543 fragm.
1064 2459 1156 2525 (laec.
1183 2478 1212 2521 v.
1239 2462 1293 2522 10:

139 2564 175 2625 Si
195 2580 255 2623 nort
277 2571 398 2624 strenue
422 2561 548 2636 fatetur,
577 2561 627 2621 ubi
655 2564 696 2623 sit
722 2580 842 2638 aurum,
872 2563 1005 2622 membra
1031 2563 1093 2622 eins
1123 2576 1295 2621 exsecemua

139 2679 233 2723 serra.
284 2648 400 2725 Caecil.
433 2657 513 2724 Stat.
541 2658 600 2725 inc.
635 2656 697 2724 fab.
724 2656 762 2722 fr.
792 2663 847 2724 29:
886 2658 920 2718 sa·
952 2676 1012 2719 11111
1044 2660 1150 2721 sarciri
1185 2660 1295 2732 quitur.

139 2756 267 2819 Terent.
292 2757 388 2820 Andr.
412 2755 445 2835 Ι,
468 2761 506 2835 3,
530 2763 563 2821 3:
600 2761 681 2833 Quae
710 2759 816 2821 111111
839 2770 905 2819 astu
927 2758 1140 2834 providentur,
1175 2772 1220 2814 me
1245 2762 1298 2814 ant

143 2871 227 2914 arum
249 2870 368 2928 pessum
391 2856 510 2916 dabunt.
557 2861 586 2930 5,
610 2860 645 2918 2:
677 2859 747 2932 quid
771 2867 832 2934 ast,
854 2858 880 2916 si
904 2859 960 2917 hoo
982 2873 1042 2915 non
1063 2850 1296 2916 coutumeliast?

140 2949 187 3027 ΙΙ,
216 2956 241 3028 1,
265 2951 498 3013 2118111111
520 2968 580 3010 nora
597 2960 699 3029 potest
718 2959 780 3015 Aut
803 2957 857 3015 tibi
881 2957 1001 3030 nuptiae
1031 2936 1100 3015 sunt
1122 2952 1214 3014 cordi.
1240 2947 1294 3028 lV,

140 3054 170 3129 2,
195 3053 229 3113 9:
252 3053 332 3126 Age,
358 3051 386 3110 si
407 3050 456 3108 hic
478 3064 538 3107 non
559 3050 672 3111 insanit
700 3052 773 3110 satis
797 3070 850 3111 sua
872 3061 996 3127 sponte,
1019 3054 1136 3126 instiga.
1181 3050 1216 3123 4,
1240 3052 1295 3111 51:

138 3151 167 3211 si
188 3154 238 3224 pol
262 3150 402 3225 Glycerio
423 3163 484 3206 noa
505 3148 605 3207 omnia
626 3148 701 3207 haee
716 3193 724 3209 .
741 3191 773 3210 ..
818 3145 899 3210 Eun.
923 3145 991 3224 ΙΙΙ,
1015 3151 1044 3226 2,
1067 3152 1107 3210 49
1131 3163 1191 3223 sq.:
1214 3147 1241 3204 ai
1263 3144 1295 3205 id

138 3265 199 3306 nora
221 3247 442 3313 commodumst,
465 3246 507 3307 Ut
529 3252 663 3308 maneat:
686 3245 715 3304 si
737 3247 768 3306 id
789 3262 849 3306 non
870 3249 990 3320 poterit,
1014 3247 1051 3305 ad
1073 3262 1119 3304 me
1143 3245 1293 3305 adducito.

139 3344 256 3408 Heaut·
280 3344 310 3422 l,
337 3350 363 3419 1,
387 3348 444 3408 55:
474 3345 526 3406 sed
553 3344 580 3404 si
606 3343 638 3405 id
664 3359 725 3402 non
744 3343 834 3421 facis,
864 3346 928 3420 Ego
958 3346 1038 3419 quod
1066 3360 1113 3404 ma
1141 3345 1169 3401 iu
1202 3350 1232 3401 te
1254 3342 1297 3401 sit

139 3444 240 3505 facere
264 3444 383 3521 dignum
406 3445 557 3503 invenero.
602 3440 680 3506 Hec.
703 3439 766 3519 ΙΠ,
793 3445 820 3519 l,
845 3445 878 3505 9:
901 3440 936 3502 sa·
958 3458 1016 3500 1111
1039 3443 1197 3508 rediisses,
1219 3441 1294 3500 hoec

140 3544 202 3603 irae
237 3542 335 3602 factae
359 3549 460 3603 assent
487 3545 579 3602 multo
612 3543 783 3615 ampliores.
836 3536 1012 3605 Adscendit
1040 3537 1143 3602 oratio
1173 3554 1230 3616 per
1258 3554 1295 3598 rte

139 3641 256 3713 quidun
277 3638 310 3703 in
333 3637 463 3718 apodosi
485 3637 565 3701 Eun.
590 3635 645 3714 IV,
663 3641 692 3717 2,
713 3642 764 3702 lo:
787 3640 813 3699 si
834 3656 894 3699 noa
916 3640 1057 3715 tangendi
1080 3639 1206 3713 copiast,
1229 3638 1295 3698 Eho

140 3756 178 3798 na
201 3741 319 3798 ridendi
342 3738 458 3811 quiderm
480 3737 562 3800 erit?

227 3836 253 3900 b.
298 3834 388 3899 idem
416 3840 466 3898 est
492 3851 586 3911 usus,
611 3834 737 3915 quando
760 3833 967 3899 conditionali
996 3832 1230 3899 sententiares
1254 3848 1293 3894 ex

139 3939 232 4013 parte
258 3934 365 4013 aliqua
392 3931 614 4012 restringitur,
644 3935 681 3996 ut
710 3933 796 4014 quod
824 3938 928 3996 restet
959 3932 1161 4023 concedatur.
1212 3929 1293 3994 'i'um

139 4049 236 4110 saepe
257 4036 285 4095 at
305 4052 364 4093 non
385 4031 448 4095 vim
471 4030 591 4095 habent
613 4029 785 4094 verborum
817 4032 934 4091 etiamsi
954 4048 1030 4109 non,
1061 4035 1095 4094 et
1116 4034 1294 4107 sequuntur

140 4137 180 4209 at,
202 4134 313 4193 salton.
359 4129 437 4193 Cato
454 4129 492 4192 R.
510 4129 545 4193 R.
562 4147 587 4194 c.
611 4134 645 4192 2:
670 4129 704 4190 Si
723 4147 784 4189 aon
798 4149 833 4192 eo
849 4132 908 4206 dia,
931 4134 963 4189 ot
985 4130 1139 4206 postridie.
1169 4127 1294 4193 Terent.

139 4229 221 4295 Eun.
245 4229 300 4309 lV,
325 4234 354 4308 2,
381 4234 437 4293 11:
460 4232 488 4290 si
509 4231 583 4290 illud
604 4245 665 4288 non
686 4231 768 4304 licet,
793 4228 904 4291 Saltem
927 4230 983 4290 hoc
1006 4229 1120 4291 licebit

225 4347 250 4394 c.
295 4327 556 4393 Enunciationem
586 4344 646 4406 per
672 4330 699 4389 si
730 4326 898 4391 formatam
927 4324 1030 4390 altera
1060 4325 1206 4405 sequitur
1238 4343 1297 4404 por

136 4432 165 4492 si
188 4447 249 4488 raon
271 4425 365 4492 elata.
397 4425 476 4492 Cato
498 4423 534 4488 R.
555 4425 595 4489 R.
618 4442 645 4488 e.
668 4430 701 4489 2:
725 4426 945 4489 Paterfamilias
961 4426 1012 4487 ubi
1034 4424 1071 4484 ad
1088 4424 1187 4486 villam
1205 4426 1295 4489 venit,
