3125 5075
492 364 532 401 lll.
561 364 717 403 Pnosortus
735 365 911 403 usnasivun.
1220 375 1281 431 379

142 541 169 611 t,
201 538 252 600 30:
309 538 384 599 mibi
418 540 584 601 concubina
612 556 688 612 quac
721 542 768 599 sit.
814 538 903 604 Polu.
937 538 1002 618 ΙΙΙ,
1040 544 1074 618 5,
1106 541 1162 601 28:
1211 540 1287 599 Eum

139 637 317 710 adlegaruut,
354 653 438 697 suom
470 639 523 709 oui
559 655 675 697 servom
712 638 822 697 diceret
848 639 920 699 (lum
948 656 1020 699 auro
1041 655 1106 699 esso
1130 637 1209 713 apud
1231 655 1287 696 me.

135 731 217 813 Apid.
239 730 305 811 ΙΙΙ,
336 736 371 810 3,
401 737 456 799 37:
492 737 668 796 conductam
689 754 755 797 esse
780 754 856 814 eam,
878 738 961 813 Quae
982 737 1032 796 hic
1055 736 1287 796 administraret.

132 829 204 895 inrd.
233 828 317 911 prol.
346 847 375 893 v,
408 835 546 895 10-12:
584 836 614 895 Is
642 853 695 894 uos
722 851 778 909 per
806 837 904 910 gentis
935 833 1009 910 [hic]
1033 835 1123 893 alium
1146 836 1206 893 alia
1228 833 1288 894 dis-

128 938 222 1007 parat,
256 930 489 1003 Hominemque
511 930 608 1004 facta,
635 950 748 1007 mores,
778 935 923 1007 pietatem
946 941 976 992 et
1002 931 1090 991 fidem
1112 915 1287 992 Noscamus.

126 1024 237 1108 Amph.
264 1023 291 1105 Ι,
318 1031 344 1104 l,
370 1030 445 1091 184:
476 1036 620 1090 certumst
643 1062 684 1071 -
707 1033 856 1090 hominem
879 1063 919 1073 —
944 1030 1073 1106 adloqui,
1096 1031 1155 1106 Qui
1176 1032 1288 1104 possim

125 1128 216 1188 videri
251 1128 324 1187 lunio
353 1125 450 1189 fortis.
495 1124 589 1190 Trnc.
620 1124 664 1203 V,
696 1146 724 1191 v.
759 1132 813 1193 17:
852 1131 956 1203 accipe
986 1130 1093 1202 hocce,
1128 1129 1180 1200 qui
1208 1129 1286 1188 istuc

124 1226 241 1286 ecfiehs
266 1243 352 1301 opus
398 1222 482 1286 Trin.
505 1223 585 1304 prol.
606 1241 635 1284 v.
662 1229 713 1287 15:
737 1228 815 1286 Dedi
838 1230 866 1286 ei
893 1244 987 1286 meam
1014 1234 1146 1301 gnatam,
1170 1226 1290 1297 quicum

127 1330 289 1401 ogesmem
314 1324 431 1400 exigat,
454 1321 495 1385 ad
511 1320 573 1401 q.l.
596 1322 721 1385 Douza:
757 1325 899 1400 ..Quicum
921 1327 954 1385 ct
974 1341 1098 1397 quaeram
1117 1327 1290 1401 utrumqne

132 1417 362 1495 indeclinabile,
385 1424 450 1484 tam
473 1418 590 1499 plurali
613 1436 707 1497 quern
731 1420 885 1501 singulari
908 1439 1049 1499 nurnero,
1072 1419 1203 1485 ablativi
1220 1418 1289 1482 loco

134 1518 262 1600 positum
307 1517 516 1596 omnibusque
547 1518 626 1581 adeo
659 1520 831 1598 generibus
853 1512 1028 1599 ἀῦιαᾳόρως
1055 1513 1287 1582 accommodari

132 1622 249 1699 potest;
287 1615 334 1680 illi
357 1621 464 1680 antem
487 1621 621 1695 peccant
642 1614 790 1697 largiter,
827 1617 882 1695 qui
911 1634 968 1695 pro
991 1619 1110 1691 quiem
1133 1631 1289 1693 usurpare

132 1719 301 1792 wacena
341 1714 392 1779 vel
428 1714 526 1778 etiam
563 1718 711 1787 praetecum
748 1716 780 1779 in
816 1713 994 1794 pluralibus
1031 1713 1148 1778 dativis
1189 1708 1290 1777 ansi.“

132 1814 193 1879 Aul.
222 1813 275 1893 II,
306 1818 342 1890 2,
374 1816 429 1876 61:
461 1815 534 1873 nibil
558 1823 603 1873 est
627 1817 704 1874 dotis
726 1816 806 1888 qnod
827 1817 893 1875 dem
915 1812 974 1888 (sic
997 1811 1092 1893 Apg).
1138 1810 1209 1875 Aul.
1234 1808 1289 1890 IV,

134 1918 176 1991 10,
212 1916 248 1976 6:
286 1913 359 1988 qnid
381 1931 436 1987 ego
458 1916 551 1973 merui
574 1913 610 1971 de
634 1914 699 1989 ted,
745 1915 935 1988 adulescens,
975 1916 1071 1986 mali,·
1098 1913 1291 1986 quamobrem

133 2014 171 2074 itu
200 2013 321 2072 laceres
356 2029 461 2085 meque
489 2029 628 2086 meosque
656 2014 805 2086 perditum
836 2015 895 2072 ires
923 2013 1056 2072 liberos?
1107 2001 1220 2088 Amph.
1253 2006 1289 2086 V,

136 2113 233 2186 212:
256 2112 317 2172 hau
339 2111 506 2184 promeruit
527 2126 617 2182 quum
639 2111 676 2170 ob
699 2127 760 2168 rem
785 2111 857 2168 vitio
880 2118 1022 2169 vorterea.
1046 2106 1134 2171 Asin.
1151 2106 1176 2184 Ι,
1195 2111 1221 2179 l,
1238 2108 1287 2167 65:

137 2212 311 2271 Praesertim
334 2225 421 2283 quom
445 2209 471 2267 is
493 2225 539 2267 me
564 2209 682 2283 dignum
705 2208 774 2279 quoi
796 2207 993 2267 concrederet
1015 2209 1135 2266 Habuit.
1164 2203 1288 2267 Terent.

139 2305 207 2370 Eun
230 2304 270 2385 V,
294 2309 324 2382 2,
349 2308 402 2366 26:
426 2306 457 2363 Si
481 2324 535 2381 ego
558 2307 646 2379 digna
668 2307 723 2364 hac
748 2308 928 2365 contumelia
949 2305 1019 2364 Sum
1042 2321 1185 2375 maxume,
1210 2312 1241 2360 at
1257 2309 1290 2360 tu

140 2407 265 2481 indignus
293 2403 346 2476 uui
375 2402 491 2464 iaceres
519 2412 627 2465 tumen.
664 2402 760 2465 Andr.
791 2401 851 2480 IV,
880 2407 914 2479 4,
943 2407 994 2464 19;
1028 2402 1132 2463 Adeon
1156 2402 1290 2459 videmur

141 2505 211 2565 rubia
231 2505 343 2576 idonei,
367 2503 399 2561 lu
424 2502 530 2574 quibus
552 2504 594 2561 sic
618 2501 778 2562 inludatis?
802 2499 899 2564 Andr.
923 2498 965 2576 ΙΙ,
990 2504 1018 2577 1,
1042 2503 1144 2578 34qu
1169 2497 1288 2558 Efficite

140 2604 289 2674 quidemr
314 2602 384 2677 tibi;
415 2603 482 2675 Ego
505 2602 534 2659 id
559 2619 657 2674 agam,
691 2602 762 2660 mibi
785 2602 838 2672 qni
859 2619 894 2660 ue
919 2600 1014 2660 detur.
1052 2597 1173 2661 Eodem
1196 2592 1289 2657 ruodo

142 2716 188 2775 pro
214 2706 250 2761 ut
270 2702 460 2777 usurpatum
482 2703 561 2776 puto
585 2701 637 2772 qni
660 2697 757 2759 Andr.
781 2696 861 2777 prol.
884 2716 911 2763 v.
936 2703 1034 2761 5—7:
1065 2701 1140 2758 Nam
1164 2699 1193 2756 in
1218 2713 1289 2769 pro-

139 2801 202 2874 logis
224 2799 393 2859 scribundis
414 2815 535 2870 operam
558 2799 698 2871 abutitur,
722 2801 788 2857 Non
809 2800 861 2869 qui
876 2805 1078 2874 argumentum
1095 2803 1212 2864 narret,
1237 2793 1290 2852 sed

138 2899 181 2969 prol
208 2898 340 2957 malivoli
371 2898 488 2956 Veteris
514 2903 621 2970 poetae
645 2897 812 2956 maledictis
836 2895 1031 2970 respoudeat,
1055 2891 1245 2956 dissentiens
1269 2906 1289 2951 a

136 2990 352 3058 lluddimanno
367 2990 409 3070 ΙΙ,
432 2991 724 3071 paneadense,
748 2993 803 3070 qui
826 3010 896 3056 curu
913 2990 1135 3054 Westerhovio
1158 2992 1209 3063 qni
1232 3004 1290 3067 pro

135 3097 224 3167 utpote
246 3093 299 3166 oni
321 3090 459 3170 positum
491 3107 561 3154 osse
585 3094 691 3169 putat,
721 3108 794 3153 uem
821 3090 847 3153 si
870 3087 950 3152 huno
973 3088 1165 3152 sententiam
1186 3087 1290 3150 inesse

135 3189 283 3255 voluisset
306 3192 412 3268 poeta,
436 3187 616 3268 scripsisset
638 3191 690 3263 qni
712 3209 780 3251 non.
814 3187 928 3251 Heant.
953 3186 1011 3264 111,
1037 3192 1064 3256 1,
1087 3189 1142 3248 83:
1166 3188 1242 3245 Dum
1259 3185 1289 3244 id

132 3308 247 3367 quaero,
272 3291 328 3349 tibi
350 3290 402 3361 ont
422 3289 514 3348 filium
538 3291 728 3349 restituerem
754 3290 811 3364 (ι-
827 3287 885 3361 nt).
925 3283 1005 3348 Eun
1029 3283 1088 3363 ΙΙΙ,
1108 3287 1206 3362 1,55:
1231 3287 1290 3344 Por

132 3406 179 3462 pro
200 3390 272 3465 pari
294 3387 408 3447 referto
430 3388 508 3459 quod
530 3385 586 3464 (=
602 3392 638 3448 ut
653 3385 724 3460 lroc)
741 3405 806 3445 eam
822 3386 965 3445 mordeat.
982 3381 1037 3458 IV,
1055 3387 1082 3452 7,
1097 3386 1152 3445 40:
1178 3399 1288 3457 quaere

131 3489 177 3560 qai
203 3485 405 3561 respoudeat,
435 3482 515 3564 incipe
538 3481 586 3546 bit
609 3481 710 3554 einen,
739 3481 789 3545 bct
812 3479 859 3544 bit
882 3480 1060 3543 ontmortet.
1110 3483 1167 3557 Qui
1190 3495 1285 3557 saepe

131 3584 224 3648 etiam
249 3584 449 3662 provectuum
471 3583 610 3661 ponitur,
634 3588 670 3645 ut
684 3581 788 3644 Plant.
825 3579 910 3643 Meu.
934 3577 992 3657 Ill,
1019 3583 1046 3657 l,
1071 3583 1103 3642 6:
1127 3580 1185 3656 Qui
1208 3581 1291 3639 illum

131 3682 158 3743 di
178 3701 287 3745 omues
309 3682 460 3757 perduint,
485 3680 546 3743 vid.
571 3680 708 3744 Gronov.
733 3679 821 3742 Pers.
839 3678 877 3757 V,
893 3683 923 3757 2,
940 3682 972 3741 6:
996 3679 1055 3755 Qut
1071 3679 1153 3737 illum
1170 3680 1291 3736 Persam

132 3789 215 3858 etque
248 3782 345 3840 emula
372 3780 480 3840 Persas
515 3789 603 3856 atque
631 3783 719 3839 etiam
747 3781 842 3838 omnis
864 3795 1010 3853 personas
1033 3779 1113 3836 Male
1137 3777 1166 3835 di
1189 3791 1290 3835 omues

130 3881 265 3954 perdant.
311 3873 382 3938 Cas.
410 3874 453 3951 Π,
482 3882 516 3955 4,
554 3882 587 3940 l:
615 3879 674 3954 Qut
700 3879 782 3936 illum
812 3879 842 3935 di
869 3893 972 3936 omnes
995 3875 1125 3949 deaeque
1149 3873 1290 3948 perdant!

130 3973 212 4040 irin.
237 3973 297 4053 IV,
323 3978 356 4052 2,
381 3977 434 4037 78;
458 3977 517 4053 Qui
539 3979 627 4037 istum
651 3979 681 4035 di
704 3976 846 4049 perdunt,
870 3972 957 4050 adq.
981 3970 1001 4034 l.
1025 3970 1182 4035 Lindem:
1219 3968 1292 4046 „qm

128 4091 185 4153 pro
215 4079 252 4136 at
278 4070 465 4152 simpliciter
493 4073 568 4153 poni
597 4070 690 4134 multi
720 4068 781 4134 loci
811 4070 897 4150 apud
925 4067 1074 4132 Plautum
1102 4072 1291 4147 argumento

128 4178 213 4249 suut,
234 4188 318 4251 quos
341 4169 472 4251 collegit
495 4171 618 4235 Parcus
641 4170 700 4233 lex.
746 4169 850 4233 Plaut.
874 4167 903 4230 h.
926 4185 966 4246 v,
990 4166 1044 4231 nbi
1067 4174 1175 4229 tamen
1198 4162 1292 4227 multi

129 4269 219 4333 citati
248 4274 337 4349 snut,
369 4269 422 4348 qui
453 4268 531 4332 nihil
558 4269 787 4332 demonstrant
839 4265 929 4330 Adde
956 4267 1070 4330 Donat.
1102 4263 1141 4326 ad
1162 4261 1291 4325 Terent.

130 4365 258 4432 Phorm.
285 4374 312 4446 l,
335 4372 366 4447 2,
390 4371 444 4432 73;
467 4369 526 4445 Qui
548 4371 631 4428 illum
655 4369 685 4426 di
701 4385 802 4428 ornnes
817 4365 990 4442 perduiot“
1011 4363 1119 4426 Etiam
1134 4359 1291 4425 ablativus
