3125 5075
210 364 275 424 184
639 346 796 390 SUBO'MT.
810 347 874 389 ΟΔΡ.
887 348 930 390 ΙΙΙ.

211 525 355 593 cusativi.
402 522 583 591 Subiectum
605 502 721 599 ub‘eo,
755 522 811 603 qui
837 520 993 602 loquitur,
1025 520 1120 602 plane
1147 519 1245 584 simili
1275 520 1364 585 modo

208 629 321 689 natum
344 640 416 688 esse
438 618 574 701 cogitari
594 624 715 700 potest,
743 624 841 700 utque
864 619 1024 685 obiectum
1047 618 1080 683 in
1106 618 1292 683 accusativo
1313 636 1364 699 po

212 722 309 787 situm
325 738 365 784 cx
379 718 504 783 actione
523 716 658 782 subiecti
677 716 769 796 quusi
789 716 918 797 prodiit,
941 715 1096 797 siquidem
1117 714 1274 797 cogitatio
1289 716 1364 795 mue

211 818 266 899 qui
287 816 447 896 loquitur,
472 815 543 895 ipsu
564 818 614 878 est
635 813 736 892 actio,
766 829 851 893 quae
872 814 920 894 id,
948 813 1034 894 quod
1060 812 1243 878 subiectum
1269 831 1364 879 onum

212 913 359 980 ciatiouis
380 912 524 977 luturum
547 914 607 990 ost,
628 910 661 974 in
684 928 719 976 so
740 910 855 992 recipit
876 912 929 976 vel
943 929 982 976 ex
1003 928 1038 975 se
1058 910 1186 976 demum
1205 915 1364 992 procreet.

211 1011 333 1077 Eadem
365 1010 464 1090 igitur
492 1008 586 1088 plane
613 1008 697 1073 ratio
723 1008 895 1074 intercedit
925 1008 1011 1073 inter
1044 1007 1204 1073 obiectum
1233 1013 1268 1073 et
1295 1008 1364 1075 sul>

211 1108 342 1188 iectum,
363 1124 444 1188 quse
460 1106 544 1170 inter
558 1104 737 1171 subiectum
758 1111 880 1171 etcum
902 1106 957 1188 qui
972 1105 1122 1186 loquitur.
1155 1106 1364 1172 Accusativm

212 1205 257 1270 sic
276 1210 443 1286 spectatus
464 1204 590 1268 ratione
612 1203 797 1270 nominativi
818 1203 929 1269 habita
951 1202 1087 1268 eundem
1108 1203 1214 1269 locum
1235 1204 1364 1271 obtinet

217 1319 313 1382 quern
328 1300 541 1366 nominativus
555 1299 679 1365 ustione
695 1301 772 1370 eius,
792 1302 848 1382 qui
862 1300 1014 1381 loquitur,
1036 1300 1156 1381 habita,
1178 1312 1363 1384 quaproptc

220 1399 421 1464 accusativus
440 1398 565 1463 ratione
581 1398 766 1464 nominativi
787 1399 896 1464 habita
914 1399 1023 1465 vocari
1040 1404 1149 1479 potest
1167 1418 1257 1463 oum
1275 1409 1364 1467 rectu

211 1495 477 1577 quemadmodum
500 1499 552 1560 est
571 1496 785 1561 nominativus
805 1496 875 1577 ipse
896 1498 1022 1562 ratione
1044 1497 1123 1576 cius,
1145 1497 1201 1577 qui
1217 1497 1363 1578 loquitur

210 1592 330 1659 habita.
360 1593 452 1657 Eius
474 1598 598 1671 autem,
619 1592 673 1673 qui
693 1593 852 1672 loquitur,
873 1594 998 1658 ratione
1019 1593 1133 1659 habita
1151 1596 1364 1661 accusativum

212 1693 349 1770 apparet
370 1707 499 1755 munere
525 1710 627 1754 cusum
654 1692 811 1767 colunum.
858 1690 979 1768 Quodsi
1005 1691 1046 1756 ad
1074 1692 1295 1757 accusativum
1317 1693 1364 1758 oli

210 1787 286 1854 iecti
308 1786 432 1851 accedit
452 1786 539 1852 notio
559 1787 786 1867 praedicativa,
809 1788 939 1867 ponitur
960 1787 1039 1854 haec
1061 1788 1094 1853 in
1109 1788 1267 1870 singulari
1283 1790 1362 1855 verb

210 1882 325 1955 forma,
347 1881 511 1965 infinitivo,
531 1890 727 1964 quapropter
749 1885 846 1950 etiam
868 1890 956 1951 recte
977 1885 1056 1951 dicit
1077 1886 1216 1951 Haasius
1239 1888 1283 1952 ud
1299 1886 1364 1951 Rei

214 1980 329 2061 sigium
351 1981 457 2045 adnot.
480 1986 540 2046 601
558 1981 592 2060 b,
615 1983 748 2047 eandem
768 1983 968 2048 intercedere
991 1984 1146 2048 rutionem
1168 1984 1256 2048 inter
1279 2001 1363 2050 sccu-

212 2079 351 2143 sativum
367 2083 401 2143 et
416 2078 654 2158 nominativum,
677 2097 773 2160 quam
788 2081 874 2145 inter
891 2078 1081 2146 infinitivum
1103 2085 1137 2145 et
1151 2079 1364 2147 indicativum

297 2175 406 2256 Usque
431 2175 533 2242 adhuc
560 2177 643 2243 actio
666 2178 737 2258 ipsa
763 2177 896 2258 eiusque
916 2182 1032 2243 nutura
1054 2178 1202 2243 universe
1225 2185 1364 2258 spectatu

212 2279 271 2339 est.
315 2273 384 2338 Iam
406 2280 588 2354 spectemus
603 2292 683 2354 eum,
706 2283 865 2355 quatenus
883 2295 915 2339 sc
933 2278 1063 2351 explicet,
1085 2275 1170 2355 quod
1190 2275 1279 2340 ultra
1295 2281 1360 2341 tem·

210 2372 298 2452 poris
321 2378 515 2437 momentum
539 2372 754 2454 progreditur,
780 2374 827 2438 ita
850 2382 886 2438 ut
905 2373 1024 2438 sensim
1045 2370 1116 2437 lieri
1135 2378 1170 2438 et
1189 2374 1280 2438 nasci
1303 2393 1364 2439 eeu

213 2468 386 2548 videamus,
409 2486 473 2551 qua
494 2468 526 2533 in
547 2488 583 2533 re
604 2473 724 2533 initium
746 2474 952 2547 explicationis
973 2471 1235 2552 distinguendum
1259 2472 1364 2538 estu!

212 2584 260 2645 eo,
284 2566 338 2645 qui
352 2567 471 2647 excipit
485 2567 619 2646 initium,
641 2572 781 2630 ulteriore
790 2589 952 2645 propressu
966 2569 1045 2633 eius.
1090 2569 1196 2633 Primo
1217 2569 1276 2635 illo
1294 2581 1363 2636 tem

210 2664 298 2744 puris
329 2670 503 2742 momento,
536 2681 598 2743 quo
627 2666 711 2730 actio
738 2667 880 2731 nascitur
908 2672 942 2730 et
973 2683 1013 2730 es
1041 2666 1206 2732 voluntate
1233 2668 1364 2735 subiect

211 2762 303 2840 quasi
326 2761 443 2842 prodit,
465 2761 569 2827 adhuc
590 2762 747 2827 incertum
772 2768 834 2842 est,
857 2764 1014 2843 quomodo
1035 2782 1070 2828 se
1092 2763 1147 2828 illa
1167 2764 1312 2845 amplius
1333 2766 1363 2831 si

212 2858 424 2939 explicatum,
457 2878 528 2925 cum
558 2860 693 2925 diversis
720 2861 823 2924 modis
852 2859 913 2926 hoo
942 2858 1011 2925 fieri
1042 2862 1152 2941 possit.
1197 2861 1293 2944 Opus
1324 2881 1363 2928 es·

214 2954 315 3036 igitur
335 2955 395 3020 hoc
421 2957 524 3038 ipsum
547 2958 729 3023 accuratius
752 2958 903 3023 constitui
928 2958 992 3021 ianr
1019 2958 1092 3024 inde
1120 2959 1255 3039 abipso
1278 2961 1364 3025 initu

209 3051 360 3132 actionis,
388 3055 472 3132 quod
495 3051 547 3134 iit,
575 3056 602 3119 si
625 3054 785 3120 obiectum
808 3054 959 3134 offertur,
987 3058 1072 3135 quod
1096 3058 1254 3123 actionem
1279 3076 1363 3140 quus

210 3148 244 3212 in
259 3166 294 3212 se
309 3149 419 3230 dirigit
439 3169 573 3232 eamque
589 3152 648 3217 hoc
664 3151 757 3217 modo
773 3154 947 3218 constituit.
993 3155 1054 3220 Hic
1077 3154 1139 3220 dici
1155 3160 1267 3235 potest
1284 3175 1364 3218 occu

208 3250 323 3309 actious
344 3251 522 3312 directionis.
553 3249 617 3316 Sed
639 3249 718 3316 haec
739 3251 810 3331 ipsa
832 3250 965 3317 directio
988 3253 1105 3317 iterum
1128 3252 1250 3333 duplici
1275 3255 1364 3318 mod(

208 3350 317 3423 petest
345 3346 490 3426 cogitari.
534 3348 601 3412 Aut
629 3348 712 3412 enim
740 3348 781 3413 ab
811 3348 902 3413 initio
923 3355 1033 3429 potest
1059 3350 1229 3429 constitui,
1264 3351 1314 3415 ita
1336 3364 1364 3414 ut

206 3440 385 3506 subiectum
410 3444 570 3508 obiectum
592 3463 685 3510 suum
708 3445 800 3526 quusi
820 3452 857 3509 ut
879 3454 1033 3524 punctum
1054 3447 1121 3512 sive
1142 3447 1278 3527 propius
1302 3448 1364 3513 sive

207 3537 335 3619 longius
357 3546 515 3606 remotum
539 3542 730 3621 consideret,
753 3542 795 3606 ad
809 3544 894 3622 quod
909 3545 1023 3610 tendat
1044 3546 1137 3625 actio,
1161 3545 1248 3625 quod
1271 3546 1301 3610 si
1322 3543 1363 3610 iit

204 3638 406 3702 accusativus
428 3639 602 3719 respondet
624 3641 665 3704 ad
693 3642 965 3720 interrogationes
992 3645 1083 3717 quoi,
1115 3647 1294 3719 quorsuml,
1327 3645 1364 3709 si·

203 3733 312 3812 milcs;
336 3742 477 3814 autres,
500 3753 581 3815 quse
597 3736 803 3803 directionem
824 3739 1006 3816 constituit,
1030 3740 1172 3806 subiecto
1193 3740 1273 3806 item
1295 3761 1364 3822 spe·

207 3831 255 3896 cie
277 3832 471 3898 extensionis
502 3852 537 3898 se
560 3833 729 3900 ostendere
759 3841 864 3915 potest
893 3837 961 3900 sive
989 3837 1078 3916 vise,
1110 3856 1181 3902 cum
1209 3855 1276 3920 qus
1305 3842 1364 3921 via

206 3946 269 4009 qua
292 3930 375 3994 actio
398 3930 484 3995 itura
506 3938 571 4010 est,
595 3938 799 4011 comparetur
822 3939 854 3998 et
877 3934 1051 3999 secundum
1075 3951 1170 4015 quum
1192 3934 1364 4019 dirigatur,

202 4028 288 4106 quod
311 4028 366 4092 ubi
387 4024 433 4108 fit,
456 4029 658 4094 accusativus
674 4030 848 4111 respondet
862 4030 904 4096 ud
918 4031 1189 4114 interrogationes
1204 4054 1264 4111 per
1278 4054 1364 4112 qm

202 4127 329 4195 omos,
350 4128 510 4189 seeundum
531 4146 616 4202 quem
639 4130 764 4199 locumi,
786 4131 871 4191 ultro
890 4148 977 4205 qoem
999 4132 1123 4202 usone
1141 4139 1264 4208 prum
1277 4151 1364 4208 quecui

200 4222 319 4285 locum?
354 4228 475 4295 (morou
504 4221 639 4301 ostioli)
669 4225 814 4304 aliasque
850 4225 945 4291 huius
979 4228 1115 4307 generis.
1167 4227 1364 4310 Plerumque

199 4315 303 4398 igitur
328 4319 380 4386 hic
408 4331 459 4387 est
485 4324 685 4387 accusativus
714 4322 790 4402 loci,
824 4325 879 4405 qui
912 4330 1019 4389 tumen
1048 4325 1144 4391 etiam
1170 4326 1204 4390 in
1231 4325 1364 4406 ideales,
