3125 5075
496 502 586 546 Ossllfl
599 505 870 553 suusnuumvowu.
889 533 912 545 -
928 514 1033 556 ABlrss‘.
1278 529 1341 589 177

218 667 318 736 ffima
344 687 416 738 cnm
441 673 514 756 ipso
540 678 685 746 subiecto
714 682 947 753 enunciationis
974 685 1107 770 eiusque
1134 708 1213 756 vera
1238 690 1345 759 indole

187 829 192 836 ,
217 770 357 834 unauna
371 768 572 841 ouhaemant
594 796 623 843 a
644 779 807 845 Atlantas
822 784 978 860 pnncipir'.
999 784 1073 852 Huc
1093 787 1235 868 pertinet
1256 789 1346 856 abla-

218 863 291 975 hrns,
310 866 366 947 oni
385 868 506 948 dicitnr
525 877 663 953 origine,
686 878 741 958 qui
756 879 905 960 exprimit
919 882 1098 963 genitorem
1111 882 1164 949 vel
1177 886 1344 952 materiem

216 968 372 1042 amentem
391 972 428 1032 et
447 977 683 1054 procreantem,
717 975 772 1056 qni
794 977 938 1057 iungitur
966 997 1038 1045 cum
1065 981 1171 1049 verbis
1192 989 1342 1067 meone,

215 1059 338 1140 Μ
358 1067 487 1138 orimur,
509 1085 573 1149 quo
589 1072 752 1151 pertinent
767 1073 865 1138 ctiam
877 1094 947 1156 esse,
969 1079 1077 1155 facere,
1099 1081 1177 1159 fieri,
1199 1086 1341 1148 autnon

215 1154 300 1222 rdditn
327 1164 567 1243 praepositione
592 1173 651 1233 aut
681 1169 798 1235 additis
825 1173 1116 1253 praepositionibus
1137 1196 1187 1248 ea,
1212 1180 1263 1249 de,
1293 1183 1341 1246 ab.

215 1247 288 1318 Vter.
309 1254 449 1340 Lyeurg.
478 1259 516 1325 fr.
540 1267 595 1330 21:
629 1268 768 1343 Dryante
791 1288 889 1347 rogem
907 1277 1091 1347 prognatam
1105 1280 1204 1348 patre
1247 1275 1343 1342 Ennii

214 1345 334 1432 byeus
369 1353 408 1419 fr.
432 1360 468 1421 6:
502 1362 628 1426 Tantalo
650 1375 823 1442 prognatus,
846 1370 957 1445 Pelope
979 1378 1074 1432 natus.
1119 1369 1215 1435 Ennii
1237 1374 1340 1439 annal.

214 1447 254 1513 inc
273 1449 356 1518 sedis
378 1451 491 1536 fragm.
517 1462 597 1523 140:
623 1462 755 1525 darana
778 1473 882 1527 sancte
904 1472 1009 1531 aean.
1052 1465 1223 1534 Erechthei
1244 1468 1283 1533 ir.
1308 1474 1341 1535 2:

214 1547 287 1609 hoo
306 1557 412 1612 creata
431 1553 524 1617 fuscis
547 1561 679 1621 crinibus
700 1564 775 1623 Nox.
823 1561 917 1625 Ennii
940 1563 1041 1627 annal.
1068 1564 1088 1628 l.
1111 1564 1259 1645 vl11,fr.
1284 1572 1341 1633 24:

212 1644 301 1708 Panos
322 1649 445 1711 Didone
466 1655 616 1719 mandor.
661 1656 756 1721 Ennii
780 1658 884 1723 annal.
913 1659 933 1723 l.
956 1660 982 1739 I,
1019 1659 1057 1724 lr.
1082 1665 1132 1739 72,
1166 1679 1193 1725 a.
1220 1668 1340 1727 117:o

212 1759 317 1818 unguen
339 1747 388 1807 oe
408 1750 576 1814 oriundam.
624 1754 718 1818 Ennii
739 1755 842 1820 annal.
865 1755 885 1819 l.
908 1754 934 1835 I,
970 1777 999 1822 v.
1024 1763 1079 1823 53:
1116 1762 1158 1820 Te
1184 1763 1247 1823 sole
1266 1767 1341 1822 nata

210 1856 294 1914 aecor
315 1845 427 1906 Vanus.
472 1845 566 1912 Ennii
588 1851 691 1914 annal.
715 1851 735 1916 l.
758 1851 785 1930 Ι,
808 1851 847 1918 fr.
871 1858 930 1917 29:
964 1854 1116 1917 Assaraco
1137 1862 1227 1920 notus
1250 1860 1339 1935 Capio

210 1940 321 2012 optimus.
346 1938 449 2005 Plaut
474 1945 587 2025 Amph.
610 1947 670 2028 111,
697 1955 722 2028 1,
748 1954 787 2014 18
809 1969 870 2031 sq.:
894 1962 925 2013 et
946 1954 1025 2029 qnod
1047 1955 1198 2029 gravidast
1218 1956 1283 2015 niro
1298 1957 1340 2015 Et

208 2051 239 2094 ne
256 2039 330 2112 qnod
352 2042 511 2114 gravidast.
541 2042 632 2123 Epio.
655 2044 693 2125 V,
718 2052 745 2125 1,
771 2053 825 2114 35:
854 2052 923 2110 istic
945 2050 1040 2111 frater
1061 2051 1125 2111 alia
1146 2056 1253 2121 matre,
1279 2070 1339 2113 ano

205 2139 278 2205 prtrc.
299 2132 397 2199 Poen.
421 2136 459 2215 V,
483 2145 513 2217 4,
537 2145 592 2204 31:
614 2146 681 2204 Non
703 2162 737 2204 ao
758 2165 857 2207 snmus
872 2151 1041 2219 prognatae
1059 2166 1173 2222 genere.
1197 2146 1269 2211 Aul.
1293 2146 1336 2227 ΙΙ,

209 2233 295 2309 235ε
318 2235 378 2295 Dic
400 2237 450 2314 mi,
471 2240 555 2312 quali
576 2258 623 2300 me
646 2243 777 2303 abitrare
799 2261 905 2317 genere
920 2244 1126 2317 moyssonem?
1163 2242 1231 2308 EU.
1254 2247 1339 2309 bono.

208 2331 298 2401 Pseud.
322 2336 349 2417 1,
373 2335 404 2408 3,
429 2336 504 2397 122;
528 2340 604 2398 istoc
625 2356 736 2416 genere
759 2349 876 2417 gnatus.
899 2338 1014 2402 Pseud.
1038 2357 1066 2403 v.
1091 2343 1167 2404 590:
1196 2344 1259 2418 Quo
1284 2345 1339 2404 sim

208 2450 290 2504 onoc
309 2441 427 2510 gnatas.
458 2428 541 2496 Men.
565 2432 608 2512 II,
632 2441 660 2516 3,
686 2442 737 2501 56:
765 2440 890 2499 Moscho
913 2444 1089 2512 prognatum
1113 2445 1208 2513 patre.
1246 2436 1284 2514 V,
1309 2442 1339 2515 9,

210 2532 247 2596 lu:
267 2535 315 2595 hle
339 2552 405 2596 esse
429 2535 510 2603 dico,
532 2536 654 2596 Moscho
672 2542 856 2612 prognatam
871 2540 970 2609 pane.
993 2551 1022 2595 v.
1046 2535 1087 2596 20
1103 2549 1165 2613 sq.:
1190 2536 1255 2595 Tun
1277 2555 1339 2597 meo

204 2632 291 2699 norro
306 2632 495 2707 prognatus?
539 2630 640 2695 MEN.
664 2632 689 2695 Ι.
734 2637 826 2694 Immo
849 2633 1000 2709 equidem,
1032 2632 1229 2707 adulescens,
1266 2651 1338 2698 mco.

207 2719 271 2792 Vua.
292 2726 332 2808 V,
355 2733 384 2808 9,
406 2735 463 2792 44:
486 2749 550 2791 aaa
570 2735 667 2790 matre
687 2738 772 2794 natos
795 2740 827 2792 et
842 2737 932 2806 patre
953 2749 1022 2793 ano.
1046 2726 1142 2793 Most
1165 2727 1204 2807 V,
1228 2733 1257 2804 2,
1281 2733 1337 2794 20:

205 2829 306 2888 onmis
327 2831 411 2902 gnati
434 2830 600 2903 generibus.
624 2831 709 2891 Pers.
733 2846 761 2890 u.
786 2832 864 2892 252:
889 2830 952 2903 Ope
975 2834 1074 2903 gnato.
1095 2824 1184 2889 Pers.
1208 2842 1237 2890 v.
1262 2829 1338 2891 594:

204 2922 252 2997 dno
270 2940 375 2998 genae
397 2933 449 2985 ant
471 2928 579 3002 quain
602 2929 701 3001 patria
723 2931 798 2987 nota
820 2928 861 2986 sit
882 2933 934 2987 aut
955 2927 1061 2999 qoibrrs
1078 2925 1262 2999 parentibus,
1285 2923 1339 2988 ubi

203 3017 281 3084 etiam
308 3040 366 3096 qao
387 3041 491 3096 penae
522 3040 584 3086 non
607 3021 711 3086 solum
735 3022 775 3085 ad
806 3025 846 3083 sit
867 3028 917 3087 est
938 3019 1138 3085 referendum
1156 3021 1236 3094 (tum
1254 3024 1339 3084 osset

202 3113 250 3179 abl
271 3115 413 3191 habitus)
437 3119 493 3183 sed
516 3119 557 3182 ad
578 3127 653 3181 nota
674 3124 719 3182 sit.
743 3117 800 3198 IV,
823 3125 853 3197 4,
878 3125 935 3184 93:
959 3123 1042 3180 llaec
1064 3121 1123 3179 erit
1145 3119 1219 3177 bono
1233 3134 1339 3192 genoe

200 3221 267 3277 roa.
288 3214 388 3279 Mera.
411 3215 448 3293 V,
472 3223 501 3291 4,
524 3221 558 3280 8:
584 3221 641 3292 Qui
658 3220 730 3278 bono
753 3226 823 3277 sunt
842 3235 947 3292 geram
969 3218 1042 3278 noti.
1068 3212 1194 3278 Terent.
1211 3212 1338 3277 Phorm.

200 3307 220 3390 I,
239 3317 265 3391 2,
287 3316 343 3377 65:
366 3316 448 3375 illam
471 3316 562 3375 civem
586 3335 652 3377 esse
675 3317 806 3377 Atticam
827 3317 936 3375 bonam
958 3315 1040 3373 bonis
1056 3317 1246 3386 prognatam.

268 3410 363 3474 Ennii
387 3410 490 3473 arnnal.
516 3409 537 3473 l.
560 3411 602 3490 11,
626 3410 663 3475 fr.
686 3419 706 3475 4
729 3430 778 3491 ap.
811 3411 898 3474 Fest.
926 3428 956 3488 p.
983 3412 1039 3470 161
1066 3406 1123 3471 Μ.;
1147 3409 1178 3468 Si
1200 3410 1272 3483 quid
1293 3425 1338 3467 me

199 3507 277 3575 lunt
297 3510 467 3569 humanitus
491 3518 523 3568 ut
546 3513 684 3583 teneatis,
707 3508 798 3587 adq.
823 3506 843 3570 l.
880 3504 1051 3569 Dacerius:
1082 3502 1281 3582 „Sententia:
1312 3501 1340 3565 si

200 3618 270 3668 nors
293 3603 372 3667 mihi
394 3604 542 3683 contigit,
566 3623 638 3668 nam
662 3624 734 3669 cnm
757 3608 892 3667 mortem
916 3599 1140 3680 designabant,
1167 3597 1339 3662 humanum

203 3716 347 3782 usupare
370 3700 516 3765 solebant
538 3707 677 3777 veteres,
716 3702 743 3766 si
777 3700 854 3780 quid
883 3697 1012 3762 humani
1042 3696 1118 3760 mihi
1141 3694 1278 3771 accidat,
1313 3694 1341 3757 si

201 3797 261 3873 qnid
283 3797 469 3862 humanitus
491 3797 645 3863 accidat.“
683 3798 768 3863 llale
791 3804 898 3861 autem
920 3794 1077 3859 Dacerius
1106 3792 1260 3856 istudne
1282 3807 1339 3869 pro

202 3895 369 3960 toeusahm
392 3894 517 3975 accipit.
543 3895 647 3959 Plant.
672 3895 786 3960 Bacch.
808 3895 850 3964 ll,
874 3901 902 3969 3,
928 3895 1004 3955 100:
1027 3893 1133 3953 Nescit
1155 3891 1224 3965 quid
1245 3889 1343 3961 sociat

205 4006 274 4056 arro.
312 3990 406 4071 Capt.
430 3990 469 4070 V,
493 3997 520 4070 l,
545 3997 600 4057 30:
639 3997 706 4055 volo
733 3996 901 4068 Erogitare,
922 4007 985 4049 meo
1007 3990 1121 4048 minore
1143 3990 1214 4064 qnid
1235 3990 1275 4048 sit
1294 3986 1342 4058 sa-

204 4090 263 4148 rtan
283 4092 359 4163 filio.
405 4087 490 4153 Trin.
514 4089 538 4169 I,
563 4095 592 4170 2,
618 4095 691 4155 12οε
715 4092 818 4168 Siquid
840 4108 872 4150 eo
894 4088 996 4164 forent,
1024 4085 1116 4164 adq.
1140 4083 1160 4148 l.
1183 4082 1341 4146 Lindemz

206 4182 239 4257 ‚ti
257 4183 330 4264 quid
347 4185 378 4250 ei
392 4184 554 4250 acciderit.
578 4193 654 4252 Esse
676 4188 770 4266 enim,
793 4191 830 4250 nt
851 4188 956 4260 fucere,
978 4185 1054 4257 pieri,
1076 4180 1215 4245 ablativo
1239 4178 1343 4258 iungi·

208 4278 246 4342 tar
263 4300 330 4346 rem
354 4288 482 4363 notans,
506 4301 588 4366 quoe
610 4285 643 4348 in
665 4284 771 4364 aliquo
794 4280 923 4359 accidit,
953 4279 1006 4344 ubi
1029 4296 1086 4342 nos
1109 4277 1256 4343 dicimus:
1284 4272 1342 4337 ruit

209 4367 346 4451 ituuubeu
370 4379 537 4465 erlongus.
581 4385 661 4462 Quid
688 4401 733 4443 me
755 4383 824 4456 fiet?
861 4380 930 4442 ruod
953 4373 1009 4456 loll
1037 4377 1097 4438 aad
1119 4372 1179 4437 mit
1201 4369 1342 4436 narboni

211 4470 269 4543 Qua
292 4484 316 4540 te
342 4478 475 4552 saciomt
509 4481 579 4543 raud
607 4475 662 4561 loll
695 4477 736 4559 id)
764 4475 821 4542 mit
849 4476 896 4540 bit
927 4471 1102 4555 colonges?
1140 4473 1173 4531 St
1201 4473 1273 4547 qaid
1296 4488 1343 4530 osc

248 4573 321 4621 druse.
336 4580 448 4629 sonares.
472 4580 490 4618 1.
1089 4578 1127 4634 12
