3125 5075
286 519 349 581 330
574 507 637 547 cue.
651 508 697 547 xv.
730 506 875 547 ιιοιιιιιιιι
903 503 1156 546 ιιιιιιιιοιιιιοιιιιιι.

286 697 366 762 Cato
397 695 433 760 R.
457 695 494 759 B.
523 714 549 761 e.
584 698 657 760 156:
690 697 795 758 eodem
825 697 927 756 addito
956 699 985 754 et
1011 698 1118 756 oleum.
1162 688 1198 755 Ο.
1231 695 1311 755 157:
1345 693 1390 754 sie
1418 698 1444 752 ιι

286 798 474 871 laserpitium
497 797 571 858 cett.
595 792 700 857 Pluut.
724 791 838 872 Amph.
860 790 1025 870 1,1,110:
1049 792 1188 867 quonium
1211 788 1340 852 formam
1362 790 1443 850 ιιιιιιι

288 894 356 968 cepi
385 895 416 952 iu
438 909 485 951 me
509 899 541 952 et
564 898 683 969 statum,
706 894 804 953 Decet
825 896 853 950 et
873 889 955 952 iaetu
976 903 1133 964 moresque
1156 889 1245 950 huius
1268 888 1382 950 hebere
1402 905 1443 947 rue

288 991 394 1051 similis
417 991 498 1049 item.
543 985 634 1052 Cure.
658 987 695 1065 V,
720 991 758 1065 2,
782 990 817 1052 6;
846 990 1030 1049 Meminero:
1059 987 1096 1047 de
1123 988 1201 1047 istou
1223 986 1347 1062 quietus
1369 993 1443 1045 esto:

287 1090 332 1148 Et
353 1104 434 1146 nune
455 1088 534 1146 idem
564 1086 631 1146 dico
654 1109 697 1138 =
720 1084 818 1148 etiem
847 1101 939 1149 nune.
969 1083 1051 1148 Rud.
1082 1079 1160 1162 prul
1192 1097 1221 1144 v.
1246 1085 1285 1146 8:
1317 1085 1364 1144 nt
1390 1083 1445 1144 ulie

288 1187 375 1259 signe
397 1185 434 1244 de
457 1186 543 1244 cuelo
573 1183 746 1244 ulterram
769 1183 917 1244 accidunt.
962 1180 1090 1245 Terent.
1114 1176 1252 1259 Adelpln
1275 1177 1307 1254 1,
1335 1181 1371 1254 2,
1392 1182 1444 1242 49:

286 1282 427 1343 nemini
449 1288 579 1342 euraest.
623 1276 773 1361 Inprimis
796 1279 843 1343 sie
864 1277 1006 1360 positum
1032 1276 1196 1342 invenitur
1224 1275 1316 1340 etin
1337 1279 1447 1340 runnu

290 1375 492 1441 salutatione.
538 1375 590 1441 Sic
611 1375 715 1442 Pleut
740 1375 808 1440 Mil.
831 1375 887 1455 IV,
911 1379 941 1453 8,
964 1380 1023 1441 42:
1046 1379 1109 1437 lam
1131 1379 1206 1437 vele.
1252 1372 1320 1437 PY.
1351 1376 1397 1436 Et
1415 1381 1446 1434 tu

285 1477 363 1536 bene
386 1477 462 1535 vale.
506 1472 602 1538 Poen.
626 1472 665 1551 V,
689 1478 719 1551 2,
745 1476 822 1536 116:
852 1479 881 1534 et
902 1481 935 1535 ιι
956 1477 1058 1547 sulse,
1088 1475 1334 1550 Agorastocles·
1359 1469 1443 1534 Pers.

287 1569 342 1648 IV,
366 1574 400 1649 6,
425 1575 480 1634 27:
510 1574 595 1634 Vale.
641 1568 701 1635 SA
729 1574 862 1633 Etrus.
907 1570 988 1634 Rnd.
1011 1569 1058 1647 II,
1080 1574 1116 1646 4,
1139 1574 1175 1634 3:
1205 1571 1316 1645 Salve,
1347 1571 1445 1631 suue-

288 1687 384 1731 seeus.
430 1666 489 1732 So.
512 1673 558 1729 Et
579 1677 611 1728 tu
633 1671 758 1729 multum
781 1675 909 1748 salveto,
940 1670 1176 1730 adulescentula.
1222 1665 1326 1732 suen.
1349 1664 1397 1745 11,
1420 1670 1446 1742 1,

287 1767 347 1830 44:
370 1769 415 1827 Et
436 1775 469 1827 tu
491 1769 583 1828 salve.
629 1764 714 1828 Trin.
737 1763 768 1844 1,
789 1769 819 1842 2,
846 1769 901 1829 11:
924 1769 970 1827 Et
989 1773 1023 1826 tu
1045 1767 1153 1840 edepol
1177 1767 1271 1840 salve,
1296 1767 1445 1827 Callicles.

288 1862 415 1927 Terent.
446 1861 523 1928 Hec.
551 1860 585 1940 Ι,
614 1866 648 1940 2,
680 1865 752 1926 122:
791 1865 875 1927 Vele.
921 1861 986 1925 PA.
1017 1866 1062 1924 Et
1093 1872 1126 1925 tu
1160 1865 1237 1924 bene
1266 1866 1354 1937 sule,
1381 1865 1446 1923 Phi·

287 1964 402 2023 lotium.
1393 1984 1396 1988 ·

373 2057 393 2119 i.
438 2055 684 2137 Coniunguntur
711 2056 845 2123 voculae
874 2064 903 2119 et
928 2059 1025 2120 etiam
1077 2054 1130 2120 Sic
1161 2053 1297 2135 Lingius
1327 2059 1446 2134 quaest

287 2151 391 2217 Pluut
415 2172 445 2234 p.
470 2159 510 2221 63
533 2154 605 2219 Aul.
628 2153 694 2233 ΙΠ,
718 2161 748 2233 3,
771 2162 790 2218 4
813 2161 842 2215 et
869 2155 982 2220 inserit
1003 2158 1079 2219 ente
1100 2156 1192 2216 etium
1214 2152 1376 2218 scribens:
1407 2155 1449 2214 Et

288 2255 379 2312 etiam
407 2256 580 2329 introduce,
615 2256 642 2315 si
671 2256 732 2330 ris,
766 2258 800 2317 et
829 2252 969 2333 explieat
998 2257 1027 2312 et
1053 2254 1144 2314 etiam
1171 2267 1231 2329 per
1260 2255 1350 2325 atqve
1369 2251 1447 2311 odeo.

288 2348 417 2415 Terent.
442 2349 570 2414 Phorm.
593 2348 650 2429 IV,
675 2354 705 2428 3,
729 2355 780 2413 51.

374 2446 406 2511 k.
451 2447 513 2511 Ubi
537 2447 619 2515 duee
640 2446 692 2510 vel
715 2447 824 2527 plures
847 2463 901 2510 res
924 2461 987 2530 uon
1010 2445 1104 2508 modo
1121 2442 1373 2526 coniunguntur,
1395 2444 1446 2508 sed

288 2552 469 2624 aequantur
484 2547 539 2625 ite,
564 2550 601 2610 ut
615 2545 753 2610 alterum
769 2563 832 2609 uon
848 2546 952 2609 miuus
971 2544 1173 2626 intelligatur
1188 2560 1286 2622 quum
1302 2544 1446 2621 alterum,

287 2642 397 2707 Latini
425 2644 535 2709 dieunt
564 2650 593 2704 et
614 2676 656 2687 -
676 2650 713 2705 et.
758 2644 818 2707 Est
848 2641 948 2722 igitur
969 2641 1002 2705 id
1031 2642 1117 2721 quod
1140 2649 1203 2703 lum
1225 2675 1268 2684 —
1292 2648 1373 2711 tum,
1401 2640 1446 2705 vel

288 2749 383 2801 ιιι-
407 2745 461 2811 sie,
491 2761 550 2802 uon
572 2744 671 2802 miuus
694 2759 800 2813 prtem,
823 2758 921 2813 aeque.
968 2739 1060 2804 Unde
1083 2740 1210 2804 exsistit
1233 2740 1319 2803 ratio
1341 2757 1445 2804 ueces-

289 2841 373 2904 saria
397 2844 430 2903 et
452 2856 551 2902 nexus
574 2839 683 2916 artior,
703 2837 990 2917 intelligunturque
1012 2842 1121 2917 partes
1144 2838 1239 2901 unius
1260 2837 1310 2900 rei
1333 2852 1445 2915 aequa·

288 2938 345 3003 les.
369 2937 435 3017 (Sic
457 2936 602 3000 Haudius
624 2954 654 3015 p.
681 2937 766 3010 524).
804 2933 884 2998 Cato
906 2935 943 2998 R.
967 2934 1003 2997 R.
1028 2931 1124 3014 prael.
1149 2935 1168 3011 ξ
1192 2941 1230 2998 4:
1253 2941 1298 2997 At
1320 2954 1358 2996 ex
1373 2937 1444 3009 egri·

289 3039 364 3098 eolis
394 3041 422 3094 et
450 3038 507 3094 viri
534 3033 690 3095 fortissimi
718 3038 746 3093 et
776 3037 886 3095 milites
917 3037 1117 3095 strenuissimi
1140 3037 1312 3109 gignuntur.
1359 3031 1392 3096 C.
1417 3036 1444 3094 3:

288 3140 317 3194 et
337 3134 382 3193 rei
405 3136 433 3190 et
453 3135 557 3191 virtuti
586 3137 614 3192 et
634 3134 747 3207 gloriae
778 3134 846 3192 erit
892 3129 925 3195 C.
951 3136 987 3196 8:
1022 3132 1082 3192 Sub
1110 3135 1184 3192 urbe
1212 3133 1334 3192 hortum
1365 3147 1445 3192 omne

289 3249 391 3307 genus,
416 3237 629 3290 coronamenta
651 3247 738 3290 omne
763 3247 866 3304 genus,
891 3231 996 3292 bulbos
1020 3232 1199 3305 meguuines,
1225 3237 1357 3289 muttum
1381 3247 1444 3288 eon-

288 3332 418 3404 iugulum
443 3332 470 3387 et
492 3329 592 3388 elbum
614 3331 642 3386 et
664 3330 799 3404 nigrum,
823 3331 939 3387 laurum
962 3330 1156 3404 Delphicam,
1186 3333 1214 3386 et
1235 3329 1398 3402 Cyprienm
1423 3330 1446 3384 ει

291 3429 456 3488 silvaticum
478 3457 521 3467 -
545 3427 618 3485 haee
642 3424 733 3484 feeite
757 3428 800 3484 uti
825 3432 973 3487 seruntur.
1019 3423 1122 3488 Plaut.
1152 3422 1244 3504 Oapt.
1268 3423 1339 3501 ΙΠ,
1366 3430 1393 3500 1,
1416 3427 1443 3486 2:

289 3525 342 3584 Set
363 3525 446 3584 illest
468 3525 620 3600 miserior,
645 3525 694 3597 qui
717 3526 745 3581 et
767 3540 858 3598 aegre
882 3527 999 3598 qneerit
1021 3530 1050 3583 et
1071 3526 1145 3583 nihil
1168 3525 1293 3584 invenit.
1331 3519 1407 3585 cist
1422 3517 1443 3595 1,

289 3625 318 3698 3,
344 3625 374 3683 l:
403 3624 568 3695 Utrumque
591 3622 681 3692 haee,
705 3624 733 3677 et
762 3623 939 3695 multiloque
969 3627 997 3680 et
1026 3622 1210 3682 multibibnst
1233 3638 1319 3681 uuus.
1366 3618 1443 3680 Trin.

288 3718 325 3795 V,
344 3722 372 3794 2,
397 3721 455 3779 60:
485 3719 550 3793 Ego
574 3719 694 3791 dueum,
717 3727 823 3794 puter,
852 3723 896 3780 Et
919 3737 983 3779 eum
1011 3726 1040 3778 et
1068 3722 1181 3794 siquem
1204 3721 1296 3778 ulium
1328 3717 1444 3778 iubebis.

288 3814 417 3879 Terent.
441 3814 522 3877 Eun.
539 3811 594 3891 lv,
612 3819 641 3891 6,
669 3820 723 3878 12:
747 3818 792 3876 Et
813 3817 941 3877 habetur
964 3822 992 3875 et
1014 3816 1173 3889 referetur,
1196 3818 1306 3890 Thais,
1331 3817 1386 3876 tibi
1408 3817 1445 3873 ιιι

288 3922 321 3974 ut
343 3910 474 3973 meritu's
497 3915 603 3987 gratia.

373 4009 394 4072 l.
439 4009 560 4073 Eodem
584 4009 677 4072 modo
701 4008 820 4073 dieitur
842 4009 938 4073 etium
963 4016 1054 4071 et-
1076 4009 1195 4082 queen
1218 4008 1324 4072 Ennio
1347 4006 1444 4071 annul.

287 4106 306 4170 l.
330 4105 385 4184 VI,
408 4105 445 4170 fr.
471 4111 524 4170 12:

418 4208 474 4278 Qui
497 4206 626 4265 antehae
649 4207 753 4265 iuvieti
775 4204 910 4283 fuerunt,
934 4214 1022 4281 peter
1045 4208 1155 4280 optime
1180 4207 1313 4282 Olympi,

416 4305 479 4362 Hos
502 4306 530 4361 et
552 4320 607 4378 ego
631 4306 661 4362 iu
684 4322 784 4379 pugne
806 4307 864 4365 viei
885 4308 1039 4378 vietusque
1060 4322 1124 4364 sum
1148 4304 1185 4364 ab
1208 4304 1315 4366 isdem.

371 4416 412 4462 m.
459 4399 508 4463 De
527 4406 555 4459 el
576 4407 675 4461 aetem
698 4399 772 4464 vide
795 4398 898 4465 Haud.
916 4400 1052 4466 Tursell.
1076 4399 1138 4464 vol.
1161 4400 1187 4478 Ι,
1210 4417 1241 4480 p.
1264 4405 1343 4466 583:
1370 4398 1446 4478 „Au-

289 4494 433 4575 iungitur
456 4504 554 4559 aulem
580 4498 748 4576 particulis
779 4499 988 4579 copulatius,
1023 4504 1056 4562 et
1087 4498 1215 4579 quidem
1246 4516 1287 4563 eu
1317 4499 1445 4571 ratione,
