3125 5075
199 350 262 411 314
510 340 573 380 GAP.
587 338 633 379 XV.
660 338 810 378 nocemus
824 336 1077 380 suouetarrortutt.

198 549 232 592 os
255 533 285 591 in
309 532 465 592 conubium
488 531 567 590 datu.
591 560 633 571 -
655 527 704 590 De
726 528 874 601 equidem,
896 525 981 606 quod
1004 544 1069 591 non
1092 532 1147 591 est
1161 534 1349 594 contractem

198 646 238 692 ex
260 647 311 702 epo
333 629 463 702 quidem,
486 626 567 691 bene
589 624 737 705 exposuit
750 623 906 699 Handius,
928 640 1027 702 quare
1043 626 1195 706 exempla
1212 628 1352 694 nonnulis

199 725 348 791 attulisse
371 725 450 788 satis
472 724 584 787 babeo.
627 721 732 788 Plaut
749 720 863 802 Amph.
886 720 911 800 Ι,
940 726 966 800 l,
991 727 1064 787 255.
1104 723 1242 790 AuAII,
1262 730 1351 798 l.18:

199 826 288 886 decet
302 824 435 897 equidem
452 841 521 884 vera
536 824 682 898 proloqui.
722 824 756 899 2,
772 824 829 886 38:
854 822 945 883 certe
968 825 1079 898 edepol
1093 826 1242 898 equidm.
1274 822 1351 903 Capt

198 920 242 999 ΙΙ,
267 926 295 996 3,
320 925 473 986 34:1vcm
496 921 629 994 equidem
658 922 715 981 nisi
744 920 830 994 quod·
851 921 1006 980 custodem
1034 923 1133 983 habeo
1160 924 1293 984 liberum
1314 940 1352 982 mc

200 1037 268 1082 esso
291 1022 431 1080 arbitror.
477 1017 567 1095 Epic.
591 1015 647 1094 IV,
672 1020 701 1091 2,
725 1020 781 1080 33:
803 1018 1035 1079 Adulescentem
1058 1016 1197 1092 'equidem
1226 1021 1353 1081 dicebaut

200 1119 319 1178 omissa.
365 1114 482 1179 Bacch.
506 1113 566 1192 ΙΙΙ,
592 1118 621 1190 3,
649 1118 695 1177 15.
740 1112 824 1176 Men.
848 1112 890 1192 11,
915 1118 943 1187 3,
971 1119 1025 1178 18;
1048 1118 1185 1190 equidem
1202 1127 1309 1184 tecum,
1327 1115 1352 1179 b.

199 1231 228 1277 e.
251 1210 395 1291 profecto
419 1218 531 1275 tecum.
577 1209 674 1275 Mero.
698 1209 823 1289 111,‚1,
850 1215 902 1275 10:
931 1216 1065 1290 Namque
1096 1217 1210 1292 edepol
1234 1216 1352 1290 equidem

198 1343 244 1353 -
266 1330 324 1372 uon
348 1312 438 1371 didici
461 1313 603 1372 baiolere.
648 1307 703 1379 lv,
726 1314 755 1386 3,
774 1312 831 1373 1οε
856 1313 1004 1385 chridcrp
1023 1316 1120 1376 terete
1135 1315 1251 1389 oppido
1265 1318 1352 1389 miser,

200 1409 241 1472 de
264 1424 326 1487 quo
349 1406 420 1471 loco
450 1405 619 1485 disputans
641 1405 870 1472 Fleckeisenus
899 1425 1002 1473 exerc.
1045 1408 1151 1474 Plaut
1181 1429 1215 1491 p.
1248 1415 1289 1474 20
1314 1425 1352 1487 so.

200 1506 294 1570 dicit:
323 1503 501 1583 „frequens
529 1510 582 1568 est
614 1504 699 1583 apud
726 1503 877 1568 Plautum
911 1509 1044 1580 equidem
1071 1510 1184 1580 bercto,
1217 1507 1353 1573 velutin

200 1602 260 1667 hac
282 1604 354 1682 ipsa
375 1599 484 1666 fabula
506 1600 566 1679 ΙΙΙ,
591 1605 619 1672 3,
643 1600 693 1664 b.“
717 1601 807 1666 Pers.
830 1600 887 1678 lv,
910 1608 939 1682 3,
964 1608 1003 1667 76
1020 1603 1221 1670 Ritscbelius
1237 1604 1353 1684 scripsit

200 1707 230 1765 et
257 1702 375 1776 quidem
403 1703 532 1763 secutus
563 1698 725 1763 Botbium.
779 1699 863 1765 Rud.
886 1700 940 1777 lv,
971 1709 1008 1781 4,
1037 1708 1093 1767 33:
1124 1707 1280 1778 Equidem
1307 1723 1352 1779 ego

201 1819 297 1876 usquc
312 1808 428 1874 purtem
444 1816 543 1872 posco.
578 1796 707 1862 Terent.
722 1797 821 1861 Andr.
839 1797 875 1876 V,
892 1802 922 1876 2,
944 1805 993 1863 17:
1019 1803 1181 1875 Quidnam
1199 1802 1354 1878 adportas?

200 1897 268 1962 DA.
292 1898 342 1956 Nil
364 1895 504 1967 equidem.
549 1893 630 1958 Eun.
654 1893 697 1973 ΙΙ,
721 1899 750 1973 3,
775 1899 826 1959 32.
870 1895 930 1973 ΙΙΙ,
954 1902 984 1973 ὃ,
1007 1903 1057 1966 49.
1324 1959 1327 1966 .

284 1993 334 2057 De
350 1989 500 2055 adverbio
516 1995 588 2065 quio
604 1994 724 2073 optime
741 1995 888 2073 exposuit
905 1993 1041 2060 Hessius
1057 1995 1097 2060 ad
1114 1996 1238 2076 Reisig.
1255 1997 1351 2061 adnot

201 2095 275 2156 492.
309 2089 424 2154 Ortum
447 2094 557 2154 autem
579 2097 630 2156 est
651 2110 691 2156 ex
713 2090 854 2156 ablativo
869 2094 1063 2172 pronominis
1085 2094 1310 2174 interrogetivi
1327 2100 1354 2158 ct

201 2189 333 2268 antiqua
360 2187 529 2267 negatione
556 2208 601 2252 cc.
648 2190 853 2269 Quapropter
874 2190 1011 2269 primum
1041 2190 1073 2254 in
1100 2191 1354 2273 interrogationi·

203 2287 264 2353 bus
279 2284 525 2351 adhortantibus
547 2287 691 2366 ponitur¹
714 2292 751 2351 ut
772 2286 858 2352 idem
880 2288 1020 2367 sitquod
1041 2290 1156 2363 qsridrri.
1194 2288 1234 2355 In
1249 2289 1354 2370 quibus

202 2402 300 2467 quum
323 2383 399 2448 insit
421 2383 468 2447 vis
491 2384 691 2464 imperativi,
714 2386 932 2471 usurpabatur
953 2387 1049 2451 etiam
1071 2405 1143 2451 cum
1168 2387 1274 2467 prima
1290 2405 1352 2467 per·

202 2499 282 2548 sona
312 2481 503 2547 coniunctivi
537 2484 716 2563 praesentis
750 2490 784 2549 et
813 2502 883 2550 oum
907 2484 1104 2565 imperativo.
1150 2485 1203 2550 Ex
1231 2485 1288 2551 bac
1319 2485 1354 2549 si·

201 2581 403 2663 gnificatione
426 2581 554 2645 demum
576 2579 668 2644 fluxit
690 2599 728 2645 ea
751 2599 834 2661 qnae
856 2584 1012 2648 intensiva
1034 2584 1141 2648 vocari
1170 2590 1295 2664 potest,
1325 2591 1355 2646 ut

202 2682 271 2746 iere
294 2681 378 2745 idem
402 2681 445 2744 sit
467 2679 551 2759 quod
574 2681 655 2757 odeo,
679 2697 762 2759 quse
785 2679 975 2760 significatio
997 2696 1036 2744 ex
1059 2688 1227 2746 contracta
1242 2682 1351 2745 oratio-

202 2780 251 2844 nis
273 2778 376 2843 forma
401 2776 587 2856 explicanda
609 2782 669 2840 est.
714 2777 787 2842 Nou
810 2779 951 2858 pertinet
971 2787 1078 2842 autern
1101 2779 1165 2844 hue
1181 2781 1352 2845 coniunctio

201 2883 290 2954 quin,
314 2893 395 2957 quae
419 2893 489 2939 cum
512 2875 714 2939 coniunctivo
737 2875 953 2956 coniungitur,
977 2884 1049 2940 orta
1070 2877 1127 2940 iila
1147 2895 1187 2942 ex
1211 2878 1273 2943 abl.
1290 2895 1355 2958 pro

204 2976 341 3040 nominis
365 2973 491 3039 relativi
516 2979 549 3037 ct
571 2975 740 3054 negatione
762 2993 808 3034 ae.
852 2992 879 3037 a
903 2977 982 3052 Quin
1004 2974 1356 3056 ininterrogationibus

202 3074 352 3154 positum.
399 3071 508 3135 Livius
532 3072 733 3137 Andronicus
756 3071 903 3152 Aegisthi
925 3072 962 3135 ir.
985 3076 1023 3136 8:
1049 3075 1130 3150 Quia
1152 3078 1234 3150 quod
1256 3092 1356 3151 parcre

201 3175 275 3235 mibi
298 3193 350 3234 vos
373 3175 514 3234 maiestas
538 3189 605 3232 mea
627 3173 736 3232 Procet
758 3168 802 3250 (h.
827 3188 852 3233 e.
869 3171 992 3250 poscit),
1015 3174 1154 3239 toleratis
1171 3173 1240 3236 —?
1263 3171 1357 3236 Pium

203 3270 318 3351 Amph.
334 3269 394 3350 ΙΙΙ,
412 3274 440 3347 2,
459 3275 508 3334 37:
528 3271 609 3345 Quin
624 3270 682 3329 buc
697 3271 821 3330 adducis
835 3289 931 3330 meum
944 3278 1101 3343 cognatum
1113 3273 1298 3333 Naucratem
1308 3268 1357 3331 -i

202 3369 291 3431 Asin.
314 3367 339 3441 Ι,
365 3373 392 3443 1,
420 3374 474 3431 15:
497 3371 580 3444 Quin
602 3377 633 3428 tu
656 3385 727 3442 ergo
751 3369 859 3444 roges?
893 3366 941 3444 ΙΙ,
966 3369 1158 3445 1‚6:Quirc
1186 3378 1220 3431 tu
1250 3388 1304 3445 aps
1331 3382 1356 3427 te

203 3470 369 3529 socordiam
393 3485 509 3527 ornnem
533 3467 623 3526 reicis
646 3466 707 3524 -i
745 3469 780 3536 2,
804 3471 858 3529 25:
880 3468 961 3543 Quis
976 3483 1032 3541 ego
1055 3469 1132 3527 banc
1147 3469 1357 3541 iubeotacere,

202 3584 278 3641 quae
302 3569 426 3639 loquens
450 3568 565 3626 iaceret
587 3565 685 3624 diem?
718 3582 748 3626 v.
773 3570 831 3629 59:
855 3566 935 3641 Quin
958 3582 1020 3625 rem
1044 3573 1178 3625 actutum
1201 3566 1360 3629 edisseris?

202 3678 231 3730 V·
256 3665 330 3726 113:
355 3664 435 3739 Quin
457 3671 538 3723 tuum
562 3663 693 3724 officium
716 3663 791 3724 tacis
815 3681 886 3739 ergo
910 3681 944 3723 ac
961 3662 1058 3738 iugis?
1094 3660 1160 3741 111,
1178 3667 1214 3741 3,
1233 3668 1270 3728 7:
1292 3666 1359 3738 quie

202 3767 235 3820 tu
258 3761 306 3820 bic
329 3762 453 3823 manes?
496 3778 525 3824 v.
549 3762 605 3823 69:
628 3762 709 3836 Quin
731 3770 763 3822 tu
786 3763 889 3823 labore
911 3762 1024 3822 liberas
1046 3769 1076 3820 te
1099 3770 1192 3838 atquc
1209 3765 1299 3824 istem
1319 3766 1359 3823 iu·

201 3861 289 3934 ponis
311 3861 342 3918 iu
366 3861 433 3920 mei
476 3876 505 3920 v.
529 3863 547 3921 Ἰ
554 3864 584 3922 1:
606 3861 686 3935 Qum
702 3860 797 3920 tredis
813 3861 871 3919 buc
887 3860 1052 3919 cruminam
1069 3876 1151 3919 erum
1174 3858 1359 3937 pressatum?

201 3975 229 4020 v.
262 3960 316 4019 90:
346 3960 426 4033 Quis
453 3958 491 4018 ad
518 3959 596 4018 bunc
618 3990 662 4001 —
684 3957 874 4032 adgredimur
897 3959 959 4017 -i
1003 3953 1042 4035 V,
1075 3961 1108 4034 Ι,
1138 3962 1196 4023 21:
1226 3963 1307 4038 Quia
1332 3969 1359 4021 tu

201 4074 273 4133 crgo
291 4057 417 4116 hilarum
438 4057 490 4117 das
505 4052 598 4116 mihii
634 4057 667 4133 2,
694 4058 746 4119 18;
768 4058 850 4133 Quin
865 4064 898 4117 tn
914 4058 994 4118 iilam
1010 4057 1095 4117 iubes
1111 4062 1241 4120 ancillae
1257 4074 1359 4134 rapere

202 4159 355 4218 sublimem
379 4155 496 4214 domum
520 4153 581 4212 -i
625 4151 697 4217 Aut
721 4151 759 4233 V,
782 4174 811 4218 v.
833 4158 871 4218 8:
893 4158 974 4232 Quin
996 4173 1052 4231 ogo
1075 4157 1121 4216 ilii
1142 4175 1190 4217 me
1214 4160 1360 4219 iuvenisse

200 4256 268 4316 dico
291 4254 367 4313 banc
390 4254 532 4326 praedam
556 4261 645 4327 atque
669 4255 815 4330 eloquor?
859 4253 951 4334 Capt.
967 4252 1026 4328 111,
1042 4260 1073 4331 4,
1090 4256 1147 4317 60:
1172 4257 1247 4328 quein
1269 4253 1359 4331 iugis?

200 4367 229 4412 v.
254 4352 328 4412 103:
351 4352 425 4422 quio
446 4352 599 4426 quiescis?
644 4349 714 4419 Cas.
738 4352 789 4431 ΙΙ,
819 4360 854 4428 4,
886 4358 919 4417 6:
948 4355 1045 4430 Qum,
1074 4355 1098 4413 si
1127 4355 1174 4415 ita
1204 4356 1357 4426 arbitrare,
