3125 5075
509 388 657 430 DOOTRINA
684 388 916 431 ramelenum.
1223 396 1285 457 377

132 575 175 642 cf.
201 576 292 642 Parei
314 578 403 643 lexic.
427 597 452 642 a.
477 578 506 641 h.
530 578 580 643 v.“
611 578 706 642 Poen.
722 577 781 657 ΠΙ,
805 583 833 653 3,
859 583 916 643 37:
940 580 1009 640 Nisi
1031 580 1138 640 dudum
1161 597 1179 638 a
1201 595 1287 638 mane

133 687 169 737 ut
191 678 229 737 ad
250 685 367 752 portum
390 679 600 753 processimus.
630 675 686 746 IV,
709 680 738 754 2,
763 680 818 739 66:
841 680 997 754 Nunquam
1021 679 1129 752 edepol
1151 677 1287 736 mortalis
1326 673 1328 677 ’

133 777 290 850 qnisquam
312 775 364 836 fiet
387 794 404 836 e
427 794 473 835 me
497 778 618 851 certior,
641 776 712 836 Nisi
734 795 800 836 meo
822 777 874 836 uni
895 794 948 836 ero
971 777 1128 836 indicasse.
1159 771 1286 836 Terent.

134 870 271 951 Adelph.
295 870 326 949 I,
349 876 379 951 2,
403 876 457 937 73:
491 874 550 933 nisi
572 875 714 950 quidquid
736 882 785 936 cst
808 876 882 935 Volo
904 875 992 935 scire.
1036 870 1091 948 lV,
1115 874 1144 949 2,
1168 874 1201 933 6:
1237 887 1291 930 ue·

135 972 308 1044 quaesatio
332 971 509 1032 decernere:
541 971 611 1031 Nisi
637 989 683 1030 me
715 972 806 1032 credo
829 973 897 1032 huic
926 989 993 1031 esse
1023 979 1124 1030 natum
1147 972 1192 1030 rai
1215 971 1288 1031 cett.

138 1065 174 1142 V,
198 1071 227 1144 2,
254 1071 305 1132 1οε
329 1070 399 1144 quid
421 1087 476 1145 ego
499 1087 576 1130 nuuc
599 1070 706 1145 agam?
727 1069 813 1138 Neai,
836 1070 904 1130 dum
928 1071 983 1129 hae
1007 1070 1152 1129 silescunt
1174 1068 1291 1133 turbae,

134 1168 254 1226 interea
275 1169 304 1226 in
329 1170 466 1241 angulum
487 1170 596 1243 Aliquo
618 1171 731 1229 abeam.

223 1280 251 1342 g.
296 1261 449 1327 Formula
474 1268 525 1327 est
550 1267 646 1327 amco
671 1266 731 1325 ruisi
758 1281 854 1343 saepe
888 1282 908 1328 a
940 1262 1090 1327 Terentio
1124 1267 1288 1339 usurpata.

136 1359 235 1422 Andr.
279 1358 335 1440 IV,
359 1366 386 1437 l,
410 1367 464 1427 33:
487 1363 604 1431 Nescio,
625 1364 686 1422 aios·
707 1365 779 1423 mihi
801 1364 882 1423 Deos
907 1365 979 1424 satis
995 1362 1088 1422 luisse
1109 1364 1216 1434 iratos,
1239 1361 1298 1448 qui!

136 1462 375 1520 auscultaverim.
419 1460 500 1524 Eun.
525 1457 563 1539 V,
592 1466 617 1538 l,
645 1466 697 1523 ll:
721 1462 843 1523 Nescio:
866 1461 937 1522 Nisi
959 1478 1074 1520 amasse
1098 1459 1188 1520 credo
1204 1460 1292 1518 Pam·

135 1557 257 1632 philam.
301 1555 417 1623 Heaut.
441 1556 508 1636 111,
531 1561 561 1634 2,
585 1562 644 1621 31:
667 1561 757 1620 locon
781 1578 819 1619 au
842 1561 921 1620 serio
944 1560 997 1618 illa
1027 1559 1101 1618 haec
1129 1557 1212 1616 dicat
1240 1571 1292 1614 rte·

135 1658 207 1733 scio,
231 1656 301 1715 Nisi
323 1658 395 1716 mihi
415 1658 533 1733 quidem
557 1659 642 1717 addit
664 1660 801 1719 animum.
848 1654 975 1718 Phorm.
994 1654 1029 1731 V,
1045 1659 1075 1730 8,
1092 1657 1150 1716 6οε
1174 1653 1291 1729 Nescio,

136 1755 208 1815 Nisi
230 1773 276 1813 mc
300 1756 409 1815 dixisse
433 1757 544 1828 nemini
566 1761 650 1816 certo
673 1756 742 1817 seio.

223 1850 252 1913 h.
298 1851 346 1915 De
372 1853 433 1915 sisi
459 1853 550 1926 qaod,
578 1854 639 1913 nisi
665 1854 753 1933 quia,
781 1854 842 1914 nisi
870 1871 956 1927 quom
983 1849 1054 1914 vide
1076 1849 1237 1914 Handium
1259 1867 1290 1930 p.

138 1953 200 2013 235
222 1965 268 2027 sq.
292 1947 396 2012 Plaut.
422 1947 512 2029 Capi.
535 1947 600 2025 ΠΙ,
623 1956 654 2021 4,
676 1953 731 2014 88;
760 1954 864 2028 Neque
895 1960 1000 2011 tenere
1030 1968 1125 2026 neque
1155 1950 1197 2009 mi
1223 1967 1291 2009 esse

137 2052 230 2110 nilum
266 2050 396 2109 morbum
430 2050 491 2109 nisi
516 2049 597 2122 quod
622 2051 728 2109 servio.
776 2046 870 2112 Truc.
894 2046 956 2125 IV,
980 2051 1017 2126 3,
1049 2051 1104 2110 12:
1135 2048 1195 2110 atsi
1221 2048 1294 2120 quia

137 2150 228 2207 timeo
251 2156 360 2207 tamen.
391 2144 539 2224 Aquilius
562 2145 695 2209 Boeotia
709 2144 748 2210 ir.
767 2150 795 2220 l,
810 2163 839 2207 v.
858 2148 891 2207 6:
914 2147 973 2208 Ubi
988 2147 1039 2207 ubi
1060 2147 1199 2207 monebat
1214 2164 1292 2222 esse,

136 2246 198 2305 nisi
220 2261 306 2316 quom
326 2247 368 2304 nil
391 2252 466 2306 erat.

223 2342 242 2403 i.
289 2340 409 2405 Eadem
433 2345 484 2405 est
505 2340 598 2419 ratio,
621 2340 676 2405 uhi
699 2346 797 2402 tomen
818 2340 978 2405 adiectum
1000 2340 1155 2404 videmus.
1188 2338 1292 2402 Plaut.

138 2439 210 2503 Aul.
234 2437 290 2516 IV,
318 2442 366 2516 10,
390 2443 448 2502 75:
472 2441 543 2503 Nisi
565 2443 654 2501 otiam
678 2443 727 2502 hic
750 2441 891 2515 opperiar
913 2444 1011 2499 tumen
1031 2441 1194 2515 paulisper.

226 2536 256 2601 k.
302 2538 373 2601 Nisi
394 2540 422 2599 si
442 2535 550 2603 Ladui
576 2556 615 2603 eo
638 2538 731 2603 modo
760 2536 887 2617 dicunt,
918 2555 982 2618 qno
1005 2534 1120 2602 Graeci
1149 2533 1174 2597 εἰ
1193 2529 1234 2616 μὴ
1257 2535 1291 2598 εἰ.

138 2636 231 2699 Ennii
255 2641 354 2699 satur.
376 2635 395 2698 l.
417 2635 474 2715 III,
497 2634 535 2701 fr.
559 2642 594 2701 2;
623 2641 789 2714 Numquam
812 2645 918 2713 postor
946 2638 1009 2697 uisi
1036 2637 1064 2696 ai
1085 2637 1290 2711 podager...

138 2731 242 2794 Piont.
267 2733 354 2798 Pers.
379 2734 418 2813 V,
439 2740 467 2805 2,
490 2742 545 2801 52:
568 2739 640 2800 Nisi
660 2740 689 2798 si
710 2739 837 2813 dignust,
861 2753 920 2797 uon
942 2743 1040 2811 opust.
1085 2732 1170 2796 Trin.
1195 2730 1236 2809 ΙΙ,
1259 2738 1291 2809 4,

141 2833 195 2892 73;
218 2830 323 2899 noim,
345 2832 405 2891 nisi
425 2836 453 2894 si
475 2838 527 2895 ille
550 2844 649 2913 votet,
671 2834 712 2899 ad
735 2851 764 2914 q.
787 2833 807 2897 l.
830 2831 991 2897 liudem:
1024 2827 1122 2913 ,πλὴν
1148 2827 1209 2891 ἐάν.
1237 2829 1293 2893 Di-

139 2926 223 2990 citur
244 2931 351 2989 autcm
377 2931 411 2989 nt
432 2933 520 3001 quoe
540 2933 576 3008 ai,
599 2948 697 3010 quum
718 2935 780 2993 siai
795 2935 830 2995 et
843 2935 932 3005 quasi
952 2929 1047 3011 longo
1070 2948 1131 2993 usu
1153 2928 1292 2993 nativam

139 3024 299 3089 notionem
321 3024 515 3091 amiserint.“
561 3027 654 3091 Trnc.
677 3026 743 3107 III,
766 3034 800 3104 2,
824 3033 859 3092 2:

354 3126 464 3184 Mirum
487 3127 617 3204 videtur,
639 3129 702 3188 ruri
725 3129 831 3186 erilem
853 3128 945 3186 filium

353 3224 527 3285 Strabacem
550 3243 608 3286 nou
631 3226 761 3297 redisse,
789 3225 897 3286 nisisi
920 3227 1086 3285 clanculum

354 3324 511 3398 Gollopsua
534 3333 581 3386 cst
602 3326 651 3387 hic
674 3327 704 3383 io
727 3327 928 3400 corruptelam
953 3341 1045 3384 suam.

140 3421 195 3499 IV,
219 3427 252 3498 3,
275 3424 313 3484 6:
346 3422 417 3482 Nisi
438 3423 465 3483 si
487 3424 525 3482 ud
547 3425 741 3483 tintinaculos
768 3441 821 3484 vos
850 3425 937 3483 voltis
960 3423 1047 3482 educi
1070 3422 1158 3481 viros.
1203 3417 1240 3495 V,
1264 3437 1292 3482 v.

140 3525 191 3585 35.
217 3518 346 3583 Terent.
370 3519 467 3582 Andr.
491 3518 516 3597 I,
541 3524 570 3595 5,
597 3524 653 3585 14:
677 3521 739 3581 nisi
760 3522 788 3581 ai
809 3522 840 3581 id
863 3530 919 3596 est,
943 3521 1020 3595 quod
1044 3520 1191 3594 suspicor.
1237 3515 1292 3595 IV,
1407 3557 1410 3561 ‹

142 3624 174 3698 1,
197 3622 255 3683 47:
281 3618 352 3679 Nisi
381 3619 459 3678 siid
488 3627 577 3703 putas
608 3623 668 3699 (=
689 3617 749 3682 nisi
776 3615 883 3694 forte).
913 3615 993 3681 Eun.
1018 3615 1055 3693 V,
1080 3619 1116 3694 2,
1141 3618 1196 3679 63:
1226 3617 1293 3675 Nou

139 3720 244 3792 credo,
275 3720 426 3789 Chaerea,
453 3717 524 3778 Nisi
549 3719 576 3779 εἰ
599 3720 786 3781 commissum
816 3737 874 3779 nou
903 3720 971 3780 erit.
1016 3711 1150 3792 Adelph.
1175 3710 1239 3790 IV,
1264 3717 1292 3790 3,

140 3822 178 3882 3:
201 3817 271 3879 Nisi
293 3818 320 3876 si
344 3833 390 3875 ma
413 3816 466 3877 iiio
489 3817 646 3878 credidisti
668 3834 735 3879 essa
759 3818 909 3878 hominum
932 3832 1056 3876 numero
1077 3816 1152 3877 cett.

226 3918 276 3977 59.
322 3913 370 3977 Dc
392 3916 426 3972 ni
447 3911 614 3993 particula,
637 3930 718 3993 qnae
741 3931 803 3978 non
819 3918 871 3977 est
891 3917 1056 3977 contracta
1071 3930 1109 3975 er
1123 3913 1184 3974 sisi
1199 3926 1294 3989 quae·

140 4029 203 4092 qne
225 4030 288 4075 non
310 4010 394 4074 idern
418 4011 502 4090 qnod
524 4014 600 4091 nisi,
623 4013 679 4077 scd
702 4012 786 4076 idem
803 4012 887 4092 quod
901 4014 930 4073 si
944 4030 1003 4072 non
1024 4007 1191 4093 significat,
1214 4008 1295 4072 bene

143 4110 292 4190 exposuit
314 4108 467 4187 Handius,
491 4127 583 4189 quem
608 4109 689 4174 vide.
733 4109 889 4190 Exempla
911 4115 986 4173 sunt
1009 4109 1113 4174 Plaut.
1138 4106 1252 4188 Amph.
1269 4105 1295 4184 I,

142 4213 170 4287 l,
194 4210 266 4272 284.
290 4212 344 4272 AS.
368 4208 416 4287 Π,
441 4213 469 4287 2,
486 4214 536 4274 36.
559 4206 614 4287 IV,
641 4215 668 4289 1,
694 4215 741 4275 19.
766 4208 839 4272 Aul.
856 4208 898 4287 ΙΙ,
918 4212 947 4285 8,
965 4213 1023 4272 23;
1046 4212 1191 4270 Nimirum
1214 4210 1294 4270 occi·

140 4310 206 4384 dor,
229 4309 263 4368 ei
285 4310 364 4368 intro
387 4309 444 4369 huc
468 4327 598 4384 propero
621 4327 751 4370 currere.
797 4305 910 4371 Bacch.
934 4305 999 4386 ΙΙΙ,
1022 4313 1058 4385 4,
1082 4313 1110 4371 5.
1134 4304 1190 4385 IV,
1213 4310 1242 4384 8,
1266 4308 1295 4369 6.

137 4405 234 4470 Most.
257 4402 287 4483 Ι,
312 4409 348 4483 3,
372 4409 422 4470 55.
446 4409 495 4469 65.
519 4400 602 4470 Men.
625 4405 662 4483 V,
686 4410 722 4484 2,
746 4411 796 4471 96.
820 4404 916 4470 Mere.
938 4403 1007 4484 ΙΙΙ,
1030 4411 1060 4483 4,
1087 4412 1120 4468 4:
1152 4406 1196 4466 Ni
1217 4407 1295 4468 oculi
