<?xml version="1.0" encoding="UTF-8"?>
<!DOCTYPE html PUBLIC "-//W3C//DTD XHTML 1.0 Transitional//EN"
    "http://www.w3.org/TR/xhtml1/DTD/xhtml1-transitional.dtd">
<html xmlns="http://www.w3.org/1999/xhtml" xml:lang="en" lang="en">
 <head>
  <title>
</title>
<meta http-equiv="Content-Type" content="text/html;charset=utf-8" />
  <meta name='ocr-system' content='tesseract 3.04.00' />
  <meta name='ocr-capabilities' content='ocr_page ocr_carea ocr_par ocr_line ocrx_word'/>
</head>
<body>
  <div class='ocr_page' id='page_1' title='image "./syntaxispriscor00holtgoog_0633.png"; bbox 0 0 3125 5075; ppageno 0'>
   <div class='ocr_carea' id='block_1_1' title="bbox 286 335 997 407">
    <p class='ocr_par' dir='ltr' id='par_1_1' title="bbox 286 335 997 407">
     <span class='ocr_line' id='line_1_1' title="bbox 286 335 997 407; baseline -0.027 -10"><span class='ocrx_word' id='word_1_1' title='bbox 286 347 346 407; x_wconf 80' lang='lat'>174</span> <span class='ocrx_word' id='word_1_2' title='bbox 715 335 843 377; x_wconf 72' lang='lat' dir='ltr'>nanus.</span> <span class='ocrx_word' id='word_1_3' title='bbox 871 336 934 376; x_wconf 79' lang='lat' dir='ltr'>car.</span> <span class='ocrx_word' id='word_1_4' title='bbox 949 336 997 378; x_wconf 87' lang='lat' dir='ltr'>xn.</span> 
     </span>
    </p>
   </div>
   <div class='ocr_carea' id='block_1_2' title="bbox 225 523 1447 2564">
    <p class='ocr_par' dir='ltr' id='par_1_2' title="bbox 282 523 1447 1276">
     <span class='ocr_line' id='line_1_2' title="bbox 284 523 1447 606; baseline -0.001 -13"><span class='ocrx_word' id='word_1_5' title='bbox 284 526 401 594; x_wconf 75' lang='lat' dir='ltr'>(laesit.</span> <span class='ocrx_word' id='word_1_6' title='bbox 425 528 504 593; x_wconf 81' lang='lat' dir='ltr'>stat.</span> <span class='ocrx_word' id='word_1_7' title='bbox 528 523 756 589; x_wconf 85' lang='lat' dir='ltr'>Pausimaehus</span> <span class='ocrx_word' id='word_1_8' title='bbox 778 523 817 590; x_wconf 85' lang='lat' dir='ltr'>ir.</span> <span class='ocrx_word' id='word_1_9' title='bbox 841 530 875 592; x_wconf 93' lang='lat'>4:</span> <span class='ocrx_word' id='word_1_10' title='bbox 900 527 957 587; x_wconf 86' lang='lat' dir='ltr'>troc</span> <span class='ocrx_word' id='word_1_11' title='bbox 979 546 998 587; x_wconf 85' lang='lat' dir='ltr'>s</span> <span class='ocrx_word' id='word_1_12' title='bbox 1020 536 1049 587; x_wconf 87' lang='lat' dir='ltr'>tc</span> <span class='ocrx_word' id='word_1_13' title='bbox 1067 530 1197 606; x_wconf 80' lang='lat' dir='ltr'>postulo,</span> <span class='ocrx_word' id='word_1_14' title='bbox 1221 530 1270 588; x_wconf 84' lang='lat' dir='ltr'>Ne</span> <span class='ocrx_word' id='word_1_15' title='bbox 1293 549 1361 590; x_wconf 88' lang='lat' dir='ltr'>cnm</span> <span class='ocrx_word' id='word_1_16' title='bbox 1383 549 1447 593; x_wconf 89' lang='lat' dir='ltr'>nec</span> 
     </span>
     <span class='ocr_line' id='line_1_3' title="bbox 283 622 1445 705; baseline -0.001 -15"><span class='ocrx_word' id='word_1_17' title='bbox 283 632 373 705; x_wconf 74' lang='lat' dir='ltr'>gnra</span> <span class='ocrx_word' id='word_1_18' title='bbox 395 628 522 704; x_wconf 84' lang='lat' dir='ltr'>posthac</span> <span class='ocrx_word' id='word_1_19' title='bbox 545 626 676 686; x_wconf 79' lang='lat' dir='ltr'>lirnoosr&#39;s</span> <span class='ocrx_word' id='word_1_20' title='bbox 698 631 797 699; x_wconf 86' lang='lat' dir='ltr'>caput.</span> <span class='ocrx_word' id='word_1_21' title='bbox 830 622 958 687; x_wconf 82' lang='lat' dir='ltr'>Terent.</span> <span class='ocrx_word' id='word_1_22' title='bbox 984 623 1058 688; x_wconf 86' lang='lat' dir='ltr'>Hec.</span> <span class='ocrx_word' id='word_1_23' title='bbox 1085 624 1149 705; x_wconf 87' lang='lat' dir='ltr'>HI,</span> <span class='ocrx_word' id='word_1_24' title='bbox 1174 630 1202 702; x_wconf 82' lang='lat'>2,</span> <span class='ocrx_word' id='word_1_25' title='bbox 1228 629 1265 689; x_wconf 87' lang='lat'>3:</span> <span class='ocrx_word' id='word_1_26' title='bbox 1292 629 1382 700; x_wconf 75' lang='lat' dir='ltr'>Quod</span> <span class='ocrx_word' id='word_1_27' title='bbox 1407 635 1445 700; x_wconf 85' lang='lat' dir='ltr'>te,</span> 
     </span>
     <span class='ocr_line' id='line_1_4' title="bbox 282 722 1445 803; baseline 0 -17"><span class='ocrx_word' id='word_1_28' title='bbox 282 726 454 800; x_wconf 70' lang='lat' dir='ltr'><strong>Aesculapi,</strong></span> <span class='ocrx_word' id='word_1_29' title='bbox 478 731 510 785; x_wconf 87' lang='lat' dir='ltr'>et</span> <span class='ocrx_word' id='word_1_30' title='bbox 532 731 571 797; x_wconf 87' lang='lat' dir='ltr'>te,</span> <span class='ocrx_word' id='word_1_31' title='bbox 595 724 695 788; x_wconf 86' lang='lat' dir='ltr'>Salus,</span> <span class='ocrx_word' id='word_1_32' title='bbox 718 723 826 798; x_wconf 74' lang='lat' dir='ltr'>nequid</span> <span class='ocrx_word' id='word_1_33' title='bbox 847 726 888 781; x_wconf 85' lang='lat' dir='ltr'>sit</span> <span class='ocrx_word' id='word_1_34' title='bbox 910 723 997 783; x_wconf 86' lang='lat' dir='ltr'>huius</span> <span class='ocrx_word' id='word_1_35' title='bbox 1020 741 1079 782; x_wconf 89' lang='lat' dir='ltr'>oro.</span> <span class='ocrx_word' id='word_1_36' title='bbox 1119 723 1175 788; x_wconf 80' lang='lat' dir='ltr'>Ad.</span> <span class='ocrx_word' id='word_1_37' title='bbox 1200 722 1237 803; x_wconf 89' lang='lat' dir='ltr'>V,</span> <span class='ocrx_word' id='word_1_38' title='bbox 1263 730 1293 799; x_wconf 84' lang='lat'>5,</span> <span class='ocrx_word' id='word_1_39' title='bbox 1322 729 1357 788; x_wconf 91' lang='lat' dir='ltr'>l:</span> <span class='ocrx_word' id='word_1_40' title='bbox 1380 732 1445 786; x_wconf 80' lang='lat' dir='ltr'>orci</span> 
     </span>
     <span class='ocr_line' id='line_1_5' title="bbox 283 817 1439 900; baseline 0.003 -17"><span class='ocrx_word' id='word_1_41' title='bbox 283 822 378 884; x_wconf 74' lang='lat' dir='ltr'>stater</span> <span class='ocrx_word' id='word_1_42' title='bbox 406 840 443 882; x_wconf 81' lang='lat' dir='ltr'>oc</span> <span class='ocrx_word' id='word_1_43' title='bbox 471 824 560 881; x_wconf 83' lang='lat' dir='ltr'>abeas</span> <span class='ocrx_word' id='word_1_44' title='bbox 590 822 714 895; x_wconf 80' lang='lat' dir='ltr'>longius.</span> <span class='ocrx_word' id='word_1_45' title='bbox 766 817 881 883; x_wconf 82' lang='lat' dir='ltr'>Caecil.</span> <span class='ocrx_word' id='word_1_46' title='bbox 916 818 996 884; x_wconf 86' lang='lat' dir='ltr'>Stat.</span> <span class='ocrx_word' id='word_1_47' title='bbox 1024 818 1300 900; x_wconf 88' lang='lat' dir='ltr'>Hypobolimaeus</span> <span class='ocrx_word' id='word_1_48' title='bbox 1332 820 1373 887; x_wconf 85' lang='lat' dir='ltr'>tr.</span> <span class='ocrx_word' id='word_1_49' title='bbox 1407 830 1439 887; x_wconf 89' lang='lat'>4:</span> 
     </span>
     <span class='ocr_line' id='line_1_6' title="bbox 284 918 1444 995; baseline 0.004 -15"><span class='ocrx_word' id='word_1_50' title='bbox 284 923 415 995; x_wconf 79' lang='lat' dir='ltr'>Quaeso,</span> <span class='ocrx_word' id='word_1_51' title='bbox 445 936 482 978; x_wconf 82' lang='lat' dir='ltr'>oc</span> <span class='ocrx_word' id='word_1_52' title='bbox 511 926 623 979; x_wconf 85' lang='lat' dir='ltr'>temere</span> <span class='ocrx_word' id='word_1_53' title='bbox 647 919 723 978; x_wconf 82' lang='lat' dir='ltr'>bunc</span> <span class='ocrx_word' id='word_1_54' title='bbox 747 936 811 978; x_wconf 86' lang='lat' dir='ltr'>rem</span> <span class='ocrx_word' id='word_1_55' title='bbox 833 937 923 995; x_wconf 79' lang='lat' dir='ltr'>apos,</span> <span class='ocrx_word' id='word_1_56' title='bbox 953 935 992 978; x_wconf 80' lang='lat' dir='ltr'>ne</span> <span class='ocrx_word' id='word_1_57' title='bbox 1013 920 1207 980; x_wconf 87' lang='lat' dir='ltr'>iracunditcr.</span> <span class='ocrx_word' id='word_1_58' title='bbox 1253 918 1377 983; x_wconf 80' lang='lat' dir='ltr'>Caecil.</span> <span class='ocrx_word' id='word_1_59' title='bbox 1402 921 1444 985; x_wconf 78' lang='lat' dir='ltr'>St</span> 
     </span>
     <span class='ocr_line' id='line_1_7' title="bbox 282 1014 1445 1092; baseline 0 -11"><span class='ocrx_word' id='word_1_60' title='bbox 282 1015 487 1081; x_wconf 81' lang='lat' dir='ltr'>obolostates</span> <span class='ocrx_word' id='word_1_61' title='bbox 507 1014 546 1078; x_wconf 82' lang='lat' dir='ltr'>ir.</span> <span class='ocrx_word' id='word_1_62' title='bbox 562 1020 592 1092; x_wconf 91' lang='lat'>4,</span> <span class='ocrx_word' id='word_1_63' title='bbox 608 1032 636 1076; x_wconf 83' lang='lat' dir='ltr'>v-</span> <span class='ocrx_word' id='word_1_64' title='bbox 655 1017 732 1078; x_wconf 83' lang='lat'>125:</span> <span class='ocrx_word' id='word_1_65' title='bbox 755 1034 864 1089; x_wconf 79' lang='lat' dir='ltr'><strong><em>quaeso</em></strong></span> <span class='ocrx_word' id='word_1_66' title='bbox 885 1034 922 1075; x_wconf 81' lang='lat' dir='ltr'>ns</span> <span class='ocrx_word' id='word_1_67' title='bbox 942 1018 979 1076; x_wconf 85' lang='lat' dir='ltr'>ad</span> <span class='ocrx_word' id='word_1_68' title='bbox 1002 1019 1110 1077; x_wconf 86' lang='lat' dir='ltr'>malum</span> <span class='ocrx_word' id='word_1_69' title='bbox 1134 1020 1189 1078; x_wconf 91' lang='lat' dir='ltr'>boc</span> <span class='ocrx_word' id='word_1_70' title='bbox 1212 1019 1310 1080; x_wconf 78' lang='lat' dir='ltr'>addus</span> <span class='ocrx_word' id='word_1_71' title='bbox 1325 1023 1445 1083; x_wconf 83' lang='lat' dir='ltr'>malum.</span> 
     </span>
     <span class='ocr_line' id='line_1_8' title="bbox 282 1110 1445 1191; baseline -0.001 -13"><span class='ocrx_word' id='word_1_72' title='bbox 282 1113 410 1178; x_wconf 82' lang='lat' dir='ltr'><strong>Terent.</strong></span> <span class='ocrx_word' id='word_1_73' title='bbox 440 1112 520 1176; x_wconf 84' lang='lat' dir='ltr'>Eun.</span> <span class='ocrx_word' id='word_1_74' title='bbox 549 1110 629 1191; x_wconf 91' lang='lat' dir='ltr'>prol.</span> <span class='ocrx_word' id='word_1_75' title='bbox 657 1129 686 1176; x_wconf 86' lang='lat' dir='ltr'>v.</span> <span class='ocrx_word' id='word_1_76' title='bbox 718 1115 767 1175; x_wconf 86' lang='lat'>16:</span> <span class='ocrx_word' id='word_1_77' title='bbox 796 1116 826 1174; x_wconf 83' lang='lat' dir='ltr'>Is</span> <span class='ocrx_word' id='word_1_78' title='bbox 855 1131 892 1173; x_wconf 81' lang='lat' dir='ltr'>oe</span> <span class='ocrx_word' id='word_1_79' title='bbox 917 1120 1008 1191; x_wconf 75' lang='lat' dir='ltr'>erret,</span> <span class='ocrx_word' id='word_1_80' title='bbox 1038 1133 1157 1191; x_wconf 78' lang='lat' dir='ltr'>moneo,</span> <span class='ocrx_word' id='word_1_81' title='bbox 1194 1123 1225 1177; x_wconf 86' lang='lat' dir='ltr'>et</span> <span class='ocrx_word' id='word_1_82' title='bbox 1252 1117 1377 1178; x_wconf 68' lang='lat' dir='ltr'>desim</span> <span class='ocrx_word' id='word_1_83' title='bbox 1404 1123 1445 1179; x_wconf 73' lang='lat' dir='ltr'>lr-</span> 
     </span>
     <span class='ocr_line' id='line_1_9' title="bbox 282 1230 409 1276; baseline -0.008 0"><span class='ocrx_word' id='word_1_84' title='bbox 282 1230 409 1276; x_wconf 82' lang='lat' dir='ltr'>cessere.</span> 
     </span>
    </p>

    <p class='ocr_par' dir='ltr' id='par_1_3' title="bbox 225 1306 1446 2564">
     <span class='ocr_line' id='line_1_10' title="bbox 369 1306 1442 1392; baseline 0.003 -18"><span class='ocrx_word' id='word_1_85' title='bbox 369 1308 400 1390; x_wconf 88' lang='lat' dir='ltr'>c)</span> <span class='ocrx_word' id='word_1_86' title='bbox 423 1312 471 1371; x_wconf 82' lang='lat' dir='ltr'>Nc</span> <span class='ocrx_word' id='word_1_87' title='bbox 493 1308 540 1372; x_wconf 91' lang='lat' dir='ltr'>ita</span> <span class='ocrx_word' id='word_1_88' title='bbox 562 1306 703 1387; x_wconf 92' lang='lat' dir='ltr'>ponitur,</span> <span class='ocrx_word' id='word_1_89' title='bbox 726 1313 848 1370; x_wconf 85' lang='lat' dir='ltr'>utnon</span> <span class='ocrx_word' id='word_1_90' title='bbox 871 1308 1011 1386; x_wconf 81' lang='lat' dir='ltr'>pendeat</span> <span class='ocrx_word' id='word_1_91' title='bbox 1041 1326 1079 1372; x_wconf 86' lang='lat' dir='ltr'>ex</span> <span class='ocrx_word' id='word_1_92' title='bbox 1108 1310 1207 1374; x_wconf 87' lang='lat' dir='ltr'>verbo</span> <span class='ocrx_word' id='word_1_93' title='bbox 1237 1328 1442 1392; x_wconf 80' lang='lat' dir='ltr'>praegresso,</span> 
     </span>
     <span class='ocr_line' id='line_1_11' title="bbox 285 1404 1445 1489; baseline 0.001 -17"><span class='ocrx_word' id='word_1_94' title='bbox 285 1408 342 1473; x_wconf 90' lang='lat' dir='ltr'>sed</span> <span class='ocrx_word' id='word_1_95' title='bbox 365 1425 423 1488; x_wconf 90' lang='lat' dir='ltr'>per</span> <span class='ocrx_word' id='word_1_96' title='bbox 453 1425 488 1471; x_wconf 89' lang='lat' dir='ltr'>se</span> <span class='ocrx_word' id='word_1_97' title='bbox 518 1409 679 1469; x_wconf 80' lang='lat' dir='ltr'>extantem</span> <span class='ocrx_word' id='word_1_98' title='bbox 708 1404 961 1468; x_wconf 82' lang='lat' dir='ltr'>enunciationem</span> <span class='ocrx_word' id='word_1_99' title='bbox 985 1404 1117 1486; x_wconf 86' lang='lat' dir='ltr'>efficiat,</span> <span class='ocrx_word' id='word_1_100' title='bbox 1148 1425 1230 1487; x_wconf 85' lang='lat' dir='ltr'>quoe</span> <span class='ocrx_word' id='word_1_101' title='bbox 1253 1408 1445 1489; x_wconf 85' lang='lat' dir='ltr'>plerumque</span> 
     </span>
     <span class='ocr_line' id='line_1_12' title="bbox 284 1497 1446 1586; baseline 0.002 -17"><span class='ocrx_word' id='word_1_102' title='bbox 284 1497 410 1570; x_wconf 82' lang='lat' dir='ltr'>finalem</span> <span class='ocrx_word' id='word_1_103' title='bbox 433 1504 532 1569; x_wconf 84' lang='lat' dir='ltr'>babet</span> <span class='ocrx_word' id='word_1_104' title='bbox 552 1501 761 1581; x_wconf 87' lang='lat' dir='ltr'>sententiam,</span> <span class='ocrx_word' id='word_1_105' title='bbox 792 1503 843 1568; x_wconf 94' lang='lat' dir='ltr'>cui</span> <span class='ocrx_word' id='word_1_106' title='bbox 871 1513 978 1568; x_wconf 88' lang='lat' dir='ltr'>tamen</span> <span class='ocrx_word' id='word_1_107' title='bbox 1001 1522 1224 1586; x_wconf 89' lang='lat' dir='ltr'>nonnunquam</span> <span class='ocrx_word' id='word_1_108' title='bbox 1247 1507 1349 1571; x_wconf 82' lang='lat' dir='ltr'>etiam</span> <span class='ocrx_word' id='word_1_109' title='bbox 1374 1524 1446 1571; x_wconf 92' lang='lat' dir='ltr'>con·</span> 
     </span>
     <span class='ocr_line' id='line_1_13' title="bbox 285 1599 1445 1686; baseline 0 -18"><span class='ocrx_word' id='word_1_110' title='bbox 285 1604 432 1668; x_wconf 86' lang='lat' dir='ltr'>secutiva</span> <span class='ocrx_word' id='word_1_111' title='bbox 455 1599 644 1683; x_wconf 83' lang='lat' dir='ltr'>significatio</span> <span class='ocrx_word' id='word_1_112' title='bbox 667 1600 818 1665; x_wconf 87' lang='lat' dir='ltr'>adiuncta</span> <span class='ocrx_word' id='word_1_113' title='bbox 847 1606 910 1679; x_wconf 91' lang='lat' dir='ltr'>est,</span> <span class='ocrx_word' id='word_1_114' title='bbox 934 1602 1024 1667; x_wconf 87' lang='lat' dir='ltr'>cuius</span> <span class='ocrx_word' id='word_1_115' title='bbox 1047 1604 1173 1682; x_wconf 83' lang='lat' dir='ltr'>generis</span> <span class='ocrx_word' id='word_1_116' title='bbox 1202 1605 1352 1685; x_wconf 89' lang='lat' dir='ltr'>exempla</span> <span class='ocrx_word' id='word_1_117' title='bbox 1376 1624 1445 1686; x_wconf 88' lang='lat' dir='ltr'>per-</span> 
     </span>
     <span class='ocr_line' id='line_1_14' title="bbox 282 1697 1444 1782; baseline 0.002 -17"><span class='ocrx_word' id='word_1_118' title='bbox 282 1700 385 1766; x_wconf 87' lang='lat' dir='ltr'>multa</span> <span class='ocrx_word' id='word_1_119' title='bbox 407 1701 570 1782; x_wconf 79' lang='lat' dir='ltr'>congessit</span> <span class='ocrx_word' id='word_1_120' title='bbox 592 1717 631 1763; x_wconf 89' lang='lat' dir='ltr'>ex</span> <span class='ocrx_word' id='word_1_121' title='bbox 653 1697 768 1761; x_wconf 89' lang='lat' dir='ltr'>Plauto</span> <span class='ocrx_word' id='word_1_122' title='bbox 792 1705 825 1762; x_wconf 87' lang='lat' dir='ltr'>ct</span> <span class='ocrx_word' id='word_1_123' title='bbox 847 1698 995 1763; x_wconf 88' lang='lat' dir='ltr'>Terentio</span> <span class='ocrx_word' id='word_1_124' title='bbox 1018 1698 1194 1765; x_wconf 87' lang='lat' dir='ltr'>Muellerus</span> <span class='ocrx_word' id='word_1_125' title='bbox 1217 1702 1236 1766; x_wconf 92' lang='lat' dir='ltr'>l.</span> <span class='ocrx_word' id='word_1_126' title='bbox 1262 1721 1288 1767; x_wconf 90' lang='lat' dir='ltr'>c.</span> <span class='ocrx_word' id='word_1_127' title='bbox 1319 1701 1444 1779; x_wconf 85' lang='lat' dir='ltr'>Quibus</span> 
     </span>
     <span class='ocr_line' id='line_1_15' title="bbox 282 1797 1443 1876; baseline 0.003 -13"><span class='ocrx_word' id='word_1_128' title='bbox 282 1799 364 1864; x_wconf 84' lang='lat' dir='ltr'>adde</span> <span class='ocrx_word' id='word_1_129' title='bbox 396 1797 475 1862; x_wconf 81' lang='lat' dir='ltr'>Cato</span> <span class='ocrx_word' id='word_1_130' title='bbox 498 1798 535 1861; x_wconf 86' lang='lat' dir='ltr'>R.</span> <span class='ocrx_word' id='word_1_131' title='bbox 558 1797 595 1861; x_wconf 89' lang='lat' dir='ltr'>R.</span> <span class='ocrx_word' id='word_1_132' title='bbox 620 1815 645 1861; x_wconf 87' lang='lat' dir='ltr'>c.</span> <span class='ocrx_word' id='word_1_133' title='bbox 672 1802 706 1860; x_wconf 88' lang='lat'>3:</span> <span class='ocrx_word' id='word_1_134' title='bbox 735 1800 783 1858; x_wconf 85' lang='lat' dir='ltr'>lto</span> <span class='ocrx_word' id='word_1_135' title='bbox 812 1799 966 1872; x_wconf 86' lang='lat' dir='ltr'>aedifices,</span> <span class='ocrx_word' id='word_1_136' title='bbox 993 1818 1029 1861; x_wconf 83' lang='lat' dir='ltr'>ae</span> <span class='ocrx_word' id='word_1_137' title='bbox 1060 1803 1131 1861; x_wconf 86' lang='lat' dir='ltr'>villa</span> <span class='ocrx_word' id='word_1_138' title='bbox 1158 1800 1282 1862; x_wconf 84' lang='lat' dir='ltr'>fundum</span> <span class='ocrx_word' id='word_1_139' title='bbox 1306 1808 1443 1876; x_wconf 77' lang='lat' dir='ltr'>quaerut.</span> 
     </span>
     <span class='ocr_line' id='line_1_16' title="bbox 225 1891 1444 1975; baseline 0.003 -16"><span class='ocrx_word' id='word_1_140' title='bbox 225 1895 230 1905; x_wconf 90' lang='lat'>&#39;</span> <span class='ocrx_word' id='word_1_141' title='bbox 279 1916 351 1959; x_wconf 83' lang='lat' dir='ltr'>nece</span> <span class='ocrx_word' id='word_1_142' title='bbox 374 1898 482 1957; x_wconf 82' lang='lat' dir='ltr'>fundus</span> <span class='ocrx_word' id='word_1_143' title='bbox 506 1900 616 1971; x_wconf 83' lang='lat' dir='ltr'>villam,</span> <span class='ocrx_word' id='word_1_144' title='bbox 640 1893 694 1957; x_wconf 91' lang='lat' dir='ltr'>ubi</span> <span class='ocrx_word' id='word_1_145' title='bbox 718 1911 790 1957; x_wconf 88' lang='lat' dir='ltr'>cum</span> <span class='ocrx_word' id='word_1_146' title='bbox 820 1891 905 1957; x_wconf 88' lang='lat' dir='ltr'>finali</span> <span class='ocrx_word' id='word_1_147' title='bbox 933 1893 1164 1975; x_wconf 82' lang='lat' dir='ltr'>significatione</span> <span class='ocrx_word' id='word_1_148' title='bbox 1191 1898 1366 1964; x_wconf 81' lang='lat' dir='ltr'>coniuncta</span> <span class='ocrx_word' id='word_1_149' title='bbox 1396 1904 1444 1963; x_wconf 86' lang='lat' dir='ltr'>est</span> 
     </span>
     <span class='ocr_line' id='line_1_17' title="bbox 279 1993 1444 2074; baseline -0.001 -15"><span class='ocrx_word' id='word_1_150' title='bbox 279 1994 489 2059; x_wconf 83' lang='lat' dir='ltr'>consecutiva.</span> <span class='ocrx_word' id='word_1_151' title='bbox 535 1993 596 2057; x_wconf 80' lang='lat' dir='ltr'>ln:</span> <span class='ocrx_word' id='word_1_152' title='bbox 626 1995 700 2055; x_wconf 80' lang='lat' dir='ltr'>olea</span> <span class='ocrx_word' id='word_1_153' title='bbox 730 1996 780 2054; x_wconf 89' lang='lat' dir='ltr'>ubi</span> <span class='ocrx_word' id='word_1_154' title='bbox 811 1996 891 2054; x_wconf 81' lang='lat' dir='ltr'>lecta</span> <span class='ocrx_word' id='word_1_155' title='bbox 920 1997 992 2069; x_wconf 88' lang='lat' dir='ltr'>siet,</span> <span class='ocrx_word' id='word_1_156' title='bbox 1024 1999 1121 2056; x_wconf 88' lang='lat' dir='ltr'>oleum</span> <span class='ocrx_word' id='word_1_157' title='bbox 1143 1997 1196 2057; x_wconf 87' lang='lat' dir='ltr'>fiat</span> <span class='ocrx_word' id='word_1_158' title='bbox 1218 2002 1381 2074; x_wconf 88' lang='lat' dir='ltr'>continuo,</span> <span class='ocrx_word' id='word_1_159' title='bbox 1411 2017 1444 2058; x_wconf 85' lang='lat' dir='ltr'>rre</span> 
     </span>
     <span class='ocr_line' id='line_1_18' title="bbox 278 2090 1442 2172; baseline 0.003 -17"><span class='ocrx_word' id='word_1_160' title='bbox 278 2098 493 2167; x_wconf 78' lang='lat' dir='ltr'>corrumpatur.</span> <span class='ocrx_word' id='word_1_161' title='bbox 526 2090 561 2156; x_wconf 86' lang='lat' dir='ltr'>C.</span> <span class='ocrx_word' id='word_1_162' title='bbox 586 2095 640 2155; x_wconf 87' lang='lat'>32:</span> <span class='ocrx_word' id='word_1_163' title='bbox 664 2093 796 2153; x_wconf 83' lang='lat' dir='ltr'>Arbores</span> <span class='ocrx_word' id='word_1_164' title='bbox 820 2094 876 2153; x_wconf 91' lang='lat' dir='ltr'>boc</span> <span class='ocrx_word' id='word_1_165' title='bbox 900 2094 986 2153; x_wconf 88' lang='lat' dir='ltr'>modo</span> <span class='ocrx_word' id='word_1_166' title='bbox 1009 2102 1168 2172; x_wconf 88' lang='lat' dir='ltr'>putentur,</span> <span class='ocrx_word' id='word_1_167' title='bbox 1192 2100 1269 2156; x_wconf 83' lang='lat' dir='ltr'>rami</span> <span class='ocrx_word' id='word_1_168' title='bbox 1292 2099 1338 2158; x_wconf 93' lang='lat' dir='ltr'>nti</span> <span class='ocrx_word' id='word_1_169' title='bbox 1364 2098 1442 2158; x_wconf 78' lang='lat' dir='ltr'>dira-</span> 
     </span>
     <span class='ocr_line' id='line_1_19' title="bbox 278 2191 1441 2267; baseline 0.002 -13"><span class='ocrx_word' id='word_1_170' title='bbox 278 2195 427 2265; x_wconf 89' lang='lat' dir='ltr'>riccntur,</span> <span class='ocrx_word' id='word_1_171' title='bbox 459 2211 532 2267; x_wconf 87' lang='lat' dir='ltr'>quos</span> <span class='ocrx_word' id='word_1_172' title='bbox 559 2191 726 2264; x_wconf 85' lang='lat' dir='ltr'>relinques,</span> <span class='ocrx_word' id='word_1_173' title='bbox 754 2197 785 2250; x_wconf 89' lang='lat' dir='ltr'>ct</span> <span class='ocrx_word' id='word_1_174' title='bbox 818 2192 862 2250; x_wconf 88' lang='lat' dir='ltr'>nti</span> <span class='ocrx_word' id='word_1_175' title='bbox 885 2198 967 2252; x_wconf 88' lang='lat' dir='ltr'>recto</span> <span class='ocrx_word' id='word_1_176' title='bbox 995 2193 1174 2264; x_wconf 83' lang='lat' dir='ltr'>caedantur,</span> <span class='ocrx_word' id='word_1_177' title='bbox 1198 2201 1229 2251; x_wconf 91' lang='lat' dir='ltr'>et</span> <span class='ocrx_word' id='word_1_178' title='bbox 1258 2211 1297 2253; x_wconf 79' lang='lat' dir='ltr'>nc</span> <span class='ocrx_word' id='word_1_179' title='bbox 1320 2197 1441 2255; x_wconf 86' lang='lat' dir='ltr'>nimium</span> 
     </span>
     <span class='ocr_line' id='line_1_20' title="bbox 278 2284 1441 2368; baseline 0.003 -17"><span class='ocrx_word' id='word_1_180' title='bbox 278 2292 377 2351; x_wconf 82' lang='lat' dir='ltr'>crebri</span> <span class='ocrx_word' id='word_1_181' title='bbox 399 2290 618 2362; x_wconf 76' lang='lat' dir='ltr'>relinquuntur,</span> <span class='ocrx_word' id='word_1_182' title='bbox 642 2285 697 2349; x_wconf 91' lang='lat' dir='ltr'>ubi</span> <span class='ocrx_word' id='word_1_183' title='bbox 719 2285 809 2350; x_wconf 83' lang='lat' dir='ltr'>vides</span> <span class='ocrx_word' id='word_1_184' title='bbox 831 2290 961 2367; x_wconf 87' lang='lat' dir='ltr'>praeter</span> <span class='ocrx_word' id='word_1_185' title='bbox 983 2284 1108 2352; x_wconf 89' lang='lat' dir='ltr'>finalem</span> <span class='ocrx_word' id='word_1_186' title='bbox 1124 2286 1396 2368; x_wconf 80' lang='lat' dir='ltr'>significationem</span> <span class='ocrx_word' id='word_1_187' title='bbox 1411 2291 1441 2355; x_wconf 93' lang='lat' dir='ltr'>in</span> 
     </span>
     <span class='ocr_line' id='line_1_21' title="bbox 277 2383 1440 2467; baseline 0.003 -18"><span class='ocrx_word' id='word_1_188' title='bbox 277 2404 305 2450; x_wconf 88' lang='lat' dir='ltr'>v.</span> <span class='ocrx_word' id='word_1_189' title='bbox 328 2405 365 2447; x_wconf 81' lang='lat' dir='ltr'>oe</span> <span class='ocrx_word' id='word_1_190' title='bbox 387 2386 503 2450; x_wconf 90' lang='lat' dir='ltr'>iterum</span> <span class='ocrx_word' id='word_1_191' title='bbox 527 2384 631 2448; x_wconf 89' lang='lat' dir='ltr'>inesse</span> <span class='ocrx_word' id='word_1_192' title='bbox 655 2383 749 2447; x_wconf 87' lang='lat' dir='ltr'>etiam</span> <span class='ocrx_word' id='word_1_193' title='bbox 773 2384 1017 2450; x_wconf 85' lang='lat' dir='ltr'>consecutivam.</span> <span class='ocrx_word' id='word_1_194' title='bbox 1042 2384 1136 2449; x_wconf 86' lang='lat' dir='ltr'>Ennii</span> <span class='ocrx_word' id='word_1_195' title='bbox 1160 2386 1308 2467; x_wconf 85' lang='lat' dir='ltr'>Thyestis</span> <span class='ocrx_word' id='word_1_196' title='bbox 1333 2387 1375 2452; x_wconf 81' lang='lat' dir='ltr'>ir.</span> <span class='ocrx_word' id='word_1_197' title='bbox 1394 2394 1440 2464; x_wconf 83' lang='lat' dir='ltr'>ll,</span> 
     </span>
     <span class='ocr_line' id='line_1_22' title="bbox 275 2483 1440 2564; baseline 0 -15"><span class='ocrx_word' id='word_1_198' title='bbox 275 2503 303 2549; x_wconf 82' lang='lat' dir='ltr'>v.</span> <span class='ocrx_word' id='word_1_199' title='bbox 327 2489 407 2548; x_wconf 87' lang='lat'>405:</span> <span class='ocrx_word' id='word_1_200' title='bbox 439 2486 486 2546; x_wconf 86' lang='lat' dir='ltr'>Ne</span> <span class='ocrx_word' id='word_1_201' title='bbox 515 2485 652 2558; x_wconf 82' lang='lat' dir='ltr'>contagio</span> <span class='ocrx_word' id='word_1_202' title='bbox 681 2501 747 2544; x_wconf 86' lang='lat' dir='ltr'>mea</span> <span class='ocrx_word' id='word_1_203' title='bbox 769 2485 855 2544; x_wconf 87' lang='lat' dir='ltr'>bonis</span> <span class='ocrx_word' id='word_1_204' title='bbox 883 2486 1023 2547; x_wconf 85' lang='lat' dir='ltr'>umbrave</span> <span class='ocrx_word' id='word_1_205' title='bbox 1053 2487 1134 2547; x_wconf 80' lang='lat' dir='ltr'>obsit.</span> <span class='ocrx_word' id='word_1_206' title='bbox 1179 2483 1285 2549; x_wconf 74' lang='lat' dir='ltr'>Plani.</span> <span class='ocrx_word' id='word_1_207' title='bbox 1310 2484 1381 2550; x_wconf 82' lang='lat' dir='ltr'>Mil.</span> <span class='ocrx_word' id='word_1_208' title='bbox 1405 2485 1440 2564; x_wconf 83' lang='lat' dir='ltr'>V,</span> 
     </span>
    </p>
   </div>
   <div class='ocr_carea' id='block_1_3' title="bbox 270 2583 1439 3050">
    <p class='ocr_par' dir='ltr' id='par_1_4' title="bbox 270 2583 1439 3050">
     <span class='ocr_line' id='line_1_23' title="bbox 272 2583 1439 2666; baseline 0.003 -19"><span class='ocrx_word' id='word_1_209' title='bbox 272 2603 301 2647; x_wconf 87' lang='lat' dir='ltr'>v.</span> <span class='ocrx_word' id='word_1_210' title='bbox 322 2590 399 2647; x_wconf 83' lang='lat'><strong>577:</strong></span> <span class='ocrx_word' id='word_1_211' title='bbox 422 2603 509 2660; x_wconf 86' lang='lat' dir='ltr'>quam</span> <span class='ocrx_word' id='word_1_212' title='bbox 526 2585 652 2657; x_wconf 83' lang='lat' dir='ltr'>benigne</span> <span class='ocrx_word' id='word_1_213' title='bbox 675 2585 801 2657; x_wconf 83' lang='lat' dir='ltr'>gratiam</span> <span class='ocrx_word' id='word_1_214' title='bbox 818 2585 913 2654; x_wconf 82' lang='lat' dir='ltr'>Fecit,</span> <span class='ocrx_word' id='word_1_215' title='bbox 937 2600 973 2641; x_wconf 80' lang='lat' dir='ltr'>ac</span> <span class='ocrx_word' id='word_1_216' title='bbox 996 2586 1089 2644; x_wconf 83' lang='lat' dir='ltr'>iratus</span> <span class='ocrx_word' id='word_1_217' title='bbox 1112 2591 1192 2644; x_wconf 80' lang='lat' dir='ltr'>esset.</span> <span class='ocrx_word' id='word_1_218' title='bbox 1237 2583 1338 2649; x_wconf 81' lang='lat' dir='ltr'>Mero.</span> <span class='ocrx_word' id='word_1_219' title='bbox 1363 2585 1389 2666; x_wconf 91' lang='lat'>1,</span> <span class='ocrx_word' id='word_1_220' title='bbox 1412 2591 1439 2664; x_wconf 74' lang='grc'>2,</span> 
     </span>
     <span class='ocr_line' id='line_1_24' title="bbox 272 2682 1439 2760; baseline -0.003 -14"><span class='ocrx_word' id='word_1_221' title='bbox 272 2686 330 2746; x_wconf 80' lang='lat'>35:</span> <span class='ocrx_word' id='word_1_222' title='bbox 356 2685 413 2741; x_wconf 91' lang='lat' dir='ltr'>Dic</span> <span class='ocrx_word' id='word_1_223' title='bbox 437 2682 519 2758; x_wconf 90' lang='lat' dir='ltr'>mihi,</span> <span class='ocrx_word' id='word_1_224' title='bbox 544 2700 579 2741; x_wconf 85' lang='lat' dir='ltr'>an</span> <span class='ocrx_word' id='word_1_225' title='bbox 605 2682 674 2740; x_wconf 92' lang='lat' dir='ltr'>boni</span> <span class='ocrx_word' id='word_1_226' title='bbox 697 2682 766 2754; x_wconf 85' lang='lat' dir='ltr'>quid</span> <span class='ocrx_word' id='word_1_227' title='bbox 790 2689 951 2755; x_wconf 82' lang='lat' dir='ltr'>usquamst,</span> <span class='ocrx_word' id='word_1_228' title='bbox 976 2683 1054 2756; x_wconf 90' lang='lat' dir='ltr'>qnod</span> <span class='ocrx_word' id='word_1_229' title='bbox 1077 2685 1231 2758; x_wconf 84' lang='lat' dir='ltr'>quisquam</span> <span class='ocrx_word' id='word_1_230' title='bbox 1256 2687 1300 2743; x_wconf 90' lang='lat' dir='ltr'>nti</span> <span class='ocrx_word' id='word_1_231' title='bbox 1324 2687 1439 2760; x_wconf 87' lang='lat' dir='ltr'>possiet</span> 
     </span>
     <span class='ocr_line' id='line_1_25' title="bbox 273 2779 1434 2854; baseline 0.001 -13"><span class='ocrx_word' id='word_1_232' title='bbox 273 2781 345 2842; x_wconf 88' lang='lat' dir='ltr'>Sine</span> <span class='ocrx_word' id='word_1_233' title='bbox 368 2783 447 2840; x_wconf 87' lang='lat' dir='ltr'>malo</span> <span class='ocrx_word' id='word_1_234' title='bbox 471 2780 559 2850; x_wconf 91' lang='lat' dir='ltr'>omni,</span> <span class='ocrx_word' id='word_1_235' title='bbox 583 2786 633 2836; x_wconf 84' lang='lat' dir='ltr'>aut</span> <span class='ocrx_word' id='word_1_236' title='bbox 655 2795 692 2838; x_wconf 83' lang='lat' dir='ltr'>ac</span> <span class='ocrx_word' id='word_1_237' title='bbox 714 2779 845 2838; x_wconf 85' lang='lat' dir='ltr'>laborem</span> <span class='ocrx_word' id='word_1_238' title='bbox 870 2781 971 2852; x_wconf 82' lang='lat' dir='ltr'>copias</span> <span class='ocrx_word' id='word_1_239' title='bbox 994 2797 1082 2854; x_wconf 88' lang='lat' dir='ltr'>quom</span> <span class='ocrx_word' id='word_1_240' title='bbox 1105 2782 1156 2840; x_wconf 91' lang='lat' dir='ltr'>illo</span> <span class='ocrx_word' id='word_1_241' title='bbox 1173 2783 1216 2840; x_wconf 92' lang='lat' dir='ltr'>uti</span> <span class='ocrx_word' id='word_1_242' title='bbox 1232 2783 1344 2842; x_wconf 80' lang='lat' dir='ltr'>voles?</span> <span class='ocrx_word' id='word_1_243' title='bbox 1368 2781 1397 2844; x_wconf 90' lang='lat' dir='ltr'>h.</span> <span class='ocrx_word' id='word_1_244' title='bbox 1410 2800 1434 2845; x_wconf 90' lang='lat' dir='ltr'>e.</span> 
     </span>
     <span class='ocr_line' id='line_1_26' title="bbox 270 2873 1432 2954; baseline 0.003 -16"><span class='ocrx_word' id='word_1_245' title='bbox 270 2881 327 2938; x_wconf 86' lang='lat' dir='ltr'>aut</span> <span class='ocrx_word' id='word_1_246' title='bbox 350 2876 395 2937; x_wconf 90' lang='lat' dir='ltr'>ita</span> <span class='ocrx_word' id='word_1_247' title='bbox 419 2878 647 2952; x_wconf 84' lang='lat' dir='ltr'>comparatum,</span> <span class='ocrx_word' id='word_1_248' title='bbox 671 2879 707 2936; x_wconf 90' lang='lat' dir='ltr'>nt</span> <span class='ocrx_word' id='word_1_249' title='bbox 730 2873 871 2938; x_wconf 89' lang='lat' dir='ltr'>laborem</span> <span class='ocrx_word' id='word_1_250' title='bbox 896 2893 958 2937; x_wconf 94' lang='lat' dir='ltr'>non</span> <span class='ocrx_word' id='word_1_251' title='bbox 981 2875 1087 2954; x_wconf 85' lang='lat' dir='ltr'>capias</span> <span class='ocrx_word' id='word_1_252' title='bbox 1103 2881 1177 2940; x_wconf 90' lang='lat' dir='ltr'>cett.</span> <span class='ocrx_word' id='word_1_253' title='bbox 1201 2875 1287 2941; x_wconf 90' lang='lat' dir='ltr'>Trin.</span> <span class='ocrx_word' id='word_1_254' title='bbox 1304 2897 1334 2942; x_wconf 88' lang='lat' dir='ltr'>v.</span> <span class='ocrx_word' id='word_1_255' title='bbox 1357 2884 1432 2944; x_wconf 84' lang='lat'>143:</span> 
     </span>
     <span class='ocr_line' id='line_1_27' title="bbox 270 2974 1299 3050; baseline 0.004 -16"><span class='ocrx_word' id='word_1_256' title='bbox 270 2975 347 3050; x_wconf 88' lang='lat' dir='ltr'>quod</span> <span class='ocrx_word' id='word_1_257' title='bbox 371 2991 453 3034; x_wconf 81' lang='lat' dir='ltr'>meae</span> <span class='ocrx_word' id='word_1_258' title='bbox 477 2974 710 3033; x_wconf 82' lang='lat' dir='ltr'>concreditumst</span> <span class='ocrx_word' id='word_1_259' title='bbox 731 2975 943 3033; x_wconf 85' lang='lat' dir='ltr'>Taciturnitati</span> <span class='ocrx_word' id='word_1_260' title='bbox 967 3007 1008 3016; x_wconf 92' lang='lat'>—-</span> <span class='ocrx_word' id='word_1_261' title='bbox 1030 2975 1076 3033; x_wconf 84' lang='lat' dir='ltr'>Nc</span> <span class='ocrx_word' id='word_1_262' title='bbox 1098 2977 1299 3039; x_wconf 72' lang='lat' dir='ltr'>nocentiorem.</span> 
     </span>
    </p>
   </div>
   <div class='ocr_carea' id='block_1_4' title="bbox 354 3067 1429 3149">
    <p class='ocr_par' dir='ltr' id='par_1_5' title="bbox 354 3067 1429 3149">
     <span class='ocr_line' id='line_1_28' title="bbox 354 3067 1429 3149; baseline 0.004 -16"><span class='ocrx_word' id='word_1_263' title='bbox 354 3070 387 3145; x_wconf 83' lang='lat' dir='ltr'>d)</span> <span class='ocrx_word' id='word_1_264' title='bbox 431 3067 592 3149; x_wconf 83' lang='lat' dir='ltr'>Exemplis</span> <span class='ocrx_word' id='word_1_265' title='bbox 620 3088 648 3131; x_wconf 91' lang='lat' dir='ltr'>v.</span> <span class='ocrx_word' id='word_1_266' title='bbox 675 3088 748 3130; x_wconf 81' lang='lat' dir='ltr'>neoc</span> <span class='ocrx_word' id='word_1_267' title='bbox 782 3069 814 3131; x_wconf 92' lang='lat' dir='ltr'>in</span> <span class='ocrx_word' id='word_1_268' title='bbox 843 3071 1042 3149; x_wconf 82' lang='lat' dir='ltr'>praegressis</span> <span class='ocrx_word' id='word_1_269' title='bbox 1077 3069 1182 3134; x_wconf 89' lang='lat' dir='ltr'>allatis</span> <span class='ocrx_word' id='word_1_270' title='bbox 1217 3072 1301 3136; x_wconf 86' lang='lat' dir='ltr'>adde</span> <span class='ocrx_word' id='word_1_271' title='bbox 1333 3073 1429 3137; x_wconf 86' lang='lat' dir='ltr'>Ennii</span> 
     </span>
    </p>
   </div>
   <div class='ocr_carea' id='block_1_5' title="bbox 263 3166 1430 4421">
    <p class='ocr_par' dir='ltr' id='par_1_6' title="bbox 268 3166 1427 3343">
     <span class='ocr_line' id='line_1_29' title="bbox 268 3166 1427 3244; baseline 0.002 -13"><span class='ocrx_word' id='word_1_272' title='bbox 268 3167 435 3232; x_wconf 88' lang='lat' dir='ltr'>Phoenicis</span> <span class='ocrx_word' id='word_1_273' title='bbox 456 3166 494 3230; x_wconf 86' lang='lat' dir='ltr'>tr.</span> <span class='ocrx_word' id='word_1_274' title='bbox 518 3172 552 3229; x_wconf 84' lang='lat'>7:</span> <span class='ocrx_word' id='word_1_275' title='bbox 576 3168 657 3228; x_wconf 83' lang='lat' dir='ltr'>Neve</span> <span class='ocrx_word' id='word_1_276' title='bbox 679 3174 711 3228; x_wconf 93' lang='lat' dir='ltr'>tu</span> <span class='ocrx_word' id='word_1_277' title='bbox 734 3187 871 3244; x_wconf 84' lang='lat' dir='ltr'>umquem</span> <span class='ocrx_word' id='word_1_278' title='bbox 893 3171 923 3228; x_wconf 93' lang='lat' dir='ltr'>in</span> <span class='ocrx_word' id='word_1_279' title='bbox 947 3171 1088 3244; x_wconf 80' lang='lat' dir='ltr'>gremium</span> <span class='ocrx_word' id='word_1_280' title='bbox 1117 3171 1239 3232; x_wconf 73' lang='lat' dir='ltr'>extollas</span> <span class='ocrx_word' id='word_1_281' title='bbox 1262 3172 1427 3233; x_wconf 86' lang='lat' dir='ltr'>liberorum</span> 
     </span>
     <span class='ocr_line' id='line_1_30' title="bbox 268 3273 483 3343; baseline 0.005 -16"><span class='ocrx_word' id='word_1_282' title='bbox 268 3285 305 3327; x_wconf 87' lang='lat' dir='ltr'>cx</span> <span class='ocrx_word' id='word_1_283' title='bbox 327 3273 358 3327; x_wconf 87' lang='lat' dir='ltr'>tc</span> <span class='ocrx_word' id='word_1_284' title='bbox 381 3285 483 3343; x_wconf 78' lang='lat' dir='ltr'>genus</span> 
     </span>
    </p>

    <p class='ocr_par' dir='ltr' id='par_1_7' title="bbox 265 3359 1430 3916">
     <span class='ocr_line' id='line_1_31' title="bbox 353 3359 1427 3443; baseline 0.004 -16"><span class='ocrx_word' id='word_1_285' title='bbox 353 3370 384 3438; x_wconf 87' lang='lat' dir='ltr'>e)</span> <span class='ocrx_word' id='word_1_286' title='bbox 426 3365 553 3437; x_wconf 76' lang='lat' dir='ltr'>Nedum,</span> <span class='ocrx_word' id='word_1_287' title='bbox 577 3362 616 3427; x_wconf 91' lang='lat' dir='ltr'>de</span> <span class='ocrx_word' id='word_1_288' title='bbox 640 3363 730 3428; x_wconf 88' lang='lat' dir='ltr'>cuius</span> <span class='ocrx_word' id='word_1_289' title='bbox 753 3359 983 3442; x_wconf 80' lang='lat' dir='ltr'>significatione</span> <span class='ocrx_word' id='word_1_290' title='bbox 1010 3361 1082 3426; x_wconf 87' lang='lat' dir='ltr'>ride</span> <span class='ocrx_word' id='word_1_291' title='bbox 1111 3369 1240 3443; x_wconf 86' lang='lat' dir='ltr'>praeter</span> <span class='ocrx_word' id='word_1_292' title='bbox 1263 3364 1427 3430; x_wconf 80' lang='lat' dir='ltr'>Hanrlinm</span> 
     </span>
     <span class='ocr_line' id='line_1_32' title="bbox 267 3459 1428 3543; baseline 0.003 -19"><span class='ocrx_word' id='word_1_293' title='bbox 267 3459 383 3540; x_wconf 81' lang='lat' dir='ltr'>Reisig.</span> <span class='ocrx_word' id='word_1_294' title='bbox 407 3479 437 3541; x_wconf 90' lang='lat' dir='ltr'>p.</span> <span class='ocrx_word' id='word_1_295' title='bbox 462 3463 534 3538; x_wconf 79' lang='lat'>587,</span> <span class='ocrx_word' id='word_1_296' title='bbox 557 3460 657 3524; x_wconf 87' lang='lat' dir='ltr'>semel</span> <span class='ocrx_word' id='word_1_297' title='bbox 680 3460 798 3541; x_wconf 80' lang='lat' dir='ltr'>legitur</span> <span class='ocrx_word' id='word_1_298' title='bbox 821 3459 907 3539; x_wconf 87' lang='lat' dir='ltr'>apud</span> <span class='ocrx_word' id='word_1_299' title='bbox 936 3459 1138 3539; x_wconf 84' lang='lat' dir='ltr'>Terentium,</span> <span class='ocrx_word' id='word_1_300' title='bbox 1166 3460 1285 3526; x_wconf 85' lang='lat' dir='ltr'>Heaut.</span> <span class='ocrx_word' id='word_1_301' title='bbox 1311 3462 1375 3543; x_wconf 89' lang='grc' dir='ltr'>ΙΙΙ,</span> <span class='ocrx_word' id='word_1_302' title='bbox 1402 3470 1428 3542; x_wconf 93' lang='lat' dir='ltr'>l,</span> 
     </span>
     <span class='ocr_line' id='line_1_33' title="bbox 266 3560 1416 3639; baseline 0.001 -16"><span class='ocrx_word' id='word_1_303' title='bbox 266 3564 326 3623; x_wconf 91' lang='lat'>45:</span> <span class='ocrx_word' id='word_1_304' title='bbox 349 3562 478 3634; x_wconf 79' lang='lat' dir='ltr'>Satrspa</span> <span class='ocrx_word' id='word_1_305' title='bbox 499 3562 525 3621; x_wconf 90' lang='lat' dir='ltr'>si</span> <span class='ocrx_word' id='word_1_306' title='bbox 541 3562 599 3620; x_wconf 89' lang='lat' dir='ltr'>siet</span> <span class='ocrx_word' id='word_1_307' title='bbox 613 3565 747 3636; x_wconf 82' lang='lat' dir='ltr'>Amator,</span> <span class='ocrx_word' id='word_1_308' title='bbox 771 3578 929 3634; x_wconf 86' lang='lat' dir='ltr'>numquam</span> <span class='ocrx_word' id='word_1_309' title='bbox 945 3560 1070 3620; x_wconf 79' lang='lat' dir='ltr'>sufferre</span> <span class='ocrx_word' id='word_1_310' title='bbox 1087 3563 1150 3622; x_wconf 88' lang='lat' dir='ltr'>eius</span> <span class='ocrx_word' id='word_1_311' title='bbox 1167 3569 1304 3636; x_wconf 89' lang='lat' dir='ltr'>sumptus</span> <span class='ocrx_word' id='word_1_312' title='bbox 1322 3572 1416 3639; x_wconf 80' lang='lat' dir='ltr'>quest</span> 
     </span>
     <span class='ocr_line' id='line_1_34' title="bbox 266 3654 1430 3733; baseline 0.004 -17"><span class='ocrx_word' id='word_1_313' title='bbox 266 3657 383 3716; x_wconf 75' lang='lat' dir='ltr'>Nedum</span> <span class='ocrx_word' id='word_1_314' title='bbox 413 3664 445 3717; x_wconf 86' lang='lat' dir='ltr'>tn</span> <span class='ocrx_word' id='word_1_315' title='bbox 471 3658 571 3731; x_wconf 68' lang='lat' dir='ltr'>possm.</span> <span class='ocrx_word' id='word_1_316' title='bbox 616 3654 720 3720; x_wconf 88' lang='lat' dir='ltr'>Locus</span> <span class='ocrx_word' id='word_1_317' title='bbox 747 3660 856 3718; x_wconf 86' lang='lat' dir='ltr'>autern</span> <span class='ocrx_word' id='word_1_318' title='bbox 884 3654 987 3719; x_wconf 89' lang='lat' dir='ltr'>Plaat.</span> <span class='ocrx_word' id='word_1_319' title='bbox 1019 3655 1088 3720; x_wconf 86' lang='lat' dir='ltr'>Cas.</span> <span class='ocrx_word' id='word_1_320' title='bbox 1112 3656 1150 3728; x_wconf 83' lang='lat' dir='ltr'>V,</span> <span class='ocrx_word' id='word_1_321' title='bbox 1173 3663 1203 3733; x_wconf 88' lang='grc'>4,</span> <span class='ocrx_word' id='word_1_322' title='bbox 1236 3662 1296 3721; x_wconf 81' lang='lat'>23:</span> <span class='ocrx_word' id='word_1_323' title='bbox 1327 3662 1376 3721; x_wconf 83' lang='lat' dir='ltr'>Nc</span> <span class='ocrx_word' id='word_1_324' title='bbox 1399 3669 1430 3721; x_wconf 80' lang='lat' dir='ltr'>ut</span> 
     </span>
     <span class='ocr_line' id='line_1_35' title="bbox 266 3750 1430 3834; baseline 0.006 -20"><span class='ocrx_word' id='word_1_325' title='bbox 266 3771 392 3831; x_wconf 73' lang='lat' dir='ltr'>amasso,</span> <span class='ocrx_word' id='word_1_326' title='bbox 417 3753 471 3817; x_wconf 92' lang='lat' dir='ltr'>ubi</span> <span class='ocrx_word' id='word_1_327' title='bbox 493 3752 628 3833; x_wconf 84' lang='lat' dir='ltr'>simplex</span> <span class='ocrx_word' id='word_1_328' title='bbox 650 3773 688 3814; x_wconf 80' lang='lat' dir='ltr'>nc</span> <span class='ocrx_word' id='word_1_329' title='bbox 711 3752 845 3817; x_wconf 89' lang='lat' dir='ltr'>candem</span> <span class='ocrx_word' id='word_1_330' title='bbox 869 3750 1133 3834; x_wconf 82' lang='lat' dir='ltr'>significationem</span> <span class='ocrx_word' id='word_1_331' title='bbox 1156 3752 1278 3819; x_wconf 88' lang='lat' dir='ltr'>babere</span> <span class='ocrx_word' id='word_1_332' title='bbox 1300 3754 1430 3834; x_wconf 84' lang='lat' dir='ltr'>dicitur,</span> 
     </span>
     <span class='ocr_line' id='line_1_36' title="bbox 265 3849 767 3916; baseline -0.004 -2"><span class='ocrx_word' id='word_1_333' title='bbox 265 3849 351 3915; x_wconf 79' lang='lat' dir='ltr'>hand</span> <span class='ocrx_word' id='word_1_334' title='bbox 375 3850 472 3915; x_wconf 87' lang='lat' dir='ltr'>dubie</span> <span class='ocrx_word' id='word_1_335' title='bbox 495 3855 545 3914; x_wconf 85' lang='lat' dir='ltr'>est</span> <span class='ocrx_word' id='word_1_336' title='bbox 567 3850 767 3916; x_wconf 82' lang='lat' dir='ltr'>subditicios.</span> 
     </span>
    </p>

    <p class='ocr_par' dir='ltr' id='par_1_8' title="bbox 263 3948 1429 4421">
     <span class='ocr_line' id='line_1_37' title="bbox 352 3948 1429 4032; baseline 0.005 -20"><span class='ocrx_word' id='word_1_337' title='bbox 352 3951 403 4012; x_wconf 80' lang='lat'>22.</span> <span class='ocrx_word' id='word_1_338' title='bbox 448 3950 496 4009; x_wconf 80' lang='lat' dir='ltr'>Nc</span> <span class='ocrx_word' id='word_1_339' title='bbox 517 3951 624 4013; x_wconf 81' lang='lat' dir='ltr'>tamen</span> <span class='ocrx_word' id='word_1_340' title='bbox 648 3948 828 4015; x_wconf 85' lang='lat' dir='ltr'>coniunctio</span> <span class='ocrx_word' id='word_1_341' title='bbox 851 3949 935 4030; x_wconf 86' lang='lat' dir='ltr'>apud</span> <span class='ocrx_word' id='word_1_342' title='bbox 951 3950 1087 4015; x_wconf 91' lang='lat' dir='ltr'>verbnm</span> <span class='ocrx_word' id='word_1_343' title='bbox 1103 3969 1206 4014; x_wconf 72' lang='lat' dir='ltr'>coam</span> <span class='ocrx_word' id='word_1_344' title='bbox 1221 3968 1320 4032; x_wconf 85' lang='lat' dir='ltr'>saepe</span> <span class='ocrx_word' id='word_1_345' title='bbox 1338 3953 1429 4016; x_wconf 83' lang='lat' dir='ltr'>omit·</span> 
     </span>
     <span class='ocr_line' id='line_1_38' title="bbox 264 4044 1427 4129; baseline 0.001 -19"><span class='ocrx_word' id='word_1_346' title='bbox 264 4045 345 4111; x_wconf 88' lang='lat' dir='ltr'>titur</span> <span class='ocrx_word' id='word_1_347' title='bbox 367 4049 401 4110; x_wconf 92' lang='lat' dir='ltr'>et</span> <span class='ocrx_word' id='word_1_348' title='bbox 423 4044 512 4110; x_wconf 89' lang='lat' dir='ltr'>solus</span> <span class='ocrx_word' id='word_1_349' title='bbox 532 4046 751 4111; x_wconf 82' lang='lat' dir='ltr'>coniunctivae</span> <span class='ocrx_word' id='word_1_350' title='bbox 773 4046 911 4126; x_wconf 87' lang='lat' dir='ltr'>ponitur.</span> <span class='ocrx_word' id='word_1_351' title='bbox 958 4045 1051 4113; x_wconf 85' lang='lat' dir='ltr'>Orac.</span> <span class='ocrx_word' id='word_1_352' title='bbox 1074 4044 1266 4127; x_wconf 86' lang='lat' dir='ltr'>Delphicum</span> <span class='ocrx_word' id='word_1_353' title='bbox 1287 4064 1342 4129; x_wconf 87' lang='lat' dir='ltr'>ap.</span> <span class='ocrx_word' id='word_1_354' title='bbox 1361 4048 1427 4113; x_wconf 80' lang='lat' dir='ltr'>Lis.</span> 
     </span>
     <span class='ocr_line' id='line_1_39' title="bbox 263 4141 1425 4223; baseline 0.004 -17"><span class='ocrx_word' id='word_1_355' title='bbox 263 4141 302 4223; x_wconf 86' lang='lat' dir='ltr'>V,</span> <span class='ocrx_word' id='word_1_356' title='bbox 328 4146 384 4207; x_wconf 88' lang='lat'>16:</span> <span class='ocrx_word' id='word_1_357' title='bbox 407 4161 479 4206; x_wconf 78' lang='lat' dir='ltr'>osvo</span> <span class='ocrx_word' id='word_1_358' title='bbox 505 4178 544 4191; x_wconf 91' lang='lat'><em>-</em></span> <span class='ocrx_word' id='word_1_359' title='bbox 566 4148 635 4207; x_wconf 83' lang='lat' dir='ltr'>siris</span> <span class='ocrx_word' id='word_1_360' title='bbox 659 4142 719 4220; x_wconf 85' lang='lat' dir='ltr'>(sic</span> <span class='ocrx_word' id='word_1_361' title='bbox 746 4143 869 4208; x_wconf 87' lang='lat' dir='ltr'>emend.</span> <span class='ocrx_word' id='word_1_362' title='bbox 898 4145 1009 4209; x_wconf 89' lang='lat' dir='ltr'>Herm.</span> <span class='ocrx_word' id='word_1_363' title='bbox 1038 4147 1072 4208; x_wconf 86' lang='lat' dir='ltr'>et</span> <span class='ocrx_word' id='word_1_364' title='bbox 1093 4141 1214 4209; x_wconf 84' lang='lat' dir='ltr'>Grotet.</span> <span class='ocrx_word' id='word_1_365' title='bbox 1242 4152 1352 4210; x_wconf 84' lang='lat' dir='ltr'>metro</span> <span class='ocrx_word' id='word_1_366' title='bbox 1375 4163 1425 4210; x_wconf 90' lang='lat' dir='ltr'>co·</span> 
     </span>
     <span class='ocr_line' id='line_1_40' title="bbox 263 4238 1426 4322; baseline 0.002 -17"><span class='ocrx_word' id='word_1_367' title='bbox 263 4245 360 4320; x_wconf 81' lang='lat' dir='ltr'>gente</span> <span class='ocrx_word' id='word_1_368' title='bbox 381 4245 478 4319; x_wconf 72' lang='lat' dir='ltr'>noos,</span> <span class='ocrx_word' id='word_1_369' title='bbox 507 4241 593 4322; x_wconf 85' lang='lat' dir='ltr'>quod</span> <span class='ocrx_word' id='word_1_370' title='bbox 621 4246 672 4306; x_wconf 87' lang='lat' dir='ltr'>cst</span> <span class='ocrx_word' id='word_1_371' title='bbox 699 4241 785 4321; x_wconf 82' lang='lat' dir='ltr'>apncl</span> <span class='ocrx_word' id='word_1_372' title='bbox 807 4241 952 4314; x_wconf 77' lang='lat' dir='ltr'>Livium).</span> <span class='ocrx_word' id='word_1_373' title='bbox 995 4241 1137 4306; x_wconf 80' lang='lat' dir='ltr'>Naevius</span> <span class='ocrx_word' id='word_1_374' title='bbox 1165 4239 1203 4305; x_wconf 87' lang='lat' dir='ltr'>tr.</span> <span class='ocrx_word' id='word_1_375' title='bbox 1228 4238 1426 4307; x_wconf 75' lang='lat' dir='ltr'>Corollariae</span> 
     </span>
     <span class='ocr_line' id='line_1_41' title="bbox 264 4337 1423 4421; baseline 0.001 -19"><span class='ocrx_word' id='word_1_376' title='bbox 264 4344 300 4402; x_wconf 79' lang='lat'>7:</span> <span class='ocrx_word' id='word_1_377' title='bbox 323 4341 367 4417; x_wconf 78' lang='lat' dir='ltr'>St,</span> <span class='ocrx_word' id='word_1_378' title='bbox 390 4348 469 4416; x_wconf 70' lang='lat' dir='ltr'>mcc,</span> <span class='ocrx_word' id='word_1_379' title='bbox 493 4341 572 4402; x_wconf 67' lang='lat' dir='ltr'>obre</span> <span class='ocrx_word' id='word_1_380' title='bbox 594 4341 716 4403; x_wconf 81' lang='lat' dir='ltr'>verbum</span> <span class='ocrx_word' id='word_1_381' title='bbox 739 4341 831 4413; x_wconf 67' lang='lat' dir='ltr'>teob.</span> <span class='ocrx_word' id='word_1_382' title='bbox 876 4337 1423 4421; x_wconf 73' lang='lat' dir='ltr'>lr.Lycurg.1s:occossnm</span> 
     </span>
    </p>
   </div>
   <div class='ocr_carea' id='block_1_6' title="bbox 0 0 1568 5075">
    <p class='ocr_par' dir='ltr' id='par_1_9' title="bbox 0 0 1568 5075">
     <span class='ocr_line' id='line_1_42' title="bbox 0 0 1568 5075; baseline 0 6"><span class='ocrx_word' id='word_1_383' title='bbox 0 0 1568 5075; x_wconf 95' lang='lat' dir='ltr'> </span> 
     </span>
    </p>
   </div>
  </div>
 </body>
</html>
