3125 5075
290 341 354 402 176
732 333 861 375 7111111111.
888 333 951 375 (iAl’.
966 331 1015 374 xn.

355 525 405 586 23.
427 519 613 586 coniunctio
623 525 705 599 puin,
718 538 802 601 queo
815 538 854 584 er
869 520 931 586 abl.
942 524 995 597 qut
1010 526 1044 586 et
1055 519 1228 600 negatione
1241 539 1282 581 re
1294 518 1447 601 originem

286 618 385 694 ducit,
408 618 485 682 item
502 636 629 697 semper
652 618 835 683 adiunctum
852 617 951 683 hebet
965 617 1210 684 coniunctirum.
1257 615 1448 682 Enuncirtio

289 732 492 797 praegresso,
508 715 576 780 sole
590 714 728 780 formula
742 719 853 777 mirem
868 718 941 790 puin
955 722 1100 796 excepte,
1122 732 1251 795 semper
1267 732 1342 780 esse
1358 715 1449 781 debet

289 814 449 895 negative,
472 812 562 877 cuius
585 813 631 877 rei
655 831 784 878 causam
807 812 960 893 explicuit
980 811 1264 878 Weissenboruius
1291 811 1327 878 in
1349 812 1448 878 Iahnii

284 911 394 975 ennel.
426 914 517 980 1848,
545 909 605 973 vol.
619 960 621 963 ,
635 914 685 988 53,
712 915 791 974 sect.
824 915 854 989 3,
877 928 906 990 p.
931 914 1002 975 238.
1025 910 1171 975 Discedit
1190 914 1303 974 umen
1327 909 1372 976 eb
1394 910 1448 976 hnc

289 1007 403 1089 regule
428 1007 518 1072 locus
548 1006 677 1072 Catonis
705 1025 755 1086 ep.
784 1007 910 1071 lordsn.
940 1011 990 1085 66,
1020 1013 1053 1071 7:
1082 1011 1169 1070 Nunc
1206 1026 1281 1085 ergo
1316 1011 1448 1071 arbitror

289 1115 429 1181 oportere
452 1107 580 1178 restitui,
603 1109 676 1179 quin
698 1109 794 1167 minus
822 1108 936 1168 dnobus
964 1108 1083 1167 milibus
1108 1106 1250 1167 ducentis
1277 1107 1321 1167 sit
1351 1124 1449 1169 rernm

289 1207 480 1280 equestrium.
514 1198 601 1280 (qo-in
623 1201 752 1282 scripsit
785 1201 957 1278 Hertzius).
991 1201 1104 1266 Naevii
1138 1220 1240 1283 equus
1275 1203 1449 1268 Troianus:

288 1318 452 1375 numquam
474 1301 561 1363 hodie
584 1303 707 1375 effupies
729 1303 803 1374 quin
824 1319 890 1362 mee
912 1319 1001 1362 menn
1023 1302 1169 1364 Moriere.
1193 1299 1275 1366 Oete
1297 1318 1354 1383 sp.
1371 1301 1448 1367 Geli

289 1396 398 1473 XVII,
438 1403 489 1462 13:
519 1415 612 1473 neque
636 1400 712 1458 satis
740 1400 846 1459 holuit
872 1399 951 1475 quod
980 1416 1046 1459 eam
1076 1401 1105 1459 in
1136 1400 1256 1461 occulto
1279 1403 1448 1474 vicissent,

288 1497 363 1570 peis
393 1499 457 1558 eius
488 1496 595 1557 semem
618 1498 819 1570 prostitueret.
847 1493 926 1558 Ceto
954 1493 993 1557 R.
1017 1496 1054 1559 tt.
1077 1512 1104 1560 c.
1129 1499 1185 1561 38:
1214 1500 1322 1572 Ignem
1348 1505 1449 1560 ecreto

281 1611 323 1653 ,rie
344 1596 531 1669 interreittar,
560 1594 634 1668 quin
662 1611 780 1668 semper
811 1596 874 1654 siet.
906 1591 1009 1655 eleut.
1042 1592 1155 1659 Bacch.
1183 1592 1227 1671 11,
1253 1598 1283 1669 2,
1308 1598 1367 1659 32:
1395 1613 1450 1654 ror

286 1696 433 1753 tantulum
457 1693 601 1767 Umquam
623 1691 793 1750 tetenstete
814 1701 929 1765 tempus
952 1693 1025 1763 quiri
1047 1710 1114 1752 eum
1146 1691 1286 1752 mmiiiet.
1320 1689 1449 1756 Terent.

288 1787 422 1867 Adelph.
446 1785 504 1866 111,
530 1792 557 1864 l,
581 1791 615 1848 7:
646 1805 714 1847 nrm
740 1805 902 1861 numquam
928 1806 1017 1849 unum
1045 1791 1215 1849 intermittit
1241 1791 1347 1858 diem,
1375 1792 1449 1866 eriri

287 1903 405 1960 semper
434 1887 543 1945 ventat.
573 1882 675 1948 eleut.
705 1883 786 1947 Rud.
817 1883 843 1963 1,
873 1891 903 1965 t,
934 1890 967 1949 9:
1002 1886 1104 1960 Neque
1138 1890 1163 1948 si
1192 1888 1268 1949 sivit
1290 1905 1364 1950 enm
1385 1892 1447 1947 riva

281 2000 424 2058 umquam
447 1984 520 2055 qrrin
542 1981 661 2059 [vinnm]
683 1984 835 2044 inueniam
861 1984 1009 2045 desistam.
1040 1981 1120 2048 Cato
1143 1983 1244 2063 origg.
1275 1981 1299 2047 l.
1326 1983 1379 2048 111
1400 2002 1446 2063 sp.

287 2074 371 2141 Iord.
413 2081 462 2158 16,
500 2085 533 2144 9;
581 2082 671 2142 Haut
705 2098 757 2141 eos
786 2098 822 2142 eo
852 2091 1035 2157 postremum
1058 2086 1167 2157 scribo,
1190 2083 1265 2155 quiri
1286 2087 1397 2160 populi
1419 2094 1446 2143 et

286 2177 357 2238 boni
379 2185 412 2238 et
435 2180 549 2239 strenui
570 2180 653 2239 siem.
679 2176 773 2241 Ennii
797 2177 969 2242 Alcumeeo
991 2179 1031 2243 fr.
1054 2182 1086 2255 2,
1109 2196 1137 2242 v.
1161 2181 1218 2242 46:
1250 2183 1340 2254 Ques
1364 2198 1445 2242 nemo

277 2284 334 2336 -est
356 2276 418 2336 tem
445 2276 530 2337 firmo
559 2279 678 2351 ingenio
709 2284 738 2337 et
761 2284 848 2338 tants
869 2278 1060 2352 confidentis,
1082 2279 1163 2353 Quiri
1183 2278 1324 2351 referiat
1346 2280 1446 2339 timido

288 2389 418 2445 sanguen
442 2383 531 2449 etque
555 2375 722 2435 madescat
742 2382 833 2435 metu.
855 2372 961 2437 Pleut.
985 2373 1101 2454 Amph.
1124 2373 1151 2453 Ι,
1177 2379 1206 2454 1,
1229 2378 1258 2437 6.
1306 2373 1389 2440 cist
1423 2373 1447 2450 l,

291 2475 318 2549 1,
344 2474 381 2532 16
405 2487 467 2551 sq.:
489 2472 553 2532 Nec
574 2472 632 2532 nisi
654 2473 828 2548 discipline,
850 2472 930 2548 epod
953 2480 982 2533 te
1016 2472 1077 2545 soit
1109 2474 1270 2550 quidquem
1290 2474 1359 2549 Ibi,
1382 2475 1448 2548 quir

279 2571 359 2629 mihi
377 2571 517 2643 placeret.
541 2568 655 2632 Bacch.
679 2568 721 2647 ΙΙ,
746 2573 774 2642 3,
802 2573 876 2632 102:
905 2571 1021 2631 nullust
1046 2573 1160 2647 Ephesi
1183 2572 1258 2644 quin
1284 2574 1374 2631 sciat
1397 2571 1447 2647 lv,

279 2672 320 2744 -9,
341 2670 396 2732 89;
419 2669 509 2728 Nihil
530 2673 573 2727 est
594 2670 722 2737 illorum,
744 2669 818 2740 quie
839 2685 894 2744 ego
917 2670 961 2728 illi
982 2669 1119 2730 dixerim.
1143 2665 1232 2731 Pers.
1257 2666 1321 2744 111,
1350 2675 1378 2747 l,
1394 2675 1446 2732 et:

288 2764 382 2842 Virgo
406 2776 495 2841 etque
518 2767 626 2825 mulier
645 2767 730 2825 nuile
752 2768 817 2839 erit,
842 2767 916 2838 quin
937 2768 978 2826 sit
999 2770 1078 2828 mslc
1099 2770 1158 2831 cet.
1182 2763 1307 2829 Eadem
1338 2766 1446 2846 legun-

290 2867 344 2925 tur
364 2879 394 2923 v.
419 2866 468 2925 39.
498 2860 625 2925 Terent·
657 2860 785 2926 Phorm.
816 2860 871 2939 IV,
898 2868 929 2940 4,
962 2865 1015 2927 16:
1042 2865 1098 2924 Nil
1124 2869 1174 2940 est,
1197 2866 1347 2943 Antipho,
1370 2867 1447 2941 Quin

289 2962 366 3020 mele
382 2963 531 3021 narrando
540 2961 638 3034 possit
659 2961 861 3035 deprevarier.
885 2959 963 3023 Hec.
987 2959 1039 3037 ΙΙ,
1059 2964 1086 3037 1,
1101 2964 1158 3024 43:
1181 2967 1355 3022 rostrorum
1369 2964 1448 3020 nudo

290 3061 341 3124 est,
363 3059 436 3131 quis
458 3064 578 3132 gestum
601 3060 672 3117 velit
693 3061 812 3118 Ducere
836 3076 966 3120 uxorem.
1012 3057 1117 3121 Plaut.
1141 3055 1255 3137 Amph·
1272 3056 1332 3137 IV,
1349 3063 1379 3137 3,
1398 3064 1446 3122 18:

289 3155 392 3229 Neque
424 3173 470 3215 me
505 3157 640 3232 Iuppiter
674 3172 769 3229 neque
804 3156 833 3216 di
864 3173 966 3217 omnes
993 3158 1024 3216 id
1046 3157 1255 3230 prohibebunt,
1285 3159 1313 3217 si
1338 3161 1444 3231 volent,

287 3254 368 3330 Quin
390 3256 434 3314 sie
455 3254 573 3325 sedern
594 3255 639 3313 uti
662 3253 812 3325 constitui,
853 3270 880 3314 v.
906 3250 1024 3316 Acidel.
1050 3252 1147 3316 Mero.
1172 3251 1210 3330 V,
1232 3259 1264 3329 4,
1289 3256 1352 3317 61;
1383 3256 1446 3315 Ner

289 3353 446 3425 quisquam
472 3352 598 3425 posthoc
619 3350 774 3423 prohibeto
801 3350 1025 3412 adulescentem
1052 3352 1160 3428 filium,
1189 3352 1272 3427 Quin
1305 3359 1387 3412 amet
1419 3360 1447 3413 et

290 3454 421 3508 scortum
443 3448 539 3508 ducet.
564 3443 656 3509 Cure.
680 3444 706 3522 I,
733 3451 759 3522 l,
785 3449 825 3509 33
848 3462 894 3525 sq.
907 3469 913 3508 :
938 3450 1032 3509 Nemo
1055 3451 1123 3510 binc
1140 3448 1282 3523 prothei
1295 3466 1355 3510 nee
1369 3455 1445 3511 votat

291 3545 372 3622 Quin
401 3547 480 3621 quod
508 3547 639 3620 palamst
666 3547 779 3611 venale,
810 3547 835 3605 si
863 3557 1057 3620 ergentnmst,
1088 3564 1176 3608 emas.
1205 3543 1324 3624 Amph.
1356 3546 1399 3625 11,
1424 3553 1448 3619 l,

292 3646 322 3706 9.
346 3640 411 3704 Mil.
441 3639 484 3719 ΙΙ,
509 3647 538 3719 3,
568 3645 626 3704 61:
654 3643 704 3700 Me
728 3640 816 3703 homo
837 3659 922 3702 noro
945 3643 1122 3704 deterruerit
1143 3644 1216 3717 quin
1239 3661 1277 3704 es
1298 3661 1341 3704 es
1361 3647 1402 3705 sit
1421 3649 1447 3704 in

295 3742 378 3801 hisee
400 3742 533 3801 cedibus.
555 3739 644 3817 4,16
667 3752 728 3814 sq.:
755 3740 928 3812 Numquam
950 3741 1052 3803 hercle
1074 3743 1243 3801 deterrebor
1263 3743 1350 3817 Quiri
1376 3743 1446 3802 side

290 3840 349 3896 rim
372 3839 402 3898 id
425 3838 504 3913 quod
524 3838 659 3898 viderim.
683 3833 777 3899 Most·
801 3834 827 3916 I,
854 3841 883 3914 3,
913 3842 970 3901 46:
1002 3841 1060 3900 Vir
1086 3839 1274 3913 comprimor,
1301 3842 1380 3913 puin
1408 3843 1446 3898 ire

289 3936 382 3995 volem
408 3937 454 3996 illi
477 3936 508 3994 in
531 3937 642 3997 oculos.
666 3932 732 3996 llil.
755 3931 811 4012 IV,
834 3939 865 4013 8,
888 3938 943 3999 58:
970 3938 1027 3998 Vix
1053 3939 1200 4011 reprimor
1226 3938 1302 4009 puin
1330 3946 1363 3999 te
1392 3955 1444 3998 mr-

291 4049 364 4093 nere
399 4033 524 4092 iubeam.
559 4029 673 4110 Amph.
696 4029 722 4107 l,
749 4036 775 4108 1,
801 4035 881 4097 243:
916 4035 1006 4095 Certe
1036 4037 1144 4110 edepol
1171 4041 1205 4094 tu
1231 4035 1445 4097 mentientis

290 4147 454 4202 numeriam
475 4130 549 4203 quin
570 4138 674 4191 noster
694 4131 776 4191 819111.
800 4127 870 4194 Ces.
894 4129 937 4209 11,
961 4134 990 4202 3,
1014 4134 1072 4195 22:
1101 4133 1170 4194 Eho
1191 4140 1235 4205 tu,
1258 4134 1357 4195 Nihili
1378 4148 1444 4195 erm

293 4232 390 4306 culex,
412 4230 465 4288 vic
488 4232 593 4295 meror,
615 4230 696 4301 quiri,
719 4248 796 4305 quse
819 4231 928 4291 deeent
950 4238 990 4300 te,
1005 4230 1112 4294 dicam.
1134 4226 1251 4294 Bacch·
1275 4229 1380 4310 1v‚s,
1397 4234 1442 4291 ll:

292 4327 323 4385 Sl
346 4334 402 4400 est,
425 4329 575 4401 apstinere
595 4330 670 4400 quin
689 4329 822 4402 ettims
850 4344 910 4387 nori
931 4344 1030 4401 queue
1074 4325 1163 4391 Pers·
1192 4325 1219 4406 l,
1253 4333 1282 4405 l,
1314 4332 1371 4393 12:
1397 4329 1441 4388 se
