3125 5075
276 343 340 405 270
568 332 630 374 ΟΔΡ.
644 333 690 372 XV.
717 331 866 373 nocuum
897 331 1147 379 :melanem

279 523 497 601 Charmideal,
524 518 601 586 item
624 520 721 585 Puen.
745 520 784 601 V,
809 525 842 601 2,
868 525 942 586 119:
976 526 1018 586 Et
1047 533 1077 587 te
1100 528 1216 587 monerl
1247 542 1361 586 maone
1381 518 1445 584 rial

279 660 323 671 -
347 627 425 687 Sane
449 625 526 684 uolo.
1213 643 1215 647 ·

366 739 393 786 c.
438 717 545 798 Vulgo
572 715 771 797 praecipitur
799 736 871 778 uum
905 718 1003 783 etiam
1033 718 1110 800 poni
1139 734 1237 799 posse
1266 717 1300 784 ln
1336 719 1441 800 priore

279 818 422 885 membro
448 814 657 880 disiunctiuae
680 814 956 898 interrogationis,
988 833 1052 896 qua
1081 815 1220 882 alterum
1245 822 1359 886 utrum
1381 823 1441 885 nu

280 915 435 981 tuendum
457 915 667 994 proponatur,
689 912 776 991 quod
799 930 894 979 secus
916 932 952 979 ae
974 913 1080 979 habet
1126 913 1209 979 Nam
1234 920 1327 981 recte
1350 916 1439 983 docet

280 1013 427 1081 Handiua
455 1029 486 1091 p.
510 1014 571 1075 321
600 1029 673 1070 uum
698 1027 760 1074 non
791 1027 885 1091 posce
913 1010 1034 1077 habere
1064 1012 1173 1078 sedem
1200 1011 1236 1077 in
1267 1014 1442 1096 interrege

280 1111 378 1188 tione,
401 1108 462 1174 nisi
485 1106 634 1188 opinione
656 1106 707 1171 vel
730 1109 891 1173 sententia
912 1114 987 1174 ante
1016 1115 1182 1191 occupata
1227 1109 1315 1175 Nam
1343 1111 1438 1178 daubi

281 1204 567 1288 interrogationem
590 1222 650 1285 per
671 1223 743 1265 uum
765 1204 883 1270 elatam
914 1205 1019 1271 altera
1041 1205 1189 1286 sequitur
1208 1224 1273 1288 per
1294 1228 1355 1289 au,
1384 1227 1438 1274 non

282 1311 333 1372 est
355 1303 525 1370 disiunctio
548 1301 735 1381 statuenda,
762 1302 819 1366 aed
842 1322 885 1367 au
905 1320 968 1368 non
991 1302 1055 1368 alia
1076 1304 1201 1368 mhone
1223 1322 1326 1385 quam
1350 1305 1441 1370 cnivis

281 1403 337 1468 alii
367 1399 581 1468 enunciationi
619 1398 812 1465 adnectitur.
862 1399 915 1465 Sic
947 1399 1053 1466 Plnut
1081 1399 1178 1466 Poen.
1206 1400 1248 1481 V,
1273 1409 1309 1476 5,
1338 1407 1380 1470 36
1401 1419 1438 1483 aq.

282 1502 408 1566 Terent.
434 1497 561 1563 Phorm.
585 1496 634 1577 II,
658 1500 691 1576 3,
716 1500 757 1561 64
779 1514 844 1579 sq.:
877 1517 949 1560 uma
976 1503 1108 1578 iniquom
1134 1499 1286 1576 postulo?
1331 1502 1385 1563 Aa
1410 1520 1439 1563 no

281 1604 339 1662 hoc
378 1600 496 1676 quidem
537 1614 592 1673 ego
632 1597 801 1672 adipiscar,
837 1598 915 1673 quod
956 1600 1002 1658 ina
1038 1599 1242 1673 publicnmet?
1296 1596 1441 1681 Compro-

282 1697 381 1763 batur
402 1694 462 1759 hoc
485 1693 582 1759 ctiam
605 1709 660 1770 eo,
682 1691 786 1772 quod,
815 1692 870 1757 ubi
892 1692 1103 1774 disiungenda
1126 1698 1177 1759 est
1198 1697 1383 1777 sententia,
1402 1696 1438 1761 dl

284 1794 368 1860 citur
394 1797 449 1855 aut
474 1798 541 1861 aut,
567 1789 723 1855 vocabulo
750 1811 824 1854 uum
845 1792 1036 1872 praemisso,
1065 1792 1112 1857 sic
1134 1792 1240 1859 Plaut.
1265 1793 1384 1877 Amph.
1404 1792 1437 1871 ll,

285 1897 321 1972 2,
344 1896 396 1954 u.

370 1986 400 2050 d.
445 1984 603 2050 hdiicitur
631 2002 651 2048 a
681 1985 810 2050 comicia
840 2006 910 2049 uam
939 1986 990 2051 vel
1020 1987 1208 2069 separatim,
1243 1989 1297 2054 vel
1327 1996 1366 2055 ut
1393 1987 1439 2054 hat

286 2105 438 2149 numnam.
470 2085 577 2163 Atque
598 2082 646 2147 ita
667 2081 811 2161 loquitur
834 2083 869 2161 ic,
890 2085 945 2165 qui
968 2102 1030 2148 non
1053 2089 1220 2165 exspectat
1243 2086 1376 2167 quidem
1396 2105 1440 2152 ne

251 2223 253 2227 »
286 2183 461 2267 gatianum,
498 2180 556 2245 aed
587 2179 642 2260 qui
669 2179 826 2246 sollicitus
855 2187 1002 2262 veretur,
1037 2202 1078 2246 ne
1106 2181 1148 2247 sit
1177 2184 1265 2263 qnod
1287 2203 1356 2251 non
1380 2202 1439 2251 ene

286 2283 382 2363 cupit.
427 2280 574 2345 Donatus
597 2277 638 2342 ad
660 2278 788 2344 Terent
812 2279 909 2345 Andr.
933 2279 993 2359 111,
1016 2287 1047 2359 4,
1072 2285 1125 2345 12:
1154 2300 1227 2342 nam
1255 2278 1438 2362 unguinum,

286 2390 320 2443 nt
340 2384 371 2442 in
393 2375 560 2454 putauuu.“
607 2376 670 2443 Sed
691 2395 762 2438 uam
785 2374 985 2458 adsignificat
1013 2378 1166 2443 maiorem
1188 2378 1436 2445 admirationem.

287 2475 406 2559 (Hand.
431 2494 460 2558 p.
487 2473 572 2558 323).
616 2473 721 2540 Plaut
737 2473 853 2556 Amph.
877 2472 903 2555 l,
930 2482 955 2551 l,
983 2479 1060 2540 165:
1083 2495 1228 2538 numnam
1251 2496 1310 2555 ego
1326 2477 1439 2543 oboluit

285 2575 324 2657 V,
350 2584 382 2652 1,
407 2580 455 2639 21.
480 2573 551 2639 hul.
574 2573 625 2653 ΙΙ,
653 2579 683 2644 l,
708 2576 1073 2638 39:1luuuuuvlsme
1102 2579 1294 2653 interrogare
1322 2577 1377 2641 te?
1415 2578 1437 2649 8,

290 2678 342 2739 19;
366 2675 520 2734 Numnam
543 2691 598 2749 ego
622 2674 758 2748 conpilor
780 2671 893 2734 miser?
938 2670 1007 2736 Cae.
1032 2671 1071 2748 V,
1095 2677 1124 2751 2,
1147 2678 1201 2737 55:
1225 2676 1312 2734 Num
1335 2678 1438 2737 illane

285 2791 356 2834 nom
389 2770 545 2847 sequitur?
590 2767 667 2833 cist
691 2767 747 2846 IV,
773 2774 806 2847 1,
829 2772 863 2832 6:
897 2772 973 2832 haec
1001 2774 1121 2833 cistella
1153 2790 1304 2832 numnam
1333 2775 1440 2834 hinec

287 2873 373 2932 nobis
397 2868 535 2932 demost?
579 2863 645 2928 llil.
669 2865 729 2942 111,
754 2870 782 2945 3,
808 2870 865 2930 5οε
889 2869 970 2928 Num
992 2872 1044 2930 ille
1068 2876 1098 2930 te
1120 2887 1190 2928 mam
1214 2867 1321 2932 novit?
1354 2867 1437 2932 Poeu.

288 2966 325 3043 V,
351 2969 380 3041 2,
407 2968 459 3028 16:
483 2967 636 3027 Numnam
658 2968 682 3025 it
705 2985 722 3026 a
745 2967 860 3029 balneis
884 2968 1084 3029 circumdatus
1099 2969 1202 3044 pallio.
1242 2965 1340 3031 Truc.
1361 2964 1438 3041 Ill,

290 3071 323 3128 l:
347 3065 429 3126 Num
447 3066 507 3125 -tihi
528 3082 609 3139 num,
633 3065 747 3137 amabo,
771 3067 889 3124 ianuast
911 3067 1035 3126 mordax
1057 3082 1124 3125 mea
1145 3063 1203 3126 -?
1229 3068 1258 3142 7,
1274 3069 1335 3128 41:
1359 3066 1438 3139 uum

288 3165 429 3237 obsecro,
462 3180 533 3222 nam
567 3164 699 3224 hariolus
733 3159 764 3236 (l.
795 3163 968 3236 hariolast),
1005 3165 1055 3239 qni
1092 3162 1175 3237 ipsus
1215 3178 1249 3222 se
1285 3160 1439 3225 verberet?

286 3258 388 3324 Plaut.
414 3257 526 3339 fragm.
549 3276 579 3339 p.
603 3262 681 3322 484:
704 3260 858 3319 Numnam
882 3262 953 3319 mihi
976 3263 1056 3321 ocull
1078 3257 1273 3321 caecultant?
1320 3257 1437 3325 Terent

285 3356 366 3421 Eun.
391 3354 433 3435 ΙΙ,
456 3360 490 3427 2,
514 3361 572 3420 55:
602 3375 674 3418 num
695 3374 766 3416 uam
788 3357 836 3417 hic
859 3356 992 3417 relictu‘s
1015 3364 1124 3418 custos.
1170 3354 1208 3432 V,
1232 3360 1270 3430 4,
1295 3361 1438 3421 25:1uu

286 3446 357 3515 num
389 3475 444 3531 ego
478 3455 579 3531 perii?
623 3453 740 3517 fleant.
764 3451 830 3529 111,
856 3458 889 3524 2,
920 3457 957 3518 6:
990 3473 1063 3514 ntum
1094 3471 1166 3513 nam
1199 3454 1276 3514 haee
1313 3452 1437 3517 audiuit?

286 3550 422 3631 Adelph.
454 3551 525 3632 ΙΙΙ,
559 3559 605 3631 4,
637 3556 693 3616 42:
731 3552 813 3612 Num
845 3570 917 3612 nam
949 3556 1003 3613 illa
1036 3569 1147 3627 quaeso
1181 3553 1340 3626 parturit?
1381 3548 1435 3616 el.

287 3652 386 3712 Certe.

372 3764 398 3810 e.
445 3746 496 3812 Sic
526 3746 643 3810 dicitur
672 3746 768 3810 etiam
798 3747 1024 3821 numquidnam.
1068 3743 1172 3807 Plaut
1203 3743 1322 3809 Bacch.
1352 3745 1388 3824 V,
1414 3749 1437 3820 l,

287 3850 344 3909 25:
368 3846 593 3920 Numquidnam
615 3848 651 3905 ad
675 3847 767 3905 filium
793 3848 867 3906 haec
889 3846 1043 3920 aegritudo
1067 3842 1196 3904 attinet?
1227 3840 1346 3907 caecil.
1365 3842 1434 3907 Stat

286 3940 417 4009 Chalcia
436 3941 476 4007 fr.
499 3947 532 4006 2:
554 3943 700 4017 uunquid
720 3961 792 4003 num
814 3943 894 4004 lares
917 3945 1031 4002 Fecere
1056 3940 1165 4001 coniti?
1209 3937 1343 4004 Terent.
1367 3940 1435 4003 Hec.

285 4039 333 4119 ΙΙ,
357 4045 396 4119 2,
420 4044 477 4104 25:
498 4042 644 4115 numquid
665 4058 736 4100 nam
758 4050 881 4102 accusat
903 4038 1019 4102 virum?

371 4137 392 4201 f.
437 4140 486 4202 Dc
509 4138 647 4201 formula
667 4140 812 4214 nunguid
832 4141 900 4200 uia?
931 4157 959 4200 v.
983 4136 1073 4201 Liud.
1096 4136 1146 4200 ad.
1171 4133 1264 4215 Capi.
1287 4134 1324 4214 I,
1349 4140 1382 4213 2,
1402 4135 1435 4196 88

286 4234 355 4315 (uhi
378 4235 526 4317 legitur):
552 4234 721 4316 „Officiosa
742 4236 822 4301 haec
845 4244 879 4299 et
900 4233 1073 4300 honorifica
1099 4234 1286 4299 abeuntium
1310 4233 1432 4297 interru-

287 4333 390 4414 gatio,
429 4352 511 4415 quae
554 4333 647 4399 simul
684 4333 882 4398 valedicendi
923 4336 989 4398 sive
1023 4333 1162 4398 abeundi
1200 4337 1271 4397 erat
1308 4332 1435 4412 sigum.
