3125 5075
481 364 567 403 CASCS
582 364 849 404 suus'rsu'rltouult.
863 384 888 393 -
904 366 1036 405 oullvt's.
1287 381 1327 437 29
1334 381 1351 437 3

216 535 332 614 urerit,
365 553 432 617 qno
453 535 570 602 clarius
592 536 765 601 etiamnum
788 537 836 602 vis
858 539 993 606 actionis
1019 545 1054 606 et
1075 539 1234 607 efficaciae
1256 541 1290 607 in
1312 544 1354 608 si·

211 630 399 713 gnificatione
412 633 504 698 verbi
520 639 663 714 apparet,
685 633 732 697 ita
747 638 785 698 ιιι
806 635 870 699 vim
891 636 924 700 in
948 636 1026 702 illud
1048 638 1210 705 obiectum
1232 638 1351 706 habeat

209 733 382 796 oudin
402 733 495 812 quasi
517 733 587 795 eius
608 729 764 811 declaret,
800 750 995 816 quamquam
1022 753 1086 800 non
1113 737 1354 817 comprehendit

207 827 275 894 llud
307 834 343 893 et
378 826 613 909 complectitur,
646 829 704 894 sed
736 829 860 897 actione
886 830 976 898 finita
1002 834 1128 900 demum
1155 835 1260 916 tangit
1285 840 1353 900 tan-

207 931 273 992 tom
315 925 356 992 Id
384 925 470 1007 qnod
499 925 659 992 obiectum
687 928 811 1007 patitur
833 928 892 994 hac
914 931 947 995 in
969 950 1019 1011 re,
1054 936 1172 1007 effodere
1198 932 1353 1013 appellari

206 1029 311 1106 potest,
332 1042 398 1107 qno
420 1024 609 1105 exprimitur
644 1024 690 1104 id,
724 1025 810 1105 quod
838 1027 996 1094 actionem
1024 1031 1213 1112 explicatam
1248 1037 1282 1095 et
1311 1030 1353 1097 ad

206 1119 287 1188 linem
315 1122 503 1205 perductam
535 1123 693 1204 sequitur,
731 1130 882 1191 accurate
910 1126 1170 1210 distinguendum
1200 1127 1279 1193 illud
1310 1130 1351 1194 ab

207 1239 245 1300 co,
265 1221 354 1302 quod
374 1221 512 1287 durante
530 1222 627 1287 etiam
646 1221 770 1287 actione
790 1223 882 1289 inea
902 1225 974 1306 ipsa
994 1225 1109 1291 accidit
1129 1228 1260 1307 eiusque
1281 1245 1353 1293 cur·

207 1337 262 1384 sum
288 1319 383 1401 quasi
405 1320 585 1386 comitatur.
630 1318 668 1382 ln
690 1320 815 1385 obiecto
834 1321 935 1403 igitur
957 1321 1091 1389 effectus
1112 1330 1263 1405 apparet,
1298 1341 1352 1389 cn·

178 1444 182 1454 ·
208 1416 245 1482 ius
257 1418 346 1483 notio
362 1435 425 1482 non
442 1422 493 1483 est
510 1416 812 1484 confundendacum
835 1420 971 1500 termini,
993 1439 1076 1502 quae
1098 1423 1279 1488 accusativo
1296 1440 1349 1486 ex·

209 1515 351 1594 primitur.

277 1613 426 1679 Vidimus
447 1613 547 1694 igitur
567 1614 599 1678 in
622 1613 765 1679 subiecto
789 1614 931 1679 studium
954 1616 1079 1697 obiecti,
1102 1617 1134 1681 in
1157 1617 1282 1682 obiecto
1305 1616 1351 1681 el-

208 1709 320 1776 lectum.
366 1710 427 1776 Hic
456 1710 589 1776 effectus
616 1731 636 1777 a
658 1712 765 1777 studio
788 1711 842 1776 illo
865 1713 1022 1794 gignitur,
1058 1720 1089 1779 et
1117 1714 1258 1779 studium
1280 1714 1350 1779 sine

210 1804 308 1874 electu
332 1814 400 1873 tum
424 1810 551 1875 demum
575 1810 711 1891 cogitari
734 1815 857 1891 potest,
891 1828 962 1875 cum
992 1812 1093 1877 omnis
1116 1813 1199 1877 actio
1222 1812 1351 1877 sublata

208 1911 250 1970 ant
269 1912 360 1970 certo
381 1905 485 1973 fracta
506 1911 540 1973 et
569 1907 737 1972 imminuta
764 1914 824 1973 cst
870 1907 963 1986 Quod
990 1909 1018 1973 si
1045 1911 1187 1976 studium
1215 1909 1349 1975 subiecti

209 2004 392 2069 convertitur
413 2005 454 2069 ad
476 2023 559 2084 rem,
592 2023 675 2085 quae
697 2006 872 2071 secundum
898 2013 1046 2071 naturam
1074 2025 1164 2073 suam
1194 2026 1253 2089 pro
1275 2025 1349 2087 per·

211 2115 272 2167 tona
296 2101 400 2183 accipi
421 2107 480 2168 aut
501 2108 687 2184 potestant
708 2104 818 2179 debet,
852 2102 921 2169 fieri
951 2122 1013 2169 non
1036 2110 1145 2186 potest
1172 2108 1247 2184 quin
1268 2104 1349 2169 haec

210 2198 417 2265 medactum
444 2201 477 2265 in
499 2219 535 2265 se
557 2205 760 2281 procreatum
783 2202 1017 2267 animadvertat
1039 2211 1073 2267 et
1095 2204 1260 2284 percipiat,
1284 2218 1347 2283 quo

211 2290 287 2362 itnt
308 2297 406 2362 etiam
428 2299 462 2362 in
485 2298 610 2364 obiecto
633 2299 774 2365 studium
798 2293 916 2366 existat
938 2301 1072 2365 subiecti
1095 2305 1128 2366 et
1149 2307 1186 2363 ut
1207 2301 1270 2364 vim
1293 2300 1366 2364 ha·-

212 2389 268 2460 tot
287 2396 320 2461 in
342 2401 463 2461 statum
487 2395 637 2474 subiecti,
665 2398 720 2477 qui
750 2399 933 2464 exactione
957 2398 1084 2479 prodiit.
1129 2398 1211 2463 Hinc
1232 2396 1351 2463 intolli-

213 2490 295 2571 gitur,
328 2513 368 2561 ne
395 2493 511 2561 obiecti
538 2493 666 2575 quidem
694 2496 837 2562 studium
868 2497 936 2563 sine
966 2495 1083 2564 ellectu
1110 2513 1239 2562 manere
1268 2513 1350 2578 opos

214 2605 276 2671 use,
297 2593 356 2659 sed
378 2592 527 2659 effectum
542 2594 612 2660 eius
625 2595 659 2660 in
674 2595 820 2661 subiecto
835 2596 897 2661 iam
913 2616 1079 2680 apparere,
1102 2595 1186 2677 quod
1209 2614 1272 2660 non
1293 2594 1351 2658 mi·

213 2702 255 2755 tus
274 2698 365 2756 extra
387 2693 545 2757 actionem
567 2692 684 2759 obiecti
705 2700 818 2759 mutuo
839 2713 874 2759 se
889 2695 1112 2761 ostendentem
1134 2694 1272 2775 positum
1289 2699 1348 2757 cst.

215 2782 267 2861 Quo
285 2788 330 2870 fit,
355 2797 392 2855 ut
413 2791 523 2856 ordine
544 2792 670 2858 inverso
693 2793 726 2857 in
748 2793 874 2858 obiecto
897 2795 1102 2876 conspicuum
1122 2792 1181 2859 fiat
1199 2792 1349 2868 studium,

212 2879 389 2954 uaubiecto
412 2896 521 2956 antem
543 2890 684 2957 euectus.

276 2987 474 3054 Accedamus
497 2990 560 3055 iam
583 2989 624 3055 ad
646 2989 775 3071 singula
795 3007 913 3070 genera
930 2993 1026 3058 huius
1048 3009 1140 3056 casus
1168 2987 1350 3054 accuratius

212 3083 388 3165 explicanda.
425 3090 469 3152 Ac
492 3088 629 3168 primum
654 3088 783 3168 quidem
804 3091 978 3155 notandum
1001 3094 1061 3168 cst,
1084 3083 1348 3168 significationem

210 3181 410 3266 primigeniam
434 3185 533 3249 dativi
556 3187 653 3251 etiam
674 3186 780 3252 minus
801 3202 894 3266 quam
919 3205 1028 3251 eorum
1043 3187 1186 3251 'duorum
1207 3202 1348 3263 casuum,

210 3288 271 3353 quos
292 3286 388 3347 antea
411 3284 644 3363 spectavimus,
678 3284 719 3349 ad
742 3284 824 3349 tales
851 3302 904 3349 res
933 3284 1094 3365 pertinere
1121 3301 1231 3364 posse,
1265 3299 1348 3361 quae

209 3377 252 3443 tub
270 3398 385 3446 sensus
407 3382 535 3445 cadunt.
581 3380 816 3446 Nihilominus
839 3387 948 3446 tamen
970 3381 1067 3446 etiam
1090 3379 1232 3459 dativus,
1266 3396 1348 3458 quae

208 3481 243 3540 ιιι
255 3477 415 3559 generalis
432 3479 501 3544 eins
516 3476 715 3561 significatio,
738 3479 780 3544 ad
799 3479 880 3544 tales
903 3480 1044 3544 rationes
1064 3483 1211 3560 spectare
1233 3479 1348 3557 potest,

206 3582 271 3648 luae
294 3582 372 3641 sunt
392 3579 585 3654 mactatio,
616 3595 695 3658 (luas
723 3577 862 3643 secundo
890 3577 961 3643 loco
989 3576 1216 3659 spectabimus,
1251 3591 1348 3655 quum

204 3673 330 3745 lriorern
351 3673 457 3740 locum
478 3678 609 3739 teneant
631 3677 769 3741 rationes
791 3679 954 3751 cccutntia.

273 3771 381 3851 Quum
403 3771 524 3837 formae
547 3771 629 3837 duae
653 3772 838 3854 potissimae
861 3773 961 3838 dativi
983 3774 1045 3837 iam
1069 3774 1101 3837 in
1124 3771 1344 3854 superioribus

203 3870 372 3951 explicatae
395 3870 475 3951 sint,
498 3869 591 3936 facile
615 3872 677 3935 erit
698 3889 754 3935 eas
776 3871 935 3952 explicare
957 3871 990 3936 in
1012 3871 1191 3937 rationibus
1214 3869 1349 3950 qualita-

202 3964 248 4046 ts,
281 3986 366 4050 quae
394 3968 600 4034 intercedunt
622 3970 706 4033 inter
729 3968 908 4034 subiectum
937 3976 971 4033 et
992 3971 1211 4050 praedicatum
1238 3973 1272 4032 et
1293 3966 1349 4032 ob·

200 4055 316 4130 lectum.
347 4066 467 4131 Forma
488 4067 577 4147 prior
597 4071 743 4148 apparet,
767 4067 947 4147 ubicunque
970 4067 1001 4131 in
1026 4067 1160 4146 obiecto,
1184 4067 1269 4147 quod
1294 4064 1349 4129 da-

201 4161 258 4228 tivo
280 4182 468 4246 expressum
492 4167 551 4244 est,
576 4162 710 4230 effectus
734 4170 767 4230 et
789 4170 963 4246 propterea
985 4166 1017 4228 in
1040 4166 1185 4231 subiecto
1207 4163 1349 4231 studium

202 4261 410 4338 coemendum
441 4267 507 4341 est,
540 4262 644 4327 alteru
672 4269 795 4341 autem,
826 4261 1006 4342 ubicunque
1032 4262 1115 4327 ratio
1143 4264 1269 4328 inversa
1291 4266 1350 4338 est,

206 4354 246 4420 ita
264 4366 301 4424 ιιι
322 4360 353 4423 iu
378 4360 485 4424 dativo
508 4378 659 4440 persona,
690 4362 740 4425 cui
763 4360 905 4424 studium
929 4366 991 4436 est,
1016 4360 1049 4425 in
1077 4360 1221 4427 subiecto
1243 4367 1350 4425 autem
