3125 5075
288 338 352 403 304
587 331 647 372 (ΙΑΡ.
664 326 708 370 XV.
736 329 881 370 moerenda
906 328 1158 371 nummulariorum.

288 518 478 599 quemfecit
500 518 654 583 Handius.
677 536 704 583 a.
729 519 871 583 Primum
886 519 1061 599 respondet
1083 531 1143 600 per
1161 517 1248 584 huno
1263 518 1437 599 particulam

291 618 329 694 ia,
349 617 405 698 qui
427 616 642 696 interroganti
664 616 759 681 alteri
781 634 915 697 prorsus
932 616 1130 682 contrarium
1146 609 1341 682 affirmundo
1356 628 1438 697 oppo

289 715 349 794 nit,
372 715 562 795 praesertim
587 714 641 779 ubi
664 716 708 786 ia,
738 715 792 795 qui
815 715 1011 796 interrogat,
1034 714 1195 780 dubitavit
1218 715 1260 780 de
1283 732 1338 791 re,
1360 732 1438 795 quan

292 812 377 878 ulter
395 829 435 876 ex
457 812 592 877 adversa
614 818 708 892 parte
735 810 912 877 confirmat.
959 811 1079 876 Eodem
1102 817 1153 878 est
1175 812 1280 891 ratio,
1305 812 1361 877 ubi
1382 811 1439 891 qm

292 911 473 990 opinionem
497 910 703 975 coniectando
727 909 896 989 anticipat,
919 910 1015 973 etiarn
1039 915 1132 974 extra
1154 910 1438 991 interrogationem.

293 1007 397 1071 Plaut.
422 1006 534 1086 Amph.
567 1007 613 1086 ll,
637 1013 672 1083 2,
698 1013 746 1072 54.
778 1013 829 1071 94.
852 1006 977 1072 curcul.
1002 1007 1051 1085 11,
1076 1012 1111 1086 3,
1134 1012 1191 1072 66:
1229 1011 1397 1087 „Dedistn
1415 1017 1440 1068 tu

290 1104 497 1181 .arqentnrn?“
527 1110 656 1182 inquam.
685 1106 791 1165 ‘immo’
816 1104 939 1183 [inquit]
969 1105 1062 1182 ‘apud
1090 1109 1285 1183 trapeseituun
1319 1106 1439 1168 situnat'

293 1202 385 1283 Epid.
410 1206 444 1281 V,
470 1209 508 1280 2,
533 1208 568 1266 2:
596 1206 692 1263 Immo
715 1206 821 1280 edepol
845 1210 877 1264 tu
901 1206 1018 1280 quidem
1041 1223 1087 1265 me
1118 1208 1260 1267 miserum
1284 1207 1380 1267 hebes
1398 1207 1440 1265 ni·

294 1291 373 1363 uersa
393 1304 496 1372 modis.
542 1301 655 1364 Bacch.
679 1298 733 1378 IV,
757 1309 794 1378 4,
828 1306 882 1365 39:
912 1302 1009 1362 Imm
1037 1304 1092 1363 tibi
1119 1320 1157 1364 ue
1180 1312 1303 1365 noceat.
1350 1320 1377 1365 v.
1396 1305 1439 1364 dl:

294 1402 461 1461 Piatoolero
491 1402 572 1460 nulla
599 1399 748 1461 amicast?
794 1397 865 1461 MN.
889 1402 986 1459 Immo
1013 1403 1108 1462 adeat.
1152 1398 1268 1465 Bacch.
1300 1418 1330 1463 v.
1362 1404 1440 1464 1191:

295 1500 381 1571 Egon
423 1516 510 1572 quom
546 1500 620 1557 llaec
661 1516 727 1557 eum
768 1500 821 1558 illo
855 1499 984 1558 adoubet
1022 1498 1210 1573 inspeetern?
1255 1496 1326 1561 BA.
1360 1499 1441 1558 Im

295 1596 431 1671 equidem
460 1598 509 1669 pol
538 1604 635 1655 teoum
664 1596 847 1656 adoumbam.
893 1593 1008 1658 Pseud.
1032 1593 1062 1672 Ι,
1093 1600 1126 1672 5,
1152 1598 1223 1659 128.
1255 1593 1350 1660 Pers.
1372 1594 1400 1673 Ι,
1420 1601 1441 1669 3,

297 1698 351 1756 55:
375 1692 448 1752 Tun'
472 1696 553 1753 illum
578 1693 710 1754 vendas?
739 1690 803 1755 ΤΟ.
827 1694 924 1752 Immo
946 1695 1035 1754 ulium
1058 1695 1236 1769 adlegavero
1254 1696 1316 1768 Qui
1341 1697 1442 1755 vendut.

298 1788 352 1862 Ν,
378 1793 406 1865 3,
431 1793 485 1852 27;
508 1792 604 1850 Immo
627 1792 663 1850 ad
687 1799 717 1851 te
741 1794 878 1852 attinent.
923 1796 960 1867 4,
984 1794 1038 1853 61:
1061 1793 1146 1868 qnid,
1175 1794 1201 1851 si
1232 1792 1284 1852 hio
1314 1810 1373 1853 non
1393 1796 1444 1851 roll

297 1907 343 1948 me
367 1890 472 1947 adesse
495 1886 576 1950 una?
621 1887 679 1952 SA.
703 1889 800 1947 Immo
822 1890 833 1948 i
854 1888 952 1949 modo.
998 1893 1026 1964 7,
1052 1893 1105 1951 ll:
1133 1890 1240 1950 Tibine
1264 1889 1348 1966 ego?
1369 1891 1444 1948 immo

297 1988 441 2045 servolae.
488 1984 580 2047 Truc.
607 1983 668 2062 111,
692 1988 727 2063 2,
751 1989 805 2048 28:
835 1987 933 2045 Immo
955 1990 997 2047 nil
1021 1988 1095 2048 dico.
1139 1984 1270 2049 Terent.
1297 1985 1393 2050 Andr.
1414 1983 1443 2052 ΙΙ.

298 2084 328 2159 3,
354 2084 392 2143 16
415 2099 499 2162 sqq:
529 2085 610 2157 Quor
633 2101 728 2144 meam
751 2092 935 2144 senectutem
959 2086 1046 2145 huius
1067 2085 1199 2145 sollicito
1222 2086 1380 2147 amentia?
1408 2090 1443 2145 lln

298 2189 331 2240 nt
353 2198 408 2255 pro
431 2182 518 2241 huius
545 2182 679 2256 peccatis
703 2198 757 2255 ego
792 2181 969 2256 supplicium
1004 2179 1165 2244 sufferam?
1209 2184 1312 2243 Immo
1340 2186 1444 2256 habeat,

298 2279 407 2351 ualent,
432 2281 510 2338 vivat
530 2296 596 2337 enm
618 2281 680 2339 illa.
725 2276 806 2340 Eun.
831 2273 894 2355 ΙΙΙ,
919 2284 953 2354 5,
980 2283 1029 2341 60.
1060 2276 1177 2343 Heaui.
1201 2276 1259 2358 Ν,
1285 2286 1323 2348 3.
1347 2285 1395 2344 27.
1414 2278 1443 2352 1³,

300 2379 327 2452 1,
352 2378 408 2438 38:
430 2378 508 2436 istuc
531 2379 618 2435 times
642 2378 719 2451 quod
742 2379 794 2437 ille
817 2393 939 2452 operam
967 2380 1061 2437 amico
1092 2379 1144 2437 dat
1164 2378 1239 2437 ano?
1272 2377 1341 2442 CH.
1363 2380 1444 2438 Immo

296 2476 376 2550 qnod
407 2475 530 2533 amicae.
576 2470 703 2535 Phorm.
728 2471 783 2552 IV,
815 2477 850 2552 3,
876 2477 926 2539 35.
962 2472 1001 2552 V,
1024 2478 1058 2552 9,
1083 2478 1132 2539 54.
1172 2473 1251 2540 Heu.
1276 2473 1316 2556 V,
1338 2480 1371 2553 3,
1400 2480 1443 2538 ll:

296 2591 383 2633 curre
407 2575 444 2633 ad
467 2572 662 2646 Pamphilum.
682 2605 726 2614 —
755 2575 812 2632 Dio
836 2591 881 2633 rue
913 2591 1000 2635 orare
1031 2580 1064 2634 nt
1091 2576 1200 2634 veniat.
1244 2572 1312 2639 Pa.
1335 2577 1381 2636 Ad
1401 2573 1443 2635 te?

296 2672 393 2730 Immo
416 2673 453 2729 ad
476 2673 688 2730 Philumenam.
734 2670 763 2733 b.
789 2668 980 2748 Plerumque
1003 2669 1127 2735 accedit
1149 2667 1369 2749 amplificatio.
1392 2669 1443 2746 Qui

297 2766 486 2845 respondet,
510 2764 649 2829 affirmat
672 2784 738 2830 rem
762 2784 824 2830 non
847 2767 940 2831 modo
962 2786 1024 2831 non
1048 2784 1196 2848 parvam,
1225 2768 1285 2831 sed
1310 2784 1443 2848 magnam

298 2864 348 2926 vel
371 2865 538 2926 maximam
562 2881 642 2927 esse.
689 2861 796 2940 Quare
816 2864 912 2945 vulgo
935 2864 1096 2946 accipiunt
1117 2881 1175 2945 pro
1192 2867 1300 2939 poti-ua
1315 2864 1364 2930 vel
1385 2868 1444 2939 qula

294 2964 401 3035 metuo.
447 2960 551 3024 Pluut.
576 2960 646 3025 Ces.
671 2961 710 3036 ΙΙ,
735 2966 763 3037 8,
791 2968 847 3027 19:
878 2966 1093 3040 immoedepol
1117 2980 1162 3023 me
1186 2981 1275 3040 quam
1299 2975 1330 3025 te
1353 2969 1445 3024 minus.

297 3056 411 3121 Pseud.
436 3058 466 3135 I,
491 3065 525 3137 5,
549 3062 604 3122 80:
636 3063 799 3137 Numquid,
823 3063 917 3138 Simo,
945 3063 1153 3136 peecatumst?
1197 3058 1253 3140 Sl.
1277 3064 1374 3122 Immo
1395 3078 1447 3121 mu-

298 3175 395 3216 xnme.
441 3155 481 3234 ΙΙ,
505 3163 535 3235 4,
559 3160 613 3219 2οτ
637 3159 733 3217 Immo
755 3167 921 3234 utrumque.
966 3157 1021 3233 IV,
1045 3164 1074 3237 6,
1099 3163 1156 3221 17;
1180 3161 1233 3219 Set
1250 3162 1446 3220 convenistiue

298 3253 468 3315 hominem?
511 3253 577 3316 BA.
613 3257 710 3314 Immo
740 3259 842 3316 ambos
873 3261 976 3318 semul.
1021 3255 1101 3319 lund.
1135 3274 1164 3317 v.
1193 3258 1272 3319 960:
1307 3257 1447 3317 dimidium

297 3357 365 3413 volo
389 3353 480 3415 dicae.
527 3351 593 3415 GR.
617 3354 713 3411 Immo
736 3357 863 3428 amplius
894 3357 990 3415 etium.
1037 3353 1129 3417 Truc.
1154 3352 1186 3424 Ι,
1210 3356 1245 3427 2,
1271 3357 1331 3416 87:
1364 3354 1449 3413 Immo

298 3450 406 3525 edepol
430 3454 535 3512 melius
559 3452 618 3510 iam
642 3451 705 3510 lore
730 3451 830 3526 credo,
854 3461 884 3511 te
907 3452 957 3512 ubi
980 3454 1099 3513 videbit.
1130 3470 1159 3513 v.
1183 3456 1239 3516 91:
1267 3454 1358 3512 immo
1371 3454 1449 3512 unice

299 3566 397 3608 unum.
443 3547 570 3610 Terent.
594 3545 692 3609 Andr.
717 3546 749 3624 Ι,
774 3552 810 3625 2,
835 3551 892 3612 3οε
925 3551 1016 3623 Quid,
1041 3551 1097 3610 hoe
1120 3551 1316 3611 lntellextin?
1338 3569 1376 3611 an
1399 3565 1449 3609 non

298 3647 367 3705 dnm
394 3649 485 3705 etiam
513 3663 550 3706 ne
579 3648 636 3706 hoo
664 3646 802 3721 quidem?
850 3644 918 3707 DA.
948 3647 1046 3706 Immo
1072 3648 1191 3707 callide.
1242 3643 1309 3722 III,
1339 3652 1372 3724 5,
1404 3649 1450 3708 12:

298 3742 473 3817 Expedies?
519 3742 585 3805 Da.
611 3745 715 3820 Certe,
747 3744 910 3817 Pamphile.
956 3741 1021 3806 PA.
1051 3745 1165 3819 Nempe
1189 3753 1224 3805 ut
1246 3747 1346 3808 modo.
1390 3742 1450 3807 DA.

296 3841 394 3899 Immo
417 3843 522 3902 melina
545 3860 643 3917 spero.
688 3839 742 3914 IV,
768 3845 796 3918 l,
820 3846 856 3904 5:
882 3842 954 3902 ldne
978 3851 1025 3903 eat
1047 3843 1169 3902 verum?
1198 3842 1291 3901 imno
1313 3845 1344 3903 id
1368 3843 1451 3903 honi·

298 3945 397 3997 nnmat
420 3956 513 4012 genua
535 3956 714 4016 pessumum,
742 3941 917 4014 Denegandi
941 3941 1029 4001 modo
1051 3941 1117 4015 qnia
1141 3941 1237 4014 pudor
1261 3945 1385 4017 paulurn
1406 3939 1450 4000 ed·

298 4043 354 4095 eat.
399 4033 479 4096 Eun.
502 4034 564 4110 ΙΙΙ,
591 4040 618 4114 1,
644 4040 700 4102 19:
724 4040 767 4098 aio
791 4039 922 4098 homost:
945 4039 1169 4113 Perpaucorum
1193 4038 1356 4100 hominum
1391 4032 1451 4102 GN.

296 4132 394 4191 Immo
416 4135 564 4195 nullorum
587 4135 728 4195 arbitror.
773 4131 1090 4212 Phorm.1,2,9o:
1126 4135 1194 4195 Non
1221 4139 1349 4198 multum
1373 4134 1452 4196 hebel

300 4231 384 4302 Quod
409 4231 460 4290 det
483 4231 634 4293 fortusse?
680 4231 746 4295 GE.
769 4234 867 4292 Immo
890 4234 932 4291 nil
956 4234 1014 4293 nisi
1037 4248 1120 4307 spem
1142 4250 1267 4294 meram.
1306 4231 1349 4310 II,
1366 4232 1451 4311 3,72.

296 4323 375 4389 Hee.
401 4325 430 4405 1,
455 4330 489 4406 2,
514 4331 563 4392 31.
587 4326 649 4398 ΙΙΙ,
672 4335 708 4406 4,
732 4334 772 4392 22
796 4347 880 4409 sqq:
917 4331 995 4403 Quid
1017 4329 1141 4391 cessae?
1185 4328 1281 4394 PAR
1313 4332 1390 4406 Quid
1416 4333 1451 4388 ris
