3125 5075
593 336 632 374 DE
648 335 743 375 10018.
759 357 780 365 -
796 336 1018 381 comedemus,
1292 353 1352 413 ¹95

194 525 227 578 te
250 521 281 579 in
303 522 462 595 pistrinum
485 553 528 566 -
551 526 655 586 dednm
679 559 716 570 —
743 529 790 589 Ee
812 531 879 603 iege
900 561 942 573 -
958 537 1000 601 nt,
1015 532 1043 591 ei
1057 538 1093 592 te·
1103 531 1172 592 inde
1188 536 1355 613 aenaim,

194 633 254 693 ego
276 634 332 691 pre
351 627 383 679 te
405 624 523 683 molem.
540 626 569 700 3,
591 627 646 686 lt:
668 625 822 703 Quidquid
828 627 997 701 meimet,
1019 627 1218 691 deerevernnt
1238 634 1358 693 tollere.

194 709 240 790 11,
274 717 300 791 1,
332 717 369 778 6:
398 720 516 794 aneeo
544 723 661 797 edepol,
690 754 734 766 -
755 726 893 800 qnoniam
917 742 975 786 non
998 732 1100 801 potent
1122 728 1151 786 id
1174 728 1251 807 lieri,
1276 733 1354 806 qnod

194 811 251 906 vin,
276 813 310 873 Id
333 816 416 891 velie,
438 817 516 889 quod
534 820 633 892 poenit
679 837 707 883 v.
731 822 764 883 8:
791 823 908 895 Quanto
932 824 1040 884 satiust
1070 831 1098 884 te
1124 826 1153 885 id
1181 828 1252 887 dere
1283 847 1355 904 ope·

194 925 272 983 nm,
295 912 345 986 qni
368 914 457 974 ietnm
480 933 608 977 emerem
633 936 670 978 ex
692 920 790 980 animo
818 938 966 997 emenone,
997 923 1089 995 Quem
1118 925 1148 984 id
1178 927 1271 1001 loqui,
1300 944 1357 1000 que

193 1008 291 1082 megin
314 1010 415 1072 lubido
437 1013 551 1075 irnetrn
571 1016 751 1075 incendatur
772 1027 832 1078 tne.
877 1034 907 1077 v.
932 1021 989 1082 30:
1012 1021 1077 1095 Ego
1099 1052 1139 1064 -
1165 1039 1201 1082 ne
1225 1025 1357 1099 utiquam

195 1103 330 1166 offitium
353 1109 441 1170 liberi
463 1128 531 1172 eese
554 1114 681 1177 hominie
704 1122 789 1192 puto,
810 1116 903 1193 Quem
925 1118 951 1176 ie
981 1120 1023 1177 nil
1050 1123 1170 1188 meat,
1199 1122 1354 1196 postulare

194 1202 229 1262 id
253 1207 368 1279 gretiee
391 1210 500 1283 edponi
523 1212 589 1273 eibi.
634 1216 663 1289 3,
687 1215 716 1291 2,
740 1228 822 1291 ⁸qu
847 1214 880 1273 Si
900 1213 930 1272 id
961 1223 1136 1277 suscensent
1164 1235 1253 1294 nune,
1284 1219 1355 1292 quia

194 1319 257 1362 non
280 1300 329 1364 de
348 1304 403 1366 tibi
426 1323 547 1369 uxerem
570 1310 721 1379 Chremen,
744 1310 836 1371 Pn'et
857 1327 947 1385 quem
969 1320 1059 1389 tnom,
1083 1324 1115 1374 nt
1137 1331 1204 1376 eene
1234 1316 1353 1392 hebent,

195 1402 327 1462 enimnm
349 1402 389 1464 nd
411 1408 530 1482 nuptiae
547 1409 742 1485 perspexerit,
765 1409 851 1483 lpum
873 1411 932 1471 eibi
959 1427 1026 1472 enee
1056 1414 1181 1473 inim-ine
1209 1414 1354 1485 videntne,

194 1516 294 1575 neque
315 1502 347 1561 id
369 1502 485 1564 iniurie
530 1520 558 1567 v.
583 1508 1353 1588 202111111311111,ιιί,ᾳιιοηιυσ111,11111ιιη

195 1597 289 1659 irenei
317 1618 374 1663 non
405 1611 503 1679 quent
550 1607 579 1683 5,
611 1609 664 1669 13·
693 1607 707 1666 1
737 1608 875 1667 nuncium
904 1609 993 1684 intro,
1021 1624 1059 1668 ne
1089 1611 1118 1669 in
1146 1625 1238 1686 more,
1266 1626 1353 1683 quem

195 1700 334 1772 epneeit
334 1701 434 1777 ,eiee
478 1700 540 1779 ΙΙΙ,
563 1705 592 1782 2,
618 1709 669 1768 14·
691 1710 725 1764 nt
745 1706 836 1765 metui
864 1706 967 1766 vident
995 1691 1089 1781 e'erte,
1118 1707 1146 1767 ei
1171 1707 1349 1769 reeeieerim

197 1792 308 1875 111,2,
335 1802 371 1862 4:
402 1802 496 1861 Ome
522 1804 618 1876 inanit,
645 1804 674 1863 ei
695 1821 727 1863 ee
750 1820 839 1878 emee,
863 1819 925 1876 ern,
953 1806 1011 1864 iem
1034 1812 1067 1865 nt
1090 1805 1127 1867 ed
1150 1821 1217 1867 eene
1239 1808 1351 1867 venies.

198 1899 229 1972 3,
258 1897 315 1960 nt:
345 1906 387 1967 tn,
416 1906 448 1958 nt
477 1901 647 1962 subservias
674 1902 820 1977 Orntioni,
846 1905 881 1960 et
905 1917 1048 1976 quomque
1074 1920 1149 1978 opne
1176 1905 1225 1980 eit,
1253 1904 1353 1964 verbis

195 1995 277 2057 vide.
321 1992 403 2060 Eun.
426 1994 452 2075 1,
474 2001 504 2075 2,
528 2000 585 2061 60:
607 2016 666 2060 nen
694 2000 728 2059 id
753 2007 875 2077 metuet,
892 2018 939 2073 ne,
961 2001 1014 2061 edi
1027 2000 1196 2074 aeeeperim,
1219 2001 1291 2062 Sene
1307 2020 1354 2062 re·

195 2096 340 2173 lineum.
384 2091 444 2169 ΙΙΙ,
471 2099 498 2166 1,
520 2099 554 2159 4:
579 2099 642 2158 Hoc
664 2100 784 2172 proviso
807 2107 849 2173 nt,
873 2098 925 2156 edi
955 2110 1072 2173 tempus
1098 2098 1162 2165 niet,
1190 2101 1354 2162 Dednenm.

196 2190 255 2269 IV,
286 2195 316 2271 6,
350 2195 403 2256 13:
437 2212 520 2274 enne,
548 2212 585 2255 ne
606 2196 696 2269 prius
723 2211 813 2268 quam
843 2198 919 2255 nnnc
948 2213 966 2255 e
993 2211 1040 2255 me
1071 2196 1200 2268 amintae
1222 2200 1352 2261 emittes.

197 2308 226 2352 v.
251 2294 310 2356 23:
332 2292 386 2354 eed
409 2301 442 2354 tn
468 2293 546 2367 qued
573 2309 679 2354 envere
705 2293 813 2366 menie,
841 2295 964 2354 elnltnm
991 2293 1190 2353 admitterent.
1236 2291 1352 2357 Heaut.

196 2386 237 2463 V,
267 2392 300 2468 4,
330 2391 385 2453 16:
416 2392 494 2466 qnod
524 2392 618 2465 abest,
646 2409 704 2453 nen
733 2394 862 2466 qnaeris,
885 2392 966 2466 petri
991 2390 1055 2464 Quo
1078 2392 1166 2452 mode
1186 2392 1355 2469 obsequere

197 2493 419 2567 mulieries,
442 2488 519 2562 qued
540 2490 642 2551 lebore
664 2489 820 2550 invenerit.
867 2486 992 2551 Phorm.
1016 2484 1042 2566 I,
1066 2490 1095 2565 3,
1116 2493 1149 2553 1:
1172 2491 1277 2557 Adeon
1294 2507 1357 2553 rem

197 2587 325 2657 redime,
348 2595 381 2649 nt
403 2590 454 2661 etei
475 2589 548 2649 mihi
563 2591 730 2649 consultum
746 2596 867 2663 optume
881 2587 952 2647 velit
966 2604 1042 2662 eese,
1060 2589 1217 2667 Phaedria,
1239 2598 1355 2666 petrem

197 2690 229 2746 nt
254 2687 454 2747 extimescam.
500 2682 540 2763 ll,
566 2689 593 2754 1,
615 2689 657 2748 40
679 2699 765 2764 sqq.:
797 2686 829 2747 Si
856 2693 913 2760 eet,
942 2695 1058 2764 patrue,
1086 2690 1203 2762 culpem
1234 2690 1271 2748 nt
1294 2689 1355 2748 An·

197 2784 286 2859 tiphe
307 2785 338 2844 in
362 2801 394 2845 ne
417 2784 581 2860 admiserit,
605 2786 658 2845 Be
679 2801 740 2858 que
760 2801 795 2844 re
815 2785 912 2843 minue
934 2785 980 2842 rei
1001 2784 1080 2856 seret
1102 2791 1154 2844 ent
1168 2783 1265 2845 iemee
1282 2793 1355 2845 lem·

199 2897 323 2958 perenn,
350 2883 416 2941 Non
445 2899 564 2941 censam
591 2882 668 2949 dieo,
696 2884 766 2957 quin
796 2881 874 2955 qued
899 2884 1024 2942 meritne
1051 2883 1091 2943 eit
1115 2882 1204 2943 ferni.
1260 2890 1290 2958 4,
1322 2886 1357 2947 9:

198 2981 266 3055 Ego
287 2995 365 3053 nene
385 2981 415 3039 in
443 2996 507 3040 rem
531 2986 611 3041 tnem
632 2980 700 3046 nint.
723 2995 760 3039 en
780 2981 868 3039 velim
896 2979 1008 3040 incise..
1053 2996 1082 3040 ι.
1113 2983 1163 3043 ld:
1198 2983 1273 3043 Mihi
1297 3001 1354 3043 non

199 3076 329 3154 videtur,
351 3077 429 3152 qued
448 3077 621 3140 etinctum
643 3077 768 3154 legibue,
791 3077 934 3136 Rescindi
955 3092 1055 3154 poene.
1102 3075 1139 3154 V,
1163 3080 1191 3153 6,
1216 3082 1274 3144 36:
1295 3082 1355 3140 -eed

200 3192 247 3236 me
276 3192 385 3236 censen
407 3179 545 3252 ,potuisse
572 3177 671 3237 omnin
707 3175 893 3249 intellegere
916 3180 1002 3233 extre
1024 3176 1141 3250 oetinm,
1176 3176 1256 3236 lntne
1279 3194 1354 3251 eune

199 3271 283 3337 inne
303 3290 370 3336 eene
392 3274 451 3349 inei
472 3271 604 3349 efferim?
627 3270 707 3336 Hee.
729 3268 755 3347 Ι,
782 3274 809 3349 1,
835 3272 891 3337 16:
912 3272 1065 3332 ¹lninrlnm
1089 3279 1218 3333 entemst
1251 3278 1356 3337 nleisei

200 3372 414 3435 adverterint?
444 3375 504 3433 Ant
530 3388 591 3446 qen
616 3373 667 3432 eie
693 3378 723 3430 te
746 3374 873 3443 clepunt,
900 3371 1003 3430 eedem
1027 3371 1109 3444 ipene
1131 3372 1219 3446 cepi?
1248 3369 1304 3453 IV,
1332 3378 1357 3454 1,

201 3473 242 3535 39
266 3482 329 3549 eq.:
352 3471 427 3532 Nem
450 3470 476 3532 ti
498 3471 524 3531 ie
546 3476 651 3545 penset
673 3470 710 3529 eb
733 3485 769 3529 en
793 3483 859 3528 eene
875 3468 1038 3543 derepente
1060 3469 1201 3545 evellere,
1224 3471 1358 3548 emnem

199 3571 558 3640 tenementum,
582 3585 642 3627 non
672 3584 738 3627 enm
767 3569 917 3626 hominem
949 3567 1098 3630 decerem.
1150 3569 1180 3645 3,
1213 3571 1249 3629 2τ
1277 3572 1358 3631 letne

201 3673 392 3743 esttenete,
420 3668 481 3742 qni,
511 3665 564 3727 eet
591 3680 733 3739 quomque
760 3664 1067 3740 αρν-1111131111
1095 3667 1193 3741 poenis
1224 3665 1356 3732 flectere.

199 3767 232 3840 4,
247 3764 298 3837 ,23
320 3777 386 3842 eqa
411 3766 497 3824 llnne
520 3764 622 3824 videre
643 3779 736 3837 eeepe
758 3762 934 3837 eputamus
956 3762 1043 3831 diem,
1064 3761 1159 3840 Quen
1180 3782 1218 3826 ex
1241 3772 1271 3828 te
1285 3773 1372 3829 tenet

201 3864 320 3939 nliqnie,
342 3861 395 3935 qui
416 3869 447 3923 te
468 3860 635 3937 appellaret
654 3869 781 3937 petrem.
824 3863 856 3937 4,
881 3863 934 3922 ⁷2:
966 3861 1006 3922 Ut
1028 3877 1094 3921 enm
1113 3861 1167 3922 ille
1188 3865 1280 3939 vivus,
1314 3876 1358 3926 te·

202 3972 278 4022 ntem
301 3961 378 4020 hene
401 3975 487 4033 ᾳιιοπι
508 3960 562 4019 ebe
583 3968 615 4020 te
637 3959 792 4019 amovete
838 3955 877 4035 V,
902 3961 930 4035 l,
953 3959 1011 4020 34:
1032 3974 1101 4021 nem
1120 3962 1244 4023 meritus
1260 3963 1296 4023 de
1312 3982 1359 4025 me

203 4068 261 4136 eet,
282 4057 362 4135 qnod
381 4073 494 4131 quen,
515 4057 561 4116 1111
583 4062 617 4118 nt
639 4057 830 4116 commodem.
876 4058 906 4132 3,
928 4059 986 4117 tn:
1011 4056 1360 4133 ldnlteenquefuerint

202 4156 369 4234 commode,
399 4153 492 4232 [eine]
519 4152 706 4216 incommode
729 4161 886 4229 eeqnomet
906 4154 997 4215 terre.
1043 4151 1178 4232 Adelph.
1201 4153 1233 4235 Ι,
1260 4161 1294 4235 1,
1322 4156 1364 4224 9:

203 4257 390 4332 eegltnt-
419 4254 462 4317 Et
488 4253 543 4314 tibi
571 4253 648 4314 bene
673 4270 751 4321 eene
778 4255 833 4312 eoli
865 4252 922 4312 eibi
951 4268 1039 4340 quem
1065 4253 1302 4332 ettmnle.11,
1334 4262 1360 4336 1,

205 4355 262 4419 17;
295 4353 343 4413 Ne
371 4368 458 4413 more
482 4353 533 4427 eit,
552 4351 589 4409 ei
616 4351 775 4428 memet,
810 4353 880 4426 qnin
917 4366 1033 4424 pugnus
1064 4353 1237 4414 continno
1228 4373 1259 4415 m
1283 4358 1362 4419 mele

1085 4451 1150 4517 13*
