3125 5075
519 372 665 413 Docimus
694 372 926 413 Pauuicuuauuu.
1243 380 1304 441 357

152 554 219 635 (Sic
242 557 387 625 Handius
409 562 441 625 in
464 560 641 626 Tursellino
664 559 720 636 IV,
742 579 772 642 p.
800 562 881 637 173).
932 560 1030 642 Legg.
1059 560 1121 625 XII
1150 560 1236 626 tabb.
1266 560 1305 641 V,

149 653 188 718 fr.
213 661 247 720 3:
271 661 313 729 Ut
336 662 460 734 legassit
483 677 573 736 super
595 663 723 735 pecnnia
746 664 877 722 tutelace
899 677 969 721 suae
993 661 1055 738 rei,
1079 662 1122 722 ita
1151 664 1197 722 ius
1231 669 1306 735 esto,

153 752 208 817 ubi
230 752 312 818 falso
355 755 512 821 Funecins
535 760 710 836 praeeunte
733 755 834 822 Paulo
861 756 902 822 de
932 756 1019 822 verb.
1051 755 1155 838 signif.
1182 778 1216 820 ve
1246 773 1304 838 pro

151 852 366 928 prepositum
390 853 515 935 accipit.
561 851 640 919 Cato
662 854 699 917 R.
723 854 759 918 R.
782 872 808 919 c.
833 861 869 919 2:
891 858 993 918 videto
1015 863 1088 932 quot
1109 857 1173 918 dies
1196 872 1308 931 quaeve

151 968 245 1025 opera
267 971 322 1027 per
345 955 469 1014 imbrem
489 954 556 1012 fieri
578 955 739 1028 potuerint.
777 952 839 1018 lu:
864 971 974 1031 quaeue
989 955 1104 1030 reliqna
1119 971 1212 1030 opera
1228 961 1304 1014 sunt

151 1047 247 1111 Ennii
274 1049 497 1113 Andromacha
528 1048 742 1115 Aechmslotis
768 1048 806 1116 fr.
834 1056 868 1116 9:
897 1070 989 1129 quoae
1016 1070 1095 1113 nune
1123 1053 1242 1113 Auxilio
1263 1082 1308 1136 ‘.

150 1145 230 1207 freta
266 1148 340 1208 sim?
384 1146 490 1211 Satur.
529 1145 548 1210 l.
582 1146 646 1225 111,
679 1145 718 1212 fr.
751 1155 786 1229 7,
814 1168 843 1213 v.
876 1153 932 1212 17:
968 1151 1097 1224 Quamne
1131 1151 1306 1210 colamnam.

151 1242 280 1307 Terent.
305 1242 449 1323 Eunnv,
471 1249 505 1316 5,
528 1248 582 1309 25:
605 1249 755 1323 Numquid
777 1257 825 1310 est
851 1249 942 1309 Aliud
968 1249 1039 1308 mali
1068 1248 1201 1308 damnive
1229 1248 1308 1322 qnod

153 1361 215 1402 non
237 1344 347 1404 dixeris
370 1344 545 1434 Relicuomi

239 1443 289 1503 48.
338 1443 561 1503 coniunctiones
593 1444 737 1506 causales.
794 1442 842 1506 De
876 1440 1042 1523 particulis
1070 1444 1148 1503 enim
1176 1443 1308 1503 etnam

151 1536 226 1600 vide
249 1538 280 1600 in
303 1537 485 1602 universum
508 1539 724 1618 disputantem
740 1538 843 1604 Hand.
860 1539 902 1619 ll,
918 1559 947 1621 p.
966 1545 1027 1606 374
1042 1556 1090 1619 sq.
1127 1537 1305 1617 Utriusque

150 1640 258 1698 sutem
281 1635 456 1715 particulae
480 1653 551 1701 cum
578 1636 639 1701 hoc
662 1625 827 1702 commone
851 1657 922 1705 esse
951 1638 1050 1716 dicat,
1080 1640 1116 1700 ut
1138 1636 1307 1700 veritatem

149 1733 285 1797 alicuius
316 1734 363 1797 rei
394 1733 444 1798 vel
478 1735 653 1799 sententiae
685 1735 823 1800 veritate
853 1736 934 1802 alius
964 1736 1011 1800 rei
1044 1739 1096 1798 vel
1122 1733 1304 1814 argumenti

151 1831 365 1908 demonstret,
389 1830 566 1911 particulae
587 1836 666 1892 enim
687 1832 749 1896 vim
773 1832 931 1913 triplicem
956 1851 1026 1899 esse
1041 1832 1152 1911 docet,
1179 1828 1307 1910 exposi-

151 1928 265 2005 tionis,
290 1928 573 2008 comprobationis,
595 1929 852 1996 asseverationis.

238 2044 265 2088 a.
311 2024 451 2089 Primum
482 2026 580 2107 igitur
606 2031 683 2088 crum
710 2034 887 2107 usurpatur
921 2029 952 2092 in
987 2027 1198 2108 expositione,
1235 2043 1308 2105 qua,

151 2122 237 2203 quod
265 2124 483 2188 antecedentis
512 2125 701 2203 sententiae.
717 2125 886 2190 vamtatem
913 2127 1056 2190 illustret
1083 2130 1140 2189 aut
1166 2123 1310 2189 stabiliat

152 2226 186 2287 et
208 2221 397 2298 constituat,
416 2223 595 2303 apponitur,
611 2222 665 2287 ubi
680 2222 831 2287 Germani
846 2222 957 2287 dicunt
972 2220 1140 2301 admlid).
1186 2220 1312 2303 (Hand

151 2337 182 2399 p.
208 2321 293 2394 376.)
333 2317 454 2384 Comici
470 2321 618 2385 dixerunt
637 2325 672 2381 at
687 2323 780 2399 caim,
797 2322 927 2381 acesim
942 2326 976 2385 et
990 2324 1063 2396 qaia
1077 2323 1163 2383 enim.
1200 2318 1306 2383 Plaut.

153 2417 224 2482 Cae.
250 2417 297 2493 ΙΙ,
322 2422 358 2492 3,
382 2422 439 2482 5οτ
472 2422 513 2482 Ui
539 2422 617 2480 caim
643 2419 721 2496 frugi
748 2438 836 2481 serva
862 2422 949 2482 detur
978 2422 1078 2496 potios
1105 2436 1191 2495 quam
1222 2435 1308 2480 servo

152 2518 287 2593 inprobo.
339 2515 431 2597 Epid.
455 2515 505 2597 11,
528 2520 562 2597 2,
587 2518 640 2582 94:
665 2519 707 2580 Ut
735 2518 813 2578 esaim
841 2521 1009 2595 praestines
1032 2524 1163 2593 argento.
1211 2513 1306 2578 Most.

151 2613 191 2691 v,
216 2619 249 2692 1,
272 2619 326 2678 46:
352 2618 428 2690 Quid
450 2618 515 2677 icas
559 2614 971 2694 TR.Nu11amremsapis:
1003 2619 1049 2677 ue
1072 2617 1150 2677 earm
1176 2617 1222 2675 uu
1249 2615 1306 2675 uuo
1410 2594 1417 2613 “

152 2711 313 2786 coningere
338 2718 453 2789 possint
476 2717 550 2779 cett.
595 2714 709 2795 Amph.
731 2713 780 2794 ΙΙ,
805 2719 841 2796 2,
866 2721 921 2782 34:
947 2717 1028 2793 Quia
1056 2717 1134 2776 enim
1157 2732 1225 2775 sero
1255 2713 1307 2772 ad·

153 2810 295 2870 venimus.
341 2808 430 2889 Capt.
454 2810 508 2888 IV,
533 2816 568 2887 2,
595 2817 671 2876 104:
693 2816 774 2892 Quia
796 2817 874 2874 caim
894 2817 967 2876 item
991 2831 1117 2889 asperae
1140 2813 1216 2874 Sunt
1230 2813 1304 2874 cett.

152 2903 309 2967 Lindem:
333 2905 475 2983 „scilieet
497 2908 585 2985 quia,
609 2909 758 2973 nimirum
781 2910 897 2989 quod.“
921 2910 1013 2977 Cure.
1037 2910 1104 2990 III,
1130 2915 1163 2987 1,
1187 2912 1236 2973 72.
1254 2910 1305 2971 79.

153 3001 226 3066 Cas.
251 3001 300 3081 Π,
324 3007 357 3081 3,
380 3009 422 3065 44
444 3018 506 3067 non
529 3008 601 3079 paria
624 3009 701 3082 enim
722 3005 893 3087 legendum
917 3015 981 3086 est,
1005 3007 1089 3089 qnod
1112 3011 1184 3083 poia
1199 3023 1308 3083 mono·

156 3098 313 3182 syllohom
343 3118 413 3164 esse
442 3119 505 3164 non
531 3106 652 3182 potest,
691 3109 888 3183 quapropter
921 3105 1122 3171 Hermannus
1156 3105 1189 3167 in
1223 3121 1307 3167 cens.

153 3198 367 3278 Kampmanni
390 3198 429 3262 de
452 3200 514 3260 AB
538 3206 620 3278 part.
642 3205 820 3280 praeeunte
842 3200 952 3265 Roizio
974 3207 1061 3268 recte
1084 3205 1163 3263 euim
1179 3199 1306 3265 delevit.

152 3293 223 3360 Cas.
260 3294 307 3374 II,
331 3301 368 3375 6,
394 3302 450 3360 33:
483 3299 563 3375 Quia
596 3300 673 3359 enim
700 3308 814 3374 metuo,
846 3318 883 3360 ne
914 3303 944 3361 in
973 3318 1049 3377 aqna
1079 3318 1193 3361 summa
1214 3306 1307 3361 natet.

152 3394 246 3474 Epid.
271 3393 317 3472 ΙΙ,
343 3400 378 3463 2,
404 3398 478 3459 116;
504 3394 651 3470 Quidum?
686 3396 747 3460 ΕΡ.
765 3400 845 3476 Quia
867 3400 945 3458 enim
960 3400 1115 3459 mulierem
1132 3401 1208 3459 alins
1224 3399 1307 3457 iliam

152 3495 330 3556 adulescens
364 3493 488 3568 deperit.
544 3492 658 3558 Bacch.
693 3493 726 3572 Ι,
762 3500 798 3574 l,
836 3498 893 3559 16:
932 3498 1011 3574 Quia
1044 3497 1121 3555 enim
1152 3498 1307 3571 intellego.

150 3591 247 3655 Most.
270 3589 309 3669 V,
336 3595 366 3667 1,
389 3594 445 3653 49:
467 3593 547 3669 Quia
569 3595 647 3656 enim
668 3594 698 3653 id
721 3611 856 3656 maxume
879 3597 961 3670 volo,
991 3602 1023 3655 ot
1046 3596 1120 3657 cett.
1156 3590 1221 3655 Mil.
1246 3589 1306 3670 ΙΙΙ,

152 3694 189 3767 2,
212 3694 270 3751 21;
295 3691 373 3767 Quia
395 3691 473 3748 caim
496 3693 646 3765 opsorbni.
692 3690 851 3755 hisdem:
875 3691 1043 3770 „nimirum
1065 3690 1125 3754 hac
1147 3689 1187 3753 de
1210 3706 1307 3752 causa

154 3804 217 3850 non
240 3786 322 3856 bibi,
346 3787 420 3865 quia
443 3787 584 3851 sorbui.“
606 3787 661 3868 IV,
685 3794 718 3867 2,
752 3794 801 3853 11.
824 3795 860 3867 4,
889 3797 924 3853 4;
953 3792 1033 3868 Quia
1062 3791 1140 3850 caim
1163 3807 1219 3848 non
1243 3804 1307 3848 sum

153 3887 259 3961 diguus
282 3905 354 3960 prae
379 3895 425 3963 te,
450 3894 482 3946 ut
504 3887 590 3962 ligem
613 3891 714 3963 palum
738 3889 766 3948 in
790 3891 945 3963 parietem.
990 3887 1086 3951 Mero.
1103 3884 1166 3964 ΙΙΙ,
1189 3891 1224 3964 4,
1249 3888 1306 3949 63:

152 3986 231 4062 Quia
253 3985 330 4043 enim
352 4001 398 4044 ms
421 3984 556 4044 adflictat
577 4003 669 4046 amor.
716 3984 830 4049 Pseud.
855 3983 887 4062 Ι,
912 3988 947 4062 3,
970 3989 1031 4050 91:
1052 3987 1130 4063 Quia
1152 3986 1230 4045 enim
1245 3999 1306 4044 noo

152 4084 288 4143 venalem
312 4085 368 4141 iam
389 4084 485 4144 habeo
509 4084 709 4174 Phoenicium.
754 4081 820 4160 III,
844 4087 881 4161 2,
908 4087 956 4146 15.
1000 4082 1089 4146 Pers.
1112 4081 1168 4160 IV,
1190 4088 1220 4157 4,
1243 4085 1303 4145 43;

154 4181 230 4254 Quid
254 4179 317 4242 ita?
362 4176 427 4242 ΤΟ.
452 4178 535 4259 Quia
556 4182 634 4240 enim
663 4189 693 4241 te
716 4201 753 4242 ex
785 4184 888 4258 puella
916 4184 1001 4257 prius
1030 4183 1202 4256 percontari
1229 4183 1306 4243 volo.

152 4276 234 4341 Rud.
259 4276 312 4355 IV,
336 4284 372 4351 4,
398 4281 452 4339 72:
474 4281 553 4355 Quia
575 4281 652 4339 enim
675 4298 770 4356 neque
795 4283 918 4355 loquens
942 4297 974 4340 es
998 4297 1093 4355 neque
1118 4288 1221 4340 tacens
1244 4295 1308 4338 um·

152 4395 239 4453 qnam
263 4379 365 4438 bonus.
411 4374 503 4440 Trnc.
526 4374 573 4454 11,
599 4381 631 4455 2,
656 4382 708 4442 ll:
732 4379 803 4452 quia
825 4379 904 4438 enim
947 4395 993 4438 me
1017 4379 1230 4439 Truculeutum
1253 4394 1308 4437 no·
