3125 5075
549 364 587 402 DE
602 363 796 403 TEMPORIBUS.
811 385 834 391 -
863 363 899 401 PE
905 362 1048 401 RFECTUM.
1312 369 1352 431 79

193 556 276 616 sau
298 557 357 614 viri
385 556 480 616 nostri
507 555 593 615 domo
619 558 654 613 ua
675 554 822 631 abderrmt,
852 556 909 615 Hic
933 555 1054 638 tertiust
1072 571 1180 646 aanps.
1225 552 1354 618 Terent.

189 648 298 726 luidr-
319 649 381 730 ΙΙΙ,
401 655 433 726 4,
457 655 511 716 ll:
533 658 568 710 at
585 653 655 713 hine
679 660 708 711 te
731 653 811 712 iutro
833 653 876 711 ire
899 652 983 726 iussi,
1007 658 1174 726 opportune
1188 652 1244 712 bia
1259 653 1294 713 fit
1312 654 1352 713 mi

194 751 324 812 obviam.
369 746 474 812 Plaut.
499 739 651 827 Asinii,
677 753 704 826 1,
729 752 762 812 3:
785 751 847 814 Iam
870 750 950 809 diust
972 748 1096 832 factam,
1126 768 1215 826 quma
1235 752 1354 812 careri

191 850 234 912 ab
269 866 322 909 ero
351 856 440 923 atque
469 850 569 908 abiisti
599 848 636 908 ad
664 847 768 908 iorum.
814 844 882 909 Lis.
915 845 1054 909 Andron.
1078 844 1190 927 Odyss.
1219 846 1274 911 lat.
1302 864 1353 927 ap.

195 944 318 1026 Egger.
341 962 372 1024 p.
399 949 472 1008 119:
504 945 636 1005 Saralos
654 947 803 1020 lacrymas
827 947 863 1005 de
886 963 938 1005 ore
961 962 1074 1022 noegeo
1098 944 1130 1022 (Ι
1154 962 1181 1008 e.
1204 943 1352 1020 candido)

196 1046 327 1105 detersit.
372 1041 500 1108 Terent.
527 1041 654 1106 Phorm.
679 1041 716 1120 V,
743 1049 772 1117 4,
796 1043 831 1105 4:
865 1046 922 1104 Hic
949 1044 1040 1103 mma!
1068 1048 1120 1112 (ε
1147 1041 1354 1122 simulatque)

199 1150 360 1224 argentum
382 1142 520 1219 repperit,
544 1160 617 1203 cura
638 1159 702 1201 sese
727 1141 884 1216 expedivit.

285 1242 316 1302 8.
363 1240 571 1301 Omiuacttoas
614 1235 747 1317 perfecti
789 1236 926 1318 primum
971 1237 1081 1303 eadem
1124 1236 1355 1319 significatione

197 1340 376 1415 usurpatur
412 1353 476 1415 qua
511 1334 711 1399 indicativus.
762 1333 815 1414 Sic
852 1334 956 1399 Plaut.
994 1335 1109 1401 Bacch.
1144 1335 1200 1416 IV,
1233 1344 1263 1416 4,
1299 1340 1354 1401 5οε

198 1437 364 1511 Emungam
376 1461 439 1496 κ-
473 1454 509 1495 ne
544 1437 574 1496 id
608 1438 786 1511 nequiquam
813 1436 931 1495 diseat.
976 1433 1062 1499 Tria.
1085 1425 1136 1514 ΙΙ,ΙΙ
1152 1436 1188 1511 4,·
1207 1437 1247 1498 67
1271 1450 1355 1513 sqq:

204 1534 301 1608 auio?
323 1552 401 1593 nuuc
425 1535 451 1594 si
474 1535 577 1594 aedem
601 1535 639 1594 ad
662 1552 766 1594 cenam
789 1535 903 1594 ceneris
926 1536 1002 1597 cett.
1045 1531 1164 1597 Forma
1178 1531 1290 1596 eadem
1306 1536 1357 1596 est

200 1630 420 1697 coniunctivae
453 1628 553 1693 futuri
588 1630 699 1709 esaon,
735 1629 820 1709 quod
853 1627 916 1693 erit
950 1630 1154 1695 statuendum
1187 1630 1234 1694 his
1256 1629 1356 1700 locis:

198 1728 329 1794 Terent.
346 1729 444 1813 Andr.
461 1726 486 1805 l,
503 1732 532 1806 2,
550 1733 605 1800 29:
628 1731 810 1790 Verberibus
834 1746 951 1788 caesum
974 1737 1004 1789 te
1027 1732 1057 1790 in
1080 1731 1249 1806 pistrinum,
1262 1732 1356 1803 Dave,

198 1829 319 1913 dedam,
342 1845 434 1903 usque
469 1828 506 1887 ad
535 1835 655 1899 necem,
690 1830 735 1887 Ea
765 1830 830 1901 lege
855 1835 943 1901 atque
967 1829 1074 1901 omine,
1109 1835 1152 1902 ut,
1186 1828 1212 1887 si
1234 1836 1265 1889 te
1287 1828 1356 1888 inde

198 1926 366 1999 exemerim,
390 1942 444 1999 ego
468 1943 523 1999 pro
546 1932 576 1982 te
599 1927 723 1999 molam;
762 1923 805 1987 ib.
829 1923 871 2001 H,
894 1928 925 2002 2,
947 1932 967 1987 4
990 1941 1049 2002 sq:
1084 1929 1176 2000 Quem
1202 1944 1257 2003 ego
1279 1942 1357 1990 nunc

198 2024 303 2096 credo,
335 2025 360 2083 si
389 2025 448 2084 iam
477 2023 608 2081 audierit
635 2022 690 2082 sibi
721 2030 842 2097 paratas
870 2025 989 2098 nunties
1012 2057 1052 2066 —
1081 2033 1145 2084 toto
1173 2041 1218 2083 me
1247 2021 1357 2099 oppido'

200 2123 403 2181 exanimatum
427 2138 587 2195 quaerere3
626 2117 666 2181 ib.
691 2117 750 2198 111,
774 2124 803 2193 2,
829 2124 882 2183 14:
911 2129 943 2179 ut
970 2123 1062 2181 metui
1083 2124 1185 2182 videar
1208 2130 1305 2192 certe,
1333 2122 1358 2183 si

200 2220 386 2288 resciveram·
424 2214 560 2295 Adelph.
582 2215 625 2293 ΙΙ,
651 2220 678 2296 l,
705 2221 758 2280 17:
795 2220 840 2278 Ne
864 2236 949 2278 mora
971 2220 1018 2291 sit,
1043 2221 1068 2278 si
1089 2220 1255 2286 innuerim,
1273 2221 1356 2293 quin

199 2335 319 2394 pugnus
343 2318 483 2377 continuo
506 2319 535 2374 in
559 2319 638 2377 mala
659 2317 792 2376 haereat.
839 2313 1029 2392 Saepissime
1056 2318 1162 2379 tamen
1185 2313 1359 2380 coniuncti·

201 2430 265 2477 vus
293 2410 427 2493 perfecti
455 2411 661 2491 potentialem
688 2412 785 2478 habet
812 2409 1091 2493 significationem,
1122 2418 1158 2477 ut
1179 2430 1243 2493 pro
1266 2428 1357 2492 prae·

201 2510 290 2579 senti
313 2511 460 2575 videatur
490 2510 578 2591 peni,
611 2508 697 2590 quod
726 2511 752 2575 si
779 2507 832 2590 fit,
865 2511 949 2574 actio
972 2528 1030 2590 per
1052 2510 1243 2577 antecedens
1266 2508 1360 2591 quasi

202 2611 268 2676 iam
306 2610 482 2689 praeterita
517 2606 650 2689 fingitur
687 2614 721 2673 et
756 2609 861 2674 animo
897 2586 1168 2688 repraesentabis.
1222 2607 1359 2673 Carmen

203 2708 322 2774 saliare
350 2724 398 2787 ap.
423 2707 537 2770 Marini
567 2704 610 2786 gli
639 2707 698 2770 atti
659 2706 790 2771 t.tab
814 2706 902 2771 XLI:
939 2728 1011 2770 neve
1040 2712 1206 2770 luerve-
1227 2726 1291 2769 sers
1312 2711 1358 2768 in·

203 2826 339 2880 currere,
367 2805 396 2868 h.
427 2824 453 2868 e.
477 2804 561 2882 siris,
591 2804 703 2868 siveris
731 2823 793 2869 sec.
839 2805 920 2869 Grot
921 2804 1025 2869 ciendi
1053 2806 1357 2886 interpretationem.

203 2904 286 2970 Cato
310 2904 347 2967 R.
371 2904 408 2967 R.
439 2922 464 2967 c.
495 2908 531 2966 4:
568 2906 723 2963 Familiam
756 2922 793 2963 ae
825 2907 930 2965 siveris
963 2924 1099 2981 peccare.
1143 2902 1177 2968 C.
1206 2911 1239 2970 5:
1275 2906 1359 2966 Salui

204 3022 318 3078 semen,
342 3005 464 3075 cibaria,
488 3002 543 3075 iar,
568 3003 675 3074 vinum,
700 3003 798 3060 oleum
821 3016 951 3064 mutuum
974 3005 1088 3064 decem
1109 3006 1230 3064 nemini.-
1253 3001 1286 3065 C.
1302 3006 1358 3066 43:

204 3106 279 3164 Palo
307 3103 390 3177 prius
421 3105 516 3160 locum
542 3117 578 3158 ne
600 3099 717 3175 seceris,
746 3118 803 3173 quo
833 3104 942 3161 taleam
965 3103 1114 3162 demittas.
1158 3098 1262 3164 Plaut
1286 3100 1358 3164 Aul.

203 3198 232 3278 Ι,
260 3203 287 3274 1,
314 3204 368 3262 ΙΙΙ
403 3201 522 3260 Utinam
551 3217 597 3257 me
627 3199 687 3258 divi
714 3198 841 3256 adaxint
866 3201 902 3257 ad
930 3201 1131 3291 suspendium·
1155 3202 1195 3274 (v.
1226 3197 1307 3260 Non.
1329 3215 1359 3276 p.

207 3302 281 3375 525,
311 3301 367 3360 50:
385 3295 481 3359 Turn.
509 3295 529 3358 l.
556 3299 606 3372 23,
633 3297 670 3357 18
691 3310 750 3372 pro
779 3297 954 3371 adegerint).
998 3295 1053 3371 IV,
1077 3300 1106 3368 2,
1134 3300 1164 3359 l:
1201 3299 1246 3356 Tu
1273 3298 1359 3356 medo

207 3415 280 3459 eave
311 3389 446 3472 cuiqnam
476 3395 641 3455 indicassis.
685 3410 712 3453 v.
735 3397 772 3454 4:
806 3412 907 3454 verum
929 3395 959 3453 id
981 3413 1092 3470 quaeso
1115 3405 1148 3454 ut
1165 3395 1359 3469 probibesss's.

206 3513 234 3558 v.
267 3497 321 3557 ll:
359 3495 437 3554 Cave
466 3499 498 3552 tu
525 3494 569 3553 illi
596 3492 693 3553 fidelis
721 3522 764 3532 -
795 3495 895 3566 potius
925 3493 1028 3564 fueris.
1085 3489 1176 3571 Capt.
1199 3490 1226 3571 Ι,
1249 3496 1278 3570 2,
1294 3494 1359 3553 .46;

206 3596 373 3668 Numquam
403 3594 480 3651 istnc
507 3590 586 3651 dieis
608 3586 664 3669 (=
687 3586 818 3664 dixeris)
849 3609 943 3668 neque
975 3595 1102 3652 animum
1124 3591 1245 3652 iudaeis
1267 3598 1358 3651 taum.

207 3689 301 3771 Epio.
325 3687 368 3767 II,
392 3693 420 3767 2,
447 3693 500 3753 73;
524 3692 549 3749 si
573 3706 695 3764 aequom
719 3691 786 3761 siet,
810 3691 859 3748 Me
882 3693 949 3765 plus
972 3708 1094 3766 sapere,
1118 3710 1205 3766 quam
1227 3708 1289 3762 vos,
1312 3689 1361 3747 de-

207 3778 302 3850 dorim
332 3789 414 3849 vobis
444 3789 598 3848 consilium
626 3794 733 3846 catum.
789 3784 903 3850 Bacch.
927 3787 952 3862 Ι,
978 3791 1004 3865 1,
1029 3793 1063 3853 3:
1097 3791 1199 3850 Metuo
1229 3789 1299 3849 mihi
1330 3790 1359 3846 in

208 3888 356 3948 monendo
380 3904 415 3945 ne
436 3885 569 3957 desuerit
594 3887 690 3959 optio,
721 3881 750 3945 h
775 3900 801 3947 e.
827 3900 865 3947 ne
888 3885 979 3948 desit.
1016 3883 1042 3963 Ι,
1070 3891 1096 3964 l,
1119 3891 1173 3951 57:
1207 3889 1305 3947 nulius
1328 3894 1359 3944 tu

209 3985 354 4058 adsueras,
377 3987 402 4045 si
424 3984 597 4063 noq,lubet.
641 3980 697 4058 IV,
722 3984 750 4057 2,
775 3984 829 4044 16:
859 3986 930 4044 mihi
953 3987 1090 4046 caviliost
1111 3988 1156 4046 Ne
1179 3983 1359 4058 nucifrangi-

208 4086 281 4145 bula
303 4084 444 4142 excussit
450 4070 486 4143 ei
508 4076 594 4142 m'alis
617 4083 755 4141 meis:
777 4081 962 4145 excusserit
940 4080 1062 4160 t‚lV
1085 4091 1116 4163 4,
1138 4084 1193 4145 46;
1218 4083 1311 4155 Quem
1335 4082 1361 4142 si

211 4179 292 4258 [ego]
318 4199 400 4242 orem
423 4148 524 4245 udan
543 4170 748 4252 mibiicredat,
772 4179 802 4238 id
826 4199 883 4239 non
907 4182 1002 4241 cussit
1023 4183 1157 4242 credere.
1201 4177 1240 4256 V,
1303 4182 1358 4243 70.

210 4297 366 4341 cave—
404 4279 604 4351 amiqsta=
641 4274 795 4339 amiseris
854 4275 950 4342 Most.
987 4275 1030 4357 Π,
1068 4282 1097 4357 2,
1135 4281 1190 4342 93;

210 4378 344 4439 arroasia
376 4400 435 4430 z·
454 4373 625 4463 ornaveris
670 4372 753 4438 Men.
790 4372 834 4454 ΙΙ,
870 4380 899 4455 2,
933 4380 991 4440 21:
1028 4378 1088 4438 Seu
1126 4385 1158 4437 tu
1191 4358 1360 4444 Ouunlru’s

601 4562 745 4769 Vs

1172 4698 1198 4741 ὁ
