3125 5075
286 541 347 603 356
573 533 637 574 ΟΔΡ.
651 534 697 574 XV.
730 532 878 574 noenum
905 529 1157 573 anduennium.

286 725 339 784 Vel
361 732 394 783 tn
416 725 545 784 dictator
566 724 613 784 oet
635 741 776 799 equorum
800 726 969 801 equitumve
991 724 1134 799 magister
1155 724 1233 784 Esto
1255 720 1302 780 vel
1324 719 1433 779 eonanl.

283 818 413 897 (Paulus
425 818 515 883 Festi
526 837 558 901 p.
570 823 632 886 369
644 819 705 885 Μ.;
721 821 797 899 „Vct
807 817 967 898 colligatio
980 818 1108 899 quidem
1119 824 1170 884 est
1180 815 1375 883 disiunctivo
1387 864 1394 878 .
1406 862 1434 878 ..

285 935 395 982 earum
418 918 554 994 (rerum)
578 936 670 981 ...e
692 917 809 997 quibus
831 933 913 997 quae
936 916 1076 999 eligatur
1098 915 1178 982 nihil
1198 916 1285 981 inter
1306 917 1372 988 est,
1403 916 1437 976 nt

283 1014 420 1079 Ennius:
445 1013 517 1078 vel“
540 1032 569 1079 e.
597 1032 627 1095 q.
650 1022 699 1094 sl,
743 1014 848 1080 Plaut.
872 1012 937 1078 llil
960 1013 1016 1085 IV,
1045 1018 1082 1093 2,
1112 1019 1171 1079 2⁹:
1198 1016 1252 1078 Set
1278 1014 1330 1073 lric
1357 1029 1436 1073 uum·

283 1118 348 1191 quis
373 1113 478 1176 adest?
514 1113 577 1177 ΡΛ.
605 1116 657 1175 Vel
678 1116 765 1176 adast
785 1115 832 1175 ocl
853 1132 926 1193 non,
947 1112 989 1177 ad
1011 1130 1040 1193 q.
1062 1109 1084 1175 l.
1107 1111 1265 1176 Lindem:
1287 1108 1357 1189 „Ut
1377 1107 1437 1187 vis;

284 1209 372 1291 optio
393 1209 453 1275 tibi
476 1209 586 1289 dotur3
609 1216 643 1275 et
664 1210 778 1276 adesse
798 1214 908 1292 potest
929 1214 962 1275 et
983 1210 1105 1276 obesse.
1146 1210 1200 1273 Vol
1214 1208 1300 1273 enim
1315 1204 1437 1288 origine

285 1326 344 1375 sua
365 1313 399 1372 et
421 1307 522 1388 prima
544 1307 674 1373 notione
697 1307 901 1373 coniunctum
924 1313 974 1373 est
997 1325 1070 1372 cum
1091 1305 1191 1372 verbo
1211 1307 1302 1385 vele,
1336 1321 1356 1368 e
1377 1319 1438 1384 quo

284 1405 383 1472 veluti
410 1404 497 1469 fonte
520 1423 629 1470 omnes
660 1406 729 1470 eius
758 1406 904 1471 notiones
933 1405 1096 1470 commode
1122 1402 1262 1469 derivari
1293 1406 1436 1483 possunt

190 1551 192 1560 ·
285 1503 330 1570 cf.
358 1501 733 1583 Baumgarten·Crusins
760 1502 793 1567 in
819 1503 922 1568 indice
951 1502 992 1567 ad
1022 1502 1151 1569 Sueten.
1180 1501 1239 1567 sub
1267 1500 1300 1564 h.
1331 1499 1438 1564 voce.“

283 1603 411 1668 Terent.
435 1600 516 1665 nun.
539 1599 585 1680 11,
608 1606 643 1681 3,
667 1602 841 1664 28:1ance
864 1612 896 1664 tu
919 1604 991 1664 mihi
1012 1604 1109 1670 calvi
1130 1601 1176 1661 oct
1197 1603 1275 1661 clam
1299 1600 1348 1660 vel
1369 1616 1438 1676 pre·

285 1703 367 1764 cario
391 1703 451 1761 Fac
474 1700 592 1761 tradas:
617 1717 683 1760 mea
705 1703 747 1761 nil
770 1718 804 1762 ra
828 1698 904 1775 lert,
929 1701 996 1761 dum
1018 1702 1118 1777 potiar
1140 1698 1236 1759 modo.

369 1798 398 1862 b.
444 1793 585 1874 Simplex
605 1798 652 1857 ccl
674 1794 753 1861 ecto
775 1797 814 1862 R.
837 1796 874 1861 R
898 1815 923 1863 e.
948 1802 981 1861 7:
1009 1800 1056 1859 oet
1078 1799 1116 1858 ad
1138 1797 1255 1858 fabrum
1280 1793 1439 1857 ferrarium

284 1918 339 1976 pro
361 1897 458 1972 passis
481 1913 535 1957 eae
558 1905 641 1955 recte
666 1904 831 1957 servantur.
876 1894 938 1961 Ih.:
961 1889 1069 1972 postea
1090 1926 1133 1939 -
1159 1896 1310 1955 insulem
1337 1896 1440 1970 ponito

284 2030 328 2039 -
348 1995 395 2055 uel
417 1996 481 2054 sino
511 1994 573 2053 sale
601 1996 631 2054 in
660 1992 810 2056 defrutum
838 1995 966 2056 condito.
1018 1996 1113 2057 Sorba
1125 1996 1170 2053 dn
1200 2009 1275 2069 sapa
1303 2010 1373 2053 cum
1391 1993 1441 2053 ,ris

286 2094 414 2155 condere
441 2091 639 2162 adsiccato,
663 2091 746 2153 aride
768 2092 864 2154 facias
891 2095 967 2156 cett.
1012 2090 1062 2155 Ad
1085 2087 1236 2156 Plautum
1267 2092 1303 2152 et
1324 2086 1442 2152 Teren·

285 2190 366 2255 dum
389 2186 473 2266 quod
496 2186 622 2258 attinet
644 2193 798 2253 accurata
821 2193 854 2252 et
876 2186 1003 2253 subtilis
1027 2192 1116 2253 extat
1139 2185 1324 2268 disquisitio
1341 2184 1441 2249 Muel-

285 2286 345 2351 leri
367 2284 400 2348 in
421 2282 523 2347 Iahnii
545 2284 648 2349 annal.
675 2289 773 2364 1861,
797 2290 873 2352 sect
895 2293 932 2366 4,
953 2303 985 2366 p.
1010 2290 1195 2361 nen—271,
1221 2284 1276 2363 qui
1296 2282 1440 2348 omnibus

265 2382 394 2449 ·Plauti
418 2388 451 2446 et
473 2381 615 2447 Terentii
637 2382 728 2462 locis,
744 2383 799 2463 qui
814 2381 878 2449 huc
890 2385 1068 2463 pertinent,
1086 2383 1228 2451 excussis
1242 2381 1441 2445 demonstrat

287 2480 421 2563 simplex
442 2482 488 2542 oct
508 2479 593 2560 apud
615 2479 751 2547 comicos
767 2498 895 2562 semper
911 2499 1006 2545 unam
1021 2482 1217 2562 eandemque
1235 2476 1439 2561 significatio

286 2599 359 2646 nem
382 2578 514 2653 habere,
538 2594 619 2658 quae
642 2578 721 2644 hoec
743 2585 807 2643 est:
825 2599 882 2655 per
904 2599 949 2641 mc
971 2583 1087 2655 quidem
1110 2582 1176 2641 licet
1197 2583 1254 2641 tac
1279 2582 1312 2653 rja
1335 2597 1369 2638 rc
1383 2583 1439 2639 sta

286 2682 339 2742 tim
371 2681 424 2739 hoc
456 2679 596 2738 vocabolo
625 2679 738 2745 tatoris,
766 2678 820 2738 too
852 2678 968 2750 factam
997 2680 1135 2753 coaptas.
1186 2674 1345 2757 Exempla
1373 2677 1439 2738 sunt

287 2775 391 2840 Plaut.
420 2771 532 2853 Amph.
561 2773 590 2852 1,
626 2780 657 2852 l,
692 2777 768 2837 288:
807 2777 899 2850 Sura,
934 2794 1003 2852 pes,
1034 2786 1166 2853 statura,
1201 2786 1323 2844 tonsus,
1357 2774 1436 2847 oenl‘a

287 2893 406 2952 nasum,
428 2874 474 2934 ccl
497 2875 590 2934 labra
636 2870 752 2935 Pseud.
776 2870 809 2949 I,
834 2876 868 2949 3,
895 2876 955 2936 110
977 2889 1039 2951 sq.:

330 2974 429 3032 Meam
451 2977 484 3029 tu
506 2972 629 3031 amicam
652 2970 832 3031 vendidisti?
854 2969 922 3032 BA.
948 2973 1066 3032 Valida:
1090 2973 1193 3048 viginti
1216 2973 1315 3031 minis.

332 3070 391 3130 ΟΔ.
415 3069 529 3141 Viginti
551 3067 663 3128 minis?
685 3066 750 3130 ΒΛ·
775 3070 880 3129 Utrum
905 3071 962 3142 vis,
986 3071 1032 3129 vel
1054 3081 1159 3145 quater
1181 3071 1280 3145 quinis
1305 3071 1401 3128 minis.

286 3164 372 3230 Trin.
395 3162 459 3233 111,
483 3167 518 3241 3,
544 3168 596 3227 18:
620 3169 703 3241 atqui
725 3184 762 3226 ea
785 3168 917 3227 conditio
940 3168 1008 3227 hnic
1030 3168 1076 3226 vel
1091 3168 1273 3242 primariost.
1313 3164 1435 3229 Terent

285 3263 366 3329 Eun.
391 3260 456 3341 1113,
482 3265 517 3332 1,
542 3267 575 3325 7:
604 3264 656 3325 Vel
678 3283 731 3324 rex
754 3282 873 3339 semper
896 3283 1046 3325 maxumas
1069 3266 1144 3324 Mihi
1167 3267 1275 3339 agebat
1298 3261 1437 3340 quidquid

285 3363 431 3437 lacerem,
465 3358 506 3424 ad
539 3376 568 3438 q.
591 3358 611 3422 l.
646 3359 791 3424 Ruhnk.:
829 3360 1012 3439 „Particula
1045 3363 1090 3422 oet
1118 3360 1201 3425 idem
1231 3358 1322 3424 ualet
1351 3376 1388 3424 ae
1415 3356 1439 3421 si

287 3460 432 3525 dixisset:
466 3474 505 3520 ex
538 3455 598 3522 hoc
632 3475 694 3522 uno
721 3458 800 3522 satis
827 3464 975 3538 apparet,
1007 3463 1043 3523 ut
1068 3458 1173 3524 dicere
1201 3458 1241 3523 de
1275 3456 1349 3521 allis
1382 3472 1440 3521 non

286 3576 368 3637 opus
391 3553 462 3621 sit-‘¹
512 3553 627 3619 Heauc
655 3553 712 3630 IV,
740 3559 773 3630 6,
798 3558 830 3618 2:
857 3559 903 3618 uel
930 3575 976 3618 me
1003 3560 1078 3619 haee
1106 3559 1321 3636 deambulatio,
1351 3558 1440 3632 Quam

288 3677 346 3717 nou
380 3656 547 3730 laboriosa,
584 3654 621 3714 ad
660 3657 832 3730 languorem
870 3654 966 3733 dedit,
995 3653 1047 3720 ubi
1083 3654 1223 3718 Ruhnk:
1258 3650 1441 3730 „Particula

284 3756 332 3816 uel
359 3751 524 3832 eleganter
556 3748 714 3831 signifieat
746 3761 778 3811 ut
812 3755 871 3813 alio
906 3755 1054 3827 omittam,
1085 3762 1117 3814 ut
1140 3755 1176 3815 de
1204 3756 1272 3816 aliis
1295 3746 1440 3814 taceam.“

285 3849 363 3915 Hee.
397 3848 423 3929 l,
457 3851 491 3925 l,
526 3850 562 3910 3:
600 3851 651 3911 Vel
684 3851 732 3910 hio
764 3851 935 3925 Pamphilus
969 3853 1087 3913 iurabat
1120 3855 1257 3928 quotiens
1287 3849 1440 3921 Bacchidi,

288 3953 381 4023 Quam
405 3954 517 4018 sancte,
541 3952 574 4006 ut
595 3949 690 4023 quivis
713 3946 802 4010 facile
825 3956 928 4023 posset
950 3951 1089 4024 credere,
1113 3952 1277 4025 Numquam
1300 3951 1358 4012 illa
1378 3951 1441 4012 vira

288 4048 453 4108 ducturum.

374 4149 424 4207 47.
472 4147 527 4214 Vc,
549 4142 633 4223 quod
657 4159 715 4222 pro
738 4147 784 4204 oet
807 4143 924 4208 dicitur
946 4142 1060 4206 minori
1090 4160 1161 4206 cum
1189 4143 1233 4222 vi,
1265 4162 1330 4208 nou
1358 4143 1441 4224 ipsas

287 4259 340 4306 res
363 4240 504 4305 diversas
532 4239 665 4322 opponit
692 4245 748 4303 aut
776 4239 912 4306 alterurn
939 4239 1042 4305 altero
1069 4239 1172 4320 posito
1201 4241 1357 4320 excludit,
1386 4238 1439 4304 sed

288 4339 330 4404 ad
352 4339 579 4418 cogitationem
601 4346 754 4417 provocat
777 4343 811 4401 et
833 4337 968 4412 iudicio,
992 4338 1076 4417 quod
1098 4336 1366 4419 problematicum
1388 4355 1440 4400 ro

288 4453 411 4512 camus,
435 4436 595 4516 optionem
618 4432 709 4510 lacit,
733 4441 842 4499 utrum
866 4434 925 4500 hoc
940 4452 981 4498 an
1003 4435 1081 4500 illud
1104 4435 1308 4515 accipiamus.
1353 4432 1440 4499 llaec

288 4531 462 4599 uoluntatis
485 4533 571 4597 notio
594 4532 657 4597 iam
679 4530 712 4595 in
729 4531 922 4615 etymologia
936 4532 1108 4598 verborum
1126 4535 1198 4612 oct,
1209 4536 1284 4605 velle
1299 4537 1440 4615 apparet
