3125 5075
496 384 584 423 cesus
599 383 868 423 SUBSTANTIVORUU.
891 402 915 410 —
931 382 1096 422 Gulielmium.
1309 391 1372 448 329

242 558 279 618 tiu
296 554 396 620 Phoe
419 554 537 623 Bacch.
559 577 588 622 v.
607 563 704 623 1200:
727 562 791 622 Tua
814 579 878 621 sum
900 574 994 632 opera
1016 564 1048 618 et
1068 562 1195 632 propter
1217 564 1247 615 te
1270 557 1372 630 inpro-

239 656 295 719 lior.
313 653 379 720 BA.
401 657 448 717 Ne
470 660 510 718 tia
538 658 589 733 (ut
610 657 706 722 etium
730 660 774 719 tei
796 677 888 719 eausa
914 653 1033 719 dicitur
1054 669 1113 733 pro
1136 656 1190 713 tue
1210 650 1250 727 e.)
1281 670 1371 729 quam

238 770 288 815 aea
304 756 475 830 mavellem,
498 753 540 818 de
562 771 626 835 quo
647 754 669 818 l.
692 755 765 820 vide
788 754 920 819 Ritschl.
944 751 1060 817 Pseud.
1082 749 1108 829 I,
1133 754 1161 827 l,
1184 767 1213 812 ι.
1238 753 1256 812 3
1281 753 1315 814 ct
1336 754 1373 814 de

239 851 353 912 luorum
375 853 472 914 labori
494 870 549 931 ego
573 855 722 916 hominum
749 856 914 932 parsissem
942 852 1064 912 lubens:
1108 850 1171 910 Mei
1193 856 1223 908 te
1247 850 1372 923 rogandi

237 955 258 1007 et
274 951 311 1010 tis
332 952 535 1027 respondendi
556 954 628 1012 mihi
652 953 694 1029 (v.
717 949 865 1015 Perizon.
894 950 944 1014 ud.
969 947 1074 1013 Sanct.
1103 963 1133 1025 p.
1159 950 1235 1024 ιιι,
1262 945 1370 1009 adnot

237 1049 314 1109 liet
334 1062 364 1126 p.
388 1049 461 1121 260,
484 1047 592 1112 adnot
619 1051 680 1124 16).
705 1048 791 1112 Trio.
815 1066 842 1112 ι.
865 1053 906 1112 45
931 1064 992 1126 sq:
1017 1048 1113 1121 Quoia
1135 1047 1183 1105 hic
1207 1062 1301 1119 11⁰1)e
1323 1062 1371 1105 ¹¹¹0

234 1161 273 1203 ror
294 1145 402 1206 sonat?
422 1143 494 1208 ΜΕ.
519 1147 578 1209 ret
600 1150 800 1209 benevolentia.
844 1144 959 1225 Amph.
984 1144 1022 1222 V,
1048 1148 1076 1211 2,
1098 1148 1132 1206 5:
1155 1145 1286 1203 Primum
1309 1159 1371 1202 om·

233 1244 296 1302 ιΙιιιιι
315 1242 500 1304 Ammoneo
520 1264 638 1307 neuram
662 1247 792 1320 corporis
814 1247 899 1321 Cepi.
923 1241 1014 1322 Capt.
1039 1240 1118 1321 prol.
1141 1259 1170 1303 ιι.
1195 1243 1270 1301 108:
1293 1241 1371 1301 Uau-

233 1357 336 1416 ruoqne
358 1343 423 1402 eires
444 1346 578 1417 eorporis
599 1346 681 1420 cepit
703 1347 769 1406 sibi.
816 1341 910 1406 Most.
934 1360 962 1405 v.
993 1343 1068 1405 139:
1098 1342 1216 1401 virtutis
1242 1339 1372 1413 modum,

232 1435 300 1513 quod
321 1436 432 1501 Lamh.
456 1439 555 1521 erpi:
594 1439 771 1519 Virtutem,
801 1458 883 1520 quse
906 1440 1009 1502 instar
1038 1437 1122 1500 modi
1146 1442 1179 1500 et
1201 1450 1370 1499 mensurae

233 1532 297 1596 esth
319 1533 436 1599 Bacch.
459 1534 515 1612 lv,
539 1542 641 1617 2,19:
664 1542 758 1600 Illius
780 1558 846 1601 sum
870 1542 1103 1614 integumentum
1126 1537 1269 1610 corporis.
1293 1530 1371 1595 cist.

230 1626 260 1706 ll,
285 1636 311 1707 1,
335 1638 372 1697 5:
419 1637 463 1696 ita
492 1639 621 1698 nubilam
651 1646 781 1698 mentem
810 1639 899 1697 animi
922 1639 1028 1697 habeo.
1073 1631 1187 1711 Amph.
1209 1630 1253 1708 ΙΙ,
1277 1633 1307 1707 2,
1334 1633 1370 1692 1:

231 1729 276 1791 loe
313 1768 352 1781 -
387 1736 588 1809 voluptatum,
632 1733 687 1813 qui
727 1733 890 1814 genitivus
930 1731 1028 1797 elficit
1061 1727 1277 1811 periphrasin,
1309 1727 1371 1790 vid.

230 1823 347 1891 Tuubm.
370 1828 412 1892 ad
436 1828 466 1893 h.
490 1828 509 1892 Ι.
530 1829 646 1896 Pseud.
670 1830 695 1907 1,
719 1836 748 1909 3,
775 1837 853 1896 113:
896 1835 990 1907 magia
1023 1846 1133 1906 operae
1167 1831 1192 1889 si
1219 1831 1273 1905 sit,
1303 1829 1371 1903 plus

228 1936 313 1988 tecum
327 1931 444 2005 loquar.
468 1926 541 1992 Cas.
557 1928 595 2007 V,
614 1934 643 2005 2,
660 1935 694 1993 5ι
716 1938 764 1992 est
779 1949 899 2005 operae.
922 1928 1046 1992 Lamh.:
1070 1943 1162 2007 „proz
1186 1928 1235 1988 cst
1252 1940 1370 2003 operae

226 2026 361 2101 prolium.
395 2024 455 2089 Vel
477 2026 538 2096 dic.
566 2034 610 2089 est
630 2047 737 2103 operae
757 2028 803 2092 sic
826 2027 946 2091 dictum
969 2045 1057 2106 esse,
1086 2031 1129 2087 eet
1149 2027 1300 2100 terporis,
1329 2029 1373 2087 0⁸2

227 2124 317 2203 efficti,
339 2124 434 2204 qnasi
455 2123 552 2203 dicat,
575 2125 705 2206 dignum
730 2134 780 2191 est
802 2144 911 2206 opera,
938 2123 1082 2189 audire.“
1110 2123 1162 2188 Sic
1185 2122 1251 2187 Mil.
1277 2124 1318 2201 ll,
1340 2129 1370 2199 2,

226 2224 271 2283 tl:
305 2240 418 2299 operae
442 2241 501 2283 non
526 2232 581 2301 est,
604 2243 634 2288 v.
656 2224 746 2288 Lind.
784 2224 882 2290 Mero.
906 2223 943 2301 V,
966 2228 994 2301 2,
1019 2227 1073 2286 77:
1108 2225 1174 2282 Non
1198 2232 1300 2297 opust,
1323 2225 1368 2282 in-

225 2337 311 2398 quam,
333 2338 413 2381 nune
435 2325 516 2382 intro
539 2330 569 2383 te
593 2326 646 2385 ire.
669 2321 735 2387 CH.
760 2327 920 2400 Responde
942 2323 1028 2382 mihi:
1057 2323 1123 2395 Qua
1145 2320 1255 2381 causa?
1298 2317 1367 2383 EU.

226 2419 334 2493 Operue
355 2428 496 2482 nonest.
540 2419 606 2483 1111.
629 2418 689 2498 111,
713 2425 741 2499 2,
766 2425 801 2484 6:
825 2424 892 2483 Non
917 2426 1059 2495 operaest
1081 2420 1234 2480 Sceledro.
1272 2414 1369 2479 Poen.

227 2511 256 2595 1,
278 2522 308 2597 4,
332 2521 366 2581 l:
387 2520 459 2579 Fuit
481 2520 568 2580 hodie
592 2538 703 2596 operae
726 2524 857 2597 pretinm
880 2523 943 2581 eins
966 2522 1018 2596 qni
1040 2520 1219 2579 amabilitati
1241 2520 1370 2579 animum

223 2617 368 2680 adiiceret
415 2612 506 2694 Capi.
534 2615 596 2696 IV,
626 2621 659 2695 2,
691 2621 764 2681 109:
809 2621 986 2680 Liberorum
1014 2619 1251 2694 quaerundorum
1279 2633 1370 2676 causa

222 2717 243 2772 ei
274 2715 367 2776 credo
401 2732 476 2774 uxor
509 2715 616 2777 datast.
672 2714 770 2781 Stich.
805 2717 853 2795 ΙΙ,
889 2722 925 2793 2,
963 2721 1016 2779 14:
1069 2718 1116 2776 Ita
1149 2718 1241 2775 celeri
1275 2714 1369 2774 curri-

220 2814 279 2873 colo
307 2812 352 2873 ini
377 2814 511 2888 Propere
544 2821 675 2890 eportu
703 2818 824 2877 honoris
851 2833 957 2878 caussa
985 2816 1044 2889 tui,
1082 2812 1122 2876 ud
1150 2828 1179 2891 q.
1203 2810 1223 2874 l.
1255 2809 1368 2875 Gran:

219 2914 282 2983 ,est
302 2907 443 2973 formula
464 2910 654 2990 exprimens,
677 2913 762 2992 quod
784 2913 881 2993 vulgo
904 2912 1096 2989 diceremus,
1121 2916 1177 2973 tua
1199 2926 1309 2977 causa,
1332 2912 1370 2970 ιιι

219 3005 269 3070 tibi
293 3006 501 3087 obsequerer,
523 3012 561 3073 ut
583 3008 640 3072 tibi
664 3009 893 3091 indulgerem.“
938 3008 1030 3074 Cure.
1054 3008 1109 3086 IV,
1133 3012 1162 3082 3,
1190 3012 1242 3071 17:
1282 3009 1368 3082 Quod

216 3108 369 3186 mandasti,
393 3107 453 3167 ieci
475 3109 598 3170 honoris
621 3113 727 3185 gratia.
772 3108 860 3173 Asin.
885 3108 944 3188 111,
968 3113 996 3183 2,
1021 3113 1056 3172 3:
1085 3110 1195 3168 virtute
1222 3109 1367 3168 ulmorum

214 3201 294 3265 freti.
318 3201 517 3269 Menaechm.
539 3203 578 3285 V,
605 3210 713 3284 2,118
738 3205 930 3282 (uPerizon.
948 3204 1107 3270 adSanct.
1131 3201 1206 3266 Min.
1231 3219 1261 3281 p.
1273 3202 1366 3281 257):

212 3300 372 3378 Imperium
406 3311 489 3366 tuum
523 3305 655 3368 demutat
687 3315 777 3382 atque
817 3307 948 3367 edictum
981 3306 1148 3380 Apollinis,
1187 3300 1272 3379 quod
1302 3317 1366 3363 sec.

209 3395 406 3464 Schmidium
434 3426 479 3456 =
503 3399 673 3483 imperinm
710 3407 809 3481 atque
839 3401 977 3466 edictum
1012 3401 1060 3464 tui
1093 3397 1266 3478 Apollinis,
1304 3413 1367 3461 sec.

207 3494 406 3563 Gronovium
428 3521 471 3549 =
493 3497 597 3564 Tuum
620 3501 799 3581 imperium,
822 3500 989 3579 imperium
1014 3496 1177 3578 Apollinis.
1200 3495 1287 3560 Pers.
1312 3493 1367 3572 IV,

206 3598 237 3673 2,
260 3598 298 3660 8:
323 3598 383 3659 Ubi
406 3616 473 3658 cum
497 3601 604 3660 lenone
626 3618 674 3660 me
696 3602 810 3662 ridebis
834 3601 984 3676 conloqui,
1008 3599 1043 3658 ld
1058 3599 1117 3658 erit
1140 3596 1268 3657 adeundi
1290 3604 1365 3655 tem-

204 3711 272 3769 pus.
318 3692 413 3773 Epid.
436 3693 496 3774 111,
519 3702 549 3772 4,
573 3701 607 3761 6:
630 3701 740 3760 virtute
763 3699 844 3760 belli
891 3694 1005 3775 Amph.
1028 3694 1071 3773 11,
1095 3698 1124 3771 2,
1150 3696 1202 3757 16:
1225 3696 1256 3754 id
1278 3693 1365 3754 modo

201 3794 229 3851 si
252 3794 404 3855 mercedis
427 3796 524 3855 Datur
545 3798 600 3875 mi,
632 3804 666 3857 nt
686 3814 769 3857 meus
793 3799 889 3857 victor
918 3799 964 3857 vir
991 3797 1064 3855 belli
1087 3797 1201 3867 clueat,
1228 3790 1320 3870 adq.
1344 3789 1364 3853 Ι.

201 3888 267 3952 vio.
287 3887 421 3955 Taubm.
443 3890 517 3956 Huc
538 3897 617 3973 puto
640 3895 733 3958 etiam
757 3892 920 3972 pertinere
935 3892 1111 3972 genitivum
1133 3889 1315 3954 absolutum
1332 3886 1366 3952 in

205 3985 438 4053 exclamatione
462 3988 602 4070 positum
633 3993 688 4068 (ι.
712 3990 833 4055 Bernh.
862 3995 944 4072 synt
974 3988 1088 4054 Graec.
1116 4006 1147 4068 p.
1176 3993 1236 4052 164
1264 3984 1365 4062 add.)

208 4082 305 4149 Most.
320 4084 381 4166 ΠΙ,
404 4091 435 4167 3,
458 4093 494 4153 9:
518 4092 559 4151 Di
580 4093 773 4166 immortales,
797 4092 971 4151 mercimoni
991 4089 1093 4165 lepidi,
1116 4103 1209 4166 quem
1225 4082 1365 4149 Bachiue

214 4179 256 4246 de
276 4199 340 4249 eas
361 4202 393 4267 p.
414 4189 457 4251 48
483 4187 569 4251 inter
591 4187 749 4268 genitivos
775 4204 847 4251 cum
877 4183 1154 4250 interiectionibus
1180 4183 1365 4248 coniunctos

212 4278 305 4344 affert
326 4281 634 4365 dicens-genitivum
657 4302 786 4351 causum
808 4285 986 4366 exprimere
1009 4299 1138 4352 sensus,
1160 4281 1215 4361 qui
1236 4279 1367 4345 interie-

214 4376 317 4444 ctione
336 4377 539 4463 significatus
561 4388 620 4447 est.
664 4381 793 4447 Terent.
815 4382 916 4447 Andr.
939 4380 977 4461 V,
1001 4384 1031 4460 2,
1055 4385 1090 4444 2:
1121 4383 1193 4443 lleo
1213 4381 1366 4458 praesidio
