<?xml version="1.0" encoding="UTF-8"?>
<!DOCTYPE html PUBLIC "-//W3C//DTD XHTML 1.0 Transitional//EN"
    "http://www.w3.org/TR/xhtml1/DTD/xhtml1-transitional.dtd">
<html xmlns="http://www.w3.org/1999/xhtml" xml:lang="en" lang="en">
 <head>
  <title>
</title>
<meta http-equiv="Content-Type" content="text/html;charset=utf-8" />
  <meta name='ocr-system' content='tesseract 3.04.00' />
  <meta name='ocr-capabilities' content='ocr_page ocr_carea ocr_par ocr_line ocrx_word'/>
</head>
<body>
  <div class='ocr_page' id='page_1' title='image "./syntaxispriscor00holtgoog_0229.png"; bbox 0 0 3125 5075; ppageno 0'>
   <div class='ocr_carea' id='block_1_1' title="bbox 190 372 919 446">
    <p class='ocr_par' dir='ltr' id='par_1_1' title="bbox 190 372 919 446">
     <span class='ocr_line' id='line_1_1' title="bbox 190 372 919 446; baseline -0.003 -32"><span class='ocrx_word' id='word_1_1' title='bbox 190 387 256 446; x_wconf 65' lang='lat'><strong><em>210</em></strong></span> <span class='ocrx_word' id='word_1_2' title='bbox 624 374 779 414; x_wconf 74' lang='lat' dir='ltr'><strong><em>sonsum.</em></strong></span> <span class='ocrx_word' id='word_1_3' title='bbox 800 373 864 414; x_wconf 77' lang='grc' dir='ltr'><strong>ΟΔΡ.</strong></span> <span class='ocrx_word' id='word_1_4' title='bbox 877 372 919 413; x_wconf 88' lang='grc' dir='ltr'>ΙΙΙ.</span> 
     </span>
    </p>
   </div>
   <div class='ocr_carea' id='block_1_2' title="bbox 182 540 1324 4442">
    <p class='ocr_par' dir='ltr' id='par_1_2' title="bbox 187 540 1324 2757">
     <span class='ocr_line' id='line_1_2' title="bbox 194 540 1324 626; baseline -0.005 -12"><span class='ocrx_word' id='word_1_5' title='bbox 194 549 249 614; x_wconf 91' lang='lat' dir='ltr'><strong><em>ubi</em></strong></span> <span class='ocrx_word' id='word_1_6' title='bbox 271 548 431 614; x_wconf 79' lang='lat' dir='ltr'>Gruterus</span> <span class='ocrx_word' id='word_1_7' title='bbox 457 545 534 611; x_wconf 88' lang='lat' dir='ltr'><strong><em>dicit</em></strong></span> <span class='ocrx_word' id='word_1_8' title='bbox 556 547 588 611; x_wconf 93' lang='lat' dir='ltr'><strong><em>in</em></strong></span> <span class='ocrx_word' id='word_1_9' title='bbox 611 549 771 608; x_wconf 76' lang='lat' dir='ltr'><strong><em>advorsum</em></strong></span> <span class='ocrx_word' id='word_1_10' title='bbox 794 562 866 609; x_wconf 91' lang='lat' dir='ltr'><strong><em>esse</em></strong></span> <span class='ocrx_word' id='word_1_11' title='bbox 885 540 1151 626; x_wconf 85' lang='lat' dir='ltr'><strong><em>significationem</em></strong></span> <span class='ocrx_word' id='word_1_12' title='bbox 1172 542 1324 608; x_wconf 79' lang='lat' dir='ltr'><strong><em>obmenar</em></strong></span> 
     </span>
     <span class='ocr_line' id='line_1_3' title="bbox 192 643 1324 723; baseline -0.007 -11"><span class='ocrx_word' id='word_1_13' title='bbox 192 647 320 711; x_wconf 86' lang='lat' dir='ltr'><strong><em>Terent</em></strong></span> <span class='ocrx_word' id='word_1_14' title='bbox 344 646 443 710; x_wconf 82' lang='lat' dir='ltr'><strong><em>Andr.</em></strong></span> <span class='ocrx_word' id='word_1_15' title='bbox 467 644 493 723; x_wconf 88' lang='lat' dir='ltr'><strong><em>I,</em></strong></span> <span class='ocrx_word' id='word_1_16' title='bbox 519 650 546 723; x_wconf 88' lang='lat'><strong><em>1,</em></strong></span> <span class='ocrx_word' id='word_1_17' title='bbox 572 650 625 709; x_wconf 88' lang='lat'><strong><em>15:</em></strong></span> <span class='ocrx_word' id='word_1_18' title='bbox 655 649 697 706; x_wconf 83' lang='lat' dir='ltr'><strong><em>Et</em></strong></span> <span class='ocrx_word' id='word_1_19' title='bbox 720 645 750 706; x_wconf 88' lang='lat' dir='ltr'><strong><em>id</em></strong></span> <span class='ocrx_word' id='word_1_20' title='bbox 775 654 890 719; x_wconf 86' lang='lat' dir='ltr'><strong><em>gratum</em></strong></span> <span class='ocrx_word' id='word_1_21' title='bbox 911 644 1004 705; x_wconf 83' lang='lat' dir='ltr'><strong><em>fuisso</em></strong></span> <span class='ocrx_word' id='word_1_22' title='bbox 1025 643 1187 704; x_wconf 63' lang='lat' dir='ltr'><strong><em>morsum</em></strong></span> <span class='ocrx_word' id='word_1_23' title='bbox 1210 648 1237 704; x_wconf 83' lang='lat' dir='ltr'><strong><em>tr</em></strong></span> <span class='ocrx_word' id='word_1_24' title='bbox 1259 644 1324 704; x_wconf 76' lang='lat' dir='ltr'><strong><em>hair</em></strong></span> 
     </span>
     <span class='ocr_line' id='line_1_4' title="bbox 192 738 1324 822; baseline -0.004 -15"><span class='ocrx_word' id='word_1_25' title='bbox 192 749 318 822; x_wconf 76' lang='lat' dir='ltr'><strong>gratiam</strong></span> <span class='ocrx_word' id='word_1_26' title='bbox 334 743 393 819; x_wconf 85' lang='lat' dir='ltr'><strong><em>(sic</em></strong></span> <span class='ocrx_word' id='word_1_27' title='bbox 409 742 520 808; x_wconf 81' lang='lat' dir='ltr'><strong>scribit</strong></span> <span class='ocrx_word' id='word_1_28' title='bbox 531 740 727 807; x_wconf 86' lang='lat' dir='ltr'><strong><em>Ritschelius</em></strong></span> <span class='ocrx_word' id='word_1_29' title='bbox 741 739 843 822; x_wconf 85' lang='lat' dir='ltr'><strong><em>praef.</em></strong></span> <span class='ocrx_word' id='word_1_30' title='bbox 860 740 900 805; x_wconf 86' lang='lat' dir='ltr'><strong><em>ud</em></strong></span> <span class='ocrx_word' id='word_1_31' title='bbox 915 739 1000 804; x_wconf 80' lang='lat' dir='ltr'><strong><em>Tria.</em></strong></span> <span class='ocrx_word' id='word_1_32' title='bbox 1017 758 1048 820; x_wconf 87' lang='lat' dir='ltr'><strong><em>p.</em></strong></span> <span class='ocrx_word' id='word_1_33' title='bbox 1064 744 1146 816; x_wconf 91' lang='grc'>118),</span> <span class='ocrx_word' id='word_1_34' title='bbox 1169 738 1258 818; x_wconf 90' lang='lat' dir='ltr'><strong><em>quod</em></strong></span> <span class='ocrx_word' id='word_1_35' title='bbox 1275 738 1324 803; x_wconf 85' lang='lat' dir='ltr'><strong><em>ber</em></strong></span> 
     </span>
     <span class='ocr_line' id='line_1_5' title="bbox 195 837 1323 923; baseline -0.006 -17"><span class='ocrx_word' id='word_1_36' title='bbox 195 841 333 923; x_wconf 85' lang='lat' dir='ltr'><strong><em>explicat</em></strong></span> <span class='ocrx_word' id='word_1_37' title='bbox 354 839 500 905; x_wconf 88' lang='lat' dir='ltr'><strong><em>Handius</em></strong></span> <span class='ocrx_word' id='word_1_38' title='bbox 522 839 657 904; x_wconf 79' lang='lat' dir='ltr'><strong><em>Turseli.</em></strong></span> <span class='ocrx_word' id='word_1_39' title='bbox 681 838 717 902; x_wconf 85' lang='lat' dir='ltr'><strong><em>T.</em></strong></span> <span class='ocrx_word' id='word_1_40' title='bbox 741 838 767 918; x_wconf 88' lang='lat'><strong><em>1,</em></strong></span> <span class='ocrx_word' id='word_1_41' title='bbox 788 858 818 921; x_wconf 90' lang='lat' dir='ltr'><strong><em>p.</em></strong></span> <span class='ocrx_word' id='word_1_42' title='bbox 846 842 921 911; x_wconf 69' lang='lat'>1823</span> <span class='ocrx_word' id='word_1_43' title='bbox 952 837 1171 918; x_wconf 83' lang='lat' dir='ltr'><strong><em>coniungenda</em></strong></span> <span class='ocrx_word' id='word_1_44' title='bbox 1199 843 1279 902; x_wconf 87' lang='lat' dir='ltr'><strong><em>sunt</em></strong></span> <span class='ocrx_word' id='word_1_45' title='bbox 1306 857 1323 899; x_wconf 84' lang='lat' dir='ltr'><strong><em>a</em></strong></span> 
     </span>
     <span class='ocr_line' id='line_1_6' title="bbox 191 932 1324 1015; baseline -0.006 -13"><span class='ocrx_word' id='word_1_46' title='bbox 191 959 312 1002; x_wconf 78' lang='lat' dir='ltr'><strong><em>corsuum</em></strong></span> <span class='ocrx_word' id='word_1_47' title='bbox 331 946 357 999; x_wconf 85' lang='lat' dir='ltr'><strong><em>tv</em></strong></span> <span class='ocrx_word' id='word_1_48' title='bbox 372 956 443 1003; x_wconf 86' lang='lat' dir='ltr'><strong><em>cum</em></strong></span> <span class='ocrx_word' id='word_1_49' title='bbox 458 940 492 997; x_wconf 82' lang='lat' dir='ltr'><strong><em>u&#39;d</em></strong></span> <span class='ocrx_word' id='word_1_50' title='bbox 504 945 625 1013; x_wconf 73' lang='lat' dir='ltr'><strong><em>aratum</em></strong></span> <span class='ocrx_word' id='word_1_51' title='bbox 640 939 742 1011; x_wconf 77' lang='lat' dir='ltr'><strong><em>fuisse,</em></strong></span> <span class='ocrx_word' id='word_1_52' title='bbox 764 938 812 1001; x_wconf 83' lang='lat' dir='ltr'><strong><em>ita</em></strong></span> <span class='ocrx_word' id='word_1_53' title='bbox 827 940 863 1001; x_wconf 87' lang='lat' dir='ltr'><strong><em>ut</em></strong></span> <span class='ocrx_word' id='word_1_54' title='bbox 874 939 941 997; x_wconf 85' lang='lat' dir='ltr'><strong><em>adv.</em></strong></span> <span class='ocrx_word' id='word_1_55' title='bbox 966 944 993 997; x_wconf 83' lang='lat' dir='ltr'><strong><em>te</em></strong></span> <span class='ocrx_word' id='word_1_56' title='bbox 1014 932 1211 1015; x_wconf 81' lang='lat' dir='ltr'><strong><em>significent:</em></strong></span> <span class='ocrx_word' id='word_1_57' title='bbox 1239 939 1324 996; x_wconf 84' lang='lat' dir='ltr'><strong><em>ratio</em></strong></span> 
     </span>
     <span class='ocr_line' id='line_1_7' title="bbox 192 1033 1300 1116; baseline -0.006 -16"><span class='ocrx_word' id='word_1_58' title='bbox 192 1041 236 1100; x_wconf 75' lang='lat' dir='ltr'><strong><em>tat</em></strong></span> <span class='ocrx_word' id='word_1_59' title='bbox 264 1041 379 1114; x_wconf 75' lang='lat' dir='ltr'><strong><em>davida,</em></strong></span> <span class='ocrx_word' id='word_1_60' title='bbox 414 1052 605 1116; x_wconf 87' lang='lat' dir='ltr'><strong><em>quamquam</em></strong></span> <span class='ocrx_word' id='word_1_61' title='bbox 635 1033 766 1099; x_wconf 83' lang='lat' dir='ltr'><strong><em>fuerunt</em></strong></span> <span class='ocrx_word' id='word_1_62' title='bbox 794 1035 848 1115; x_wconf 86' lang='lat' dir='ltr'><strong><em>qui</em></strong></span> <span class='ocrx_word' id='word_1_63' title='bbox 879 1036 1110 1113; x_wconf 81' lang='lat' dir='ltr'><strong><em>coniungerent</em></strong></span> <span class='ocrx_word' id='word_1_64' title='bbox 1137 1035 1300 1095; x_wconf 74' lang='lat' dir='ltr'><strong><em>advorsum</em></strong></span> 
     </span>
     <span class='ocr_line' id='line_1_8' title="bbox 190 1130 1324 1211; baseline -0.004 -14"><span class='ocrx_word' id='word_1_65' title='bbox 190 1139 281 1197; x_wconf 77' lang='lat' dir='ltr'><strong><em>aanor</em></strong></span> <span class='ocrx_word' id='word_1_66' title='bbox 294 1138 434 1211; x_wconf 75' lang='lat' dir='ltr'><strong><em>gratiam,</em></strong></span> <span class='ocrx_word' id='word_1_67' title='bbox 457 1133 502 1197; x_wconf 85' lang='lat' dir='ltr'><strong><em>ita</em></strong></span> <span class='ocrx_word' id='word_1_68' title='bbox 518 1141 554 1196; x_wconf 90' lang='lat' dir='ltr'><strong><em>ut</em></strong></span> <span class='ocrx_word' id='word_1_69' title='bbox 569 1134 730 1194; x_wconf 79' lang='lat' dir='ltr'><strong><em>advorsum</em></strong></span> <span class='ocrx_word' id='word_1_70' title='bbox 751 1132 835 1196; x_wconf 89' lang='lat' dir='ltr'><strong><em>idenr</em></strong></span> <span class='ocrx_word' id='word_1_71' title='bbox 856 1137 943 1196; x_wconf 86' lang='lat' dir='ltr'><strong><em>esset</em></strong></span> <span class='ocrx_word' id='word_1_72' title='bbox 962 1138 1058 1210; x_wconf 83' lang='lat' dir='ltr'><strong><em>atque</em></strong></span> <span class='ocrx_word' id='word_1_73' title='bbox 1080 1149 1159 1205; x_wconf 81' lang='lat' dir='ltr'><strong><em>craa</em></strong></span> <span class='ocrx_word' id='word_1_74' title='bbox 1184 1163 1228 1174; x_wconf 91' lang='lat'>-</span> <span class='ocrx_word' id='word_1_75' title='bbox 1253 1136 1280 1194; x_wconf 90' lang='lat'><strong><em>3.</em></strong></span> <span class='ocrx_word' id='word_1_76' title='bbox 1305 1130 1324 1192; x_wconf 77' lang='grc' dir='ltr'><strong><em>Ε</em></strong></span> 
     </span>
     <span class='ocr_line' id='line_1_9' title="bbox 191 1227 1323 1313; baseline -0.004 -17"><span class='ocrx_word' id='word_1_77' title='bbox 191 1229 424 1313; x_wconf 88' lang='lat' dir='ltr'><strong><em>gnificationem</em></strong></span> <span class='ocrx_word' id='word_1_78' title='bbox 448 1235 551 1290; x_wconf 75' lang='lat' dir='ltr'><strong><em>amoma</em></strong></span> <span class='ocrx_word' id='word_1_79' title='bbox 573 1229 670 1294; x_wconf 87' lang='lat' dir='ltr'><strong><em>habet</em></strong></span> <span class='ocrx_word' id='word_1_80' title='bbox 692 1249 743 1310; x_wconf 90' lang='lat' dir='ltr'><strong><em>ap.</em></strong></span> <span class='ocrx_word' id='word_1_81' title='bbox 767 1230 906 1294; x_wconf 85' lang='lat' dir='ltr'><strong><em>Ennium</em></strong></span> <span class='ocrx_word' id='word_1_82' title='bbox 928 1228 965 1292; x_wconf 84' lang='lat' dir='ltr'><strong><em>fr.</em></strong></span> <span class='ocrx_word' id='word_1_83' title='bbox 990 1227 1159 1293; x_wconf 90' lang='lat' dir='ltr'><strong><em>Phoenicis</em></strong></span> <span class='ocrx_word' id='word_1_84' title='bbox 1184 1233 1214 1306; x_wconf 88' lang='lat'><strong><em>2,</em></strong></span> <span class='ocrx_word' id='word_1_85' title='bbox 1236 1248 1265 1291; x_wconf 85' lang='lat' dir='ltr'><strong><em>v.</em></strong></span> <span class='ocrx_word' id='word_1_86' title='bbox 1289 1233 1323 1291; x_wconf 73' lang='lat'><strong><em>3·</em></strong></span> 
     </span>
     <span class='ocr_line' id='line_1_10' title="bbox 189 1327 1324 1404; baseline -0.007 -9"><span class='ocrx_word' id='word_1_87' title='bbox 189 1329 338 1395; x_wconf 80' lang='lat' dir='ltr'><strong><em>Vahlen:</em></strong></span> <span class='ocrx_word' id='word_1_88' title='bbox 377 1331 570 1404; x_wconf 81' lang='lat' dir='ltr'><strong><em>Fortiterque</em></strong></span> <span class='ocrx_word' id='word_1_89' title='bbox 593 1331 615 1402; x_wconf 83' lang='lat'><strong>†</strong></span> <span class='ocrx_word' id='word_1_90' title='bbox 637 1331 789 1390; x_wconf 80' lang='lat' dir='ltr'><strong><em>innoxium</em></strong></span> <span class='ocrx_word' id='word_1_91' title='bbox 823 1347 930 1390; x_wconf 86' lang='lat' dir='ltr'><strong><em>vocare</em></strong></span> <span class='ocrx_word' id='word_1_92' title='bbox 969 1330 1127 1389; x_wconf 84' lang='lat' dir='ltr'><strong><em>adversum</em></strong></span> <span class='ocrx_word' id='word_1_93' title='bbox 1155 1327 1324 1387; x_wconf 64' lang='lat' dir='ltr'><strong><em>adversar:</em></strong></span> 
     </span>
     <span class='ocr_line' id='line_1_11' title="bbox 192 1423 1324 1502; baseline -0.008 -9"><span class='ocrx_word' id='word_1_94' title='bbox 192 1429 231 1493; x_wconf 89' lang='lat' dir='ltr'><strong><em>de</em></strong></span> <span class='ocrx_word' id='word_1_95' title='bbox 253 1427 344 1493; x_wconf 90' lang='lat' dir='ltr'><strong><em>cuius</em></strong></span> <span class='ocrx_word' id='word_1_96' title='bbox 366 1425 426 1490; x_wconf 92' lang='lat' dir='ltr'><strong><em>loci</em></strong></span> <span class='ocrx_word' id='word_1_97' title='bbox 450 1426 611 1490; x_wconf 85' lang='lat' dir='ltr'><strong><em>sententia</em></strong></span> <span class='ocrx_word' id='word_1_98' title='bbox 632 1424 705 1488; x_wconf 85' lang='lat' dir='ltr'><strong><em>vide</em></strong></span> <span class='ocrx_word' id='word_1_99' title='bbox 721 1424 939 1489; x_wconf 88' lang='lat' dir='ltr'><strong><em>Ribbeckium.</em></strong></span> <span class='ocrx_word' id='word_1_100' title='bbox 979 1423 1082 1488; x_wconf 86' lang='lat' dir='ltr'><strong><em>Plaut.</em></strong></span> <span class='ocrx_word' id='word_1_101' title='bbox 1099 1424 1213 1502; x_wconf 83' lang='lat' dir='ltr'><strong><em>fragm.</em></strong></span> <span class='ocrx_word' id='word_1_102' title='bbox 1230 1442 1260 1502; x_wconf 89' lang='lat' dir='ltr'><strong><em>p.</em></strong></span> <span class='ocrx_word' id='word_1_103' title='bbox 1276 1429 1324 1485; x_wconf 71' lang='lat'><strong><em>42</em></strong></span> 
     </span>
     <span class='ocr_line' id='line_1_12' title="bbox 188 1522 1281 1597; baseline -0.005 -11"><span class='ocrx_word' id='word_1_104' title='bbox 188 1545 216 1590; x_wconf 88' lang='lat' dir='ltr'><strong><em>v.</em></strong></span> <span class='ocrx_word' id='word_1_105' title='bbox 241 1532 259 1588; x_wconf 88' lang='grc'><strong>7</strong></span> <span class='ocrx_word' id='word_1_106' title='bbox 288 1525 336 1588; x_wconf 90' lang='lat' dir='ltr'><strong><em>ed.</em></strong></span> <span class='ocrx_word' id='word_1_107' title='bbox 369 1522 523 1587; x_wconf 59' lang='lat' dir='ltr'><strong><em>Groneia:</em></strong></span> <span class='ocrx_word' id='word_1_108' title='bbox 563 1526 678 1585; x_wconf 79' lang='lat' dir='ltr'><strong>Stultus</strong></span> <span class='ocrx_word' id='word_1_109' title='bbox 706 1533 753 1585; x_wconf 89' lang='lat' dir='ltr'><strong><em>est</em></strong></span> <span class='ocrx_word' id='word_1_110' title='bbox 783 1526 941 1586; x_wconf 81' lang='lat' dir='ltr'><strong><em>advorsum</em></strong></span> <span class='ocrx_word' id='word_1_111' title='bbox 971 1529 1095 1585; x_wconf 86' lang='lat' dir='ltr'><strong><em>aetatem</em></strong></span> <span class='ocrx_word' id='word_1_112' title='bbox 1118 1533 1149 1583; x_wconf 90' lang='lat' dir='ltr'><strong><em>et</em></strong></span> <span class='ocrx_word' id='word_1_113' title='bbox 1173 1524 1281 1597; x_wconf 85' lang='lat' dir='ltr'><strong><em>capitis</em></strong></span> 
     </span>
     <span class='ocr_line' id='line_1_13' title="bbox 189 1618 1300 1698; baseline -0.005 -14"><span class='ocrx_word' id='word_1_114' title='bbox 189 1626 361 1685; x_wconf 79' lang='lat' dir='ltr'><strong><em>ruitudiucm.</em></strong></span> <span class='ocrx_word' id='word_1_115' title='bbox 407 1619 577 1698; x_wconf 85' lang='lat' dir='ltr'><strong><em>stioh.1V‚</em></strong></span> <span class='ocrx_word' id='word_1_116' title='bbox 602 1626 631 1698; x_wconf 85' lang='lat'><strong><em>2,</em></strong></span> <span class='ocrx_word' id='word_1_117' title='bbox 658 1626 712 1684; x_wconf 91' lang='lat'><strong><em>11:</em></strong></span> <span class='ocrx_word' id='word_1_118' title='bbox 736 1623 894 1683; x_wconf 80' lang='lat' dir='ltr'><strong><em>advorsum</em></strong></span> <span class='ocrx_word' id='word_1_119' title='bbox 917 1628 944 1681; x_wconf 86' lang='lat' dir='ltr'><strong><em>tc</em></strong></span> <span class='ocrx_word' id='word_1_120' title='bbox 965 1622 1100 1682; x_wconf 85' lang='lat' dir='ltr'><strong><em>fabulare</em></strong></span> <span class='ocrx_word' id='word_1_121' title='bbox 1126 1618 1179 1695; x_wconf 70' lang='lat' dir='ltr'><strong><em>(ci</em></strong></span> <span class='ocrx_word' id='word_1_122' title='bbox 1194 1618 1300 1681; x_wconf 80' lang='lat' dir='ltr'><strong><em>Hand.</em></strong></span> 
     </span>
     <span class='ocr_line' id='line_1_14' title="bbox 195 1717 1323 1799; baseline -0.009 -14"><span class='ocrx_word' id='word_1_123' title='bbox 195 1723 283 1799; x_wconf 82' lang='grc'>185),</span> <span class='ocrx_word' id='word_1_124' title='bbox 305 1720 335 1783; x_wconf 92' lang='lat' dir='ltr'><strong><em>h.</em></strong></span> <span class='ocrx_word' id='word_1_125' title='bbox 359 1737 385 1783; x_wconf 92' lang='grc' dir='ltr'><strong><em>ο.</em></strong></span> <span class='ocrx_word' id='word_1_126' title='bbox 409 1717 564 1781; x_wconf 88' lang='lat' dir='ltr'><strong><em>adversus</em></strong></span> <span class='ocrx_word' id='word_1_127' title='bbox 586 1719 784 1782; x_wconf 88' lang='lat' dir='ltr'><strong><em>commodum</em></strong></span> <span class='ocrx_word' id='word_1_128' title='bbox 808 1722 908 1782; x_wconf 89' lang='lat' dir='ltr'><strong><em>tuum.</em></strong></span> <span class='ocrx_word' id='word_1_129' title='bbox 952 1717 1038 1781; x_wconf 91' lang='lat' dir='ltr'><strong><em>Trin.</em></strong></span> <span class='ocrx_word' id='word_1_130' title='bbox 1065 1736 1092 1780; x_wconf 89' lang='lat' dir='ltr'><strong><em>v.</em></strong></span> <span class='ocrx_word' id='word_1_131' title='bbox 1119 1722 1196 1781; x_wconf 79' lang='lat'>176:</span> <span class='ocrx_word' id='word_1_132' title='bbox 1233 1717 1323 1776; x_wconf 77' lang='lat' dir='ltr'><strong><em>Adv·</em></strong></span> 
     </span>
     <span class='ocr_line' id='line_1_15' title="bbox 189 1813 1324 1895; baseline -0.007 -15"><span class='ocrx_word' id='word_1_133' title='bbox 189 1838 255 1881; x_wconf 92' lang='lat' dir='ltr'><strong><em>sum</em></strong></span> <span class='ocrx_word' id='word_1_134' title='bbox 270 1837 356 1895; x_wconf 87' lang='lat' dir='ltr'><strong><em>quam</em></strong></span> <span class='ocrx_word' id='word_1_135' title='bbox 373 1820 436 1877; x_wconf 90' lang='lat' dir='ltr'><strong><em>eius</em></strong></span> <span class='ocrx_word' id='word_1_136' title='bbox 452 1835 498 1877; x_wconf 83' lang='lat' dir='ltr'><strong><em>mo</em></strong></span> <span class='ocrx_word' id='word_1_137' title='bbox 515 1820 734 1891; x_wconf 81' lang='lat' dir='ltr'><strong><em>opsecravisset</em></strong></span> <span class='ocrx_word' id='word_1_138' title='bbox 748 1824 845 1891; x_wconf 84' lang='lat' dir='ltr'><strong><em>pater,</em></strong></span> <span class='ocrx_word' id='word_1_139' title='bbox 862 1816 946 1895; x_wconf 85' lang='lat' dir='ltr'><strong><em>adq.</em></strong></span> <span class='ocrx_word' id='word_1_140' title='bbox 963 1816 984 1879; x_wconf 94' lang='grc'>1.</span> <span class='ocrx_word' id='word_1_141' title='bbox 1000 1815 1062 1879; x_wconf 86' lang='lat' dir='ltr'><strong><em>vid.</em></strong></span> <span class='ocrx_word' id='word_1_142' title='bbox 1073 1814 1215 1878; x_wconf 88' lang='lat' dir='ltr'><strong><em>Lindem.</em></strong></span> <span class='ocrx_word' id='word_1_143' title='bbox 1251 1813 1324 1876; x_wconf 62' lang='lat' dir='ltr'><strong><em>Me.</em></strong></span> 
     </span>
     <span class='ocr_line' id='line_1_16' title="bbox 187 1912 1318 1995; baseline -0.004 -18"><span class='ocrx_word' id='word_1_144' title='bbox 187 1914 230 1995; x_wconf 93' lang='grc' dir='ltr'>ΙΙ,</span> <span class='ocrx_word' id='word_1_145' title='bbox 260 1921 295 1993; x_wconf 86' lang='grc'>3,</span> <span class='ocrx_word' id='word_1_146' title='bbox 329 1919 404 1977; x_wconf 83' lang='grc'>104;</span> <span class='ocrx_word' id='word_1_147' title='bbox 437 1915 596 1976; x_wconf 82' lang='lat' dir='ltr'><strong><em>advorsum</em></strong></span> <span class='ocrx_word' id='word_1_148' title='bbox 629 1916 687 1974; x_wconf 90' lang='lat' dir='ltr'><strong><em>mei</em></strong></span> <span class='ocrx_word' id='word_1_149' title='bbox 721 1917 812 1974; x_wconf 86' lang='lat' dir='ltr'><strong><em>animi</em></strong></span> <span class='ocrx_word' id='word_1_150' title='bbox 844 1917 1040 1976; x_wconf 70' lang='lat' dir='ltr'><strong><em>mamortiam?</em></strong></span> <span class='ocrx_word' id='word_1_151' title='bbox 1085 1912 1182 1976; x_wconf 82' lang='lat' dir='ltr'><strong><em>Mero.</em></strong></span> <span class='ocrx_word' id='word_1_152' title='bbox 1214 1930 1243 1975; x_wconf 89' lang='lat' dir='ltr'><strong><em>v.</em></strong></span> <span class='ocrx_word' id='word_1_153' title='bbox 1271 1914 1318 1975; x_wconf 80' lang='lat'><strong><em>59</em></strong></span> 
     </span>
     <span class='ocr_line' id='line_1_17' title="bbox 188 2010 1324 2089; baseline -0.007 -16"><span class='ocrx_word' id='word_1_154' title='bbox 188 2015 342 2074; x_wconf 84' lang='lat' dir='ltr'><strong><em>advorsum</em></strong></span> <span class='ocrx_word' id='word_1_155' title='bbox 374 2014 430 2071; x_wconf 84' lang='lat' dir='ltr'><strong><em>moi</em></strong></span> <span class='ocrx_word' id='word_1_156' title='bbox 465 2015 554 2072; x_wconf 91' lang='lat' dir='ltr'><strong><em>animi</em></strong></span> <span class='ocrx_word' id='word_1_157' title='bbox 586 2015 768 2073; x_wconf 77' lang='lat' dir='ltr'><strong><em>senteutiam.</em></strong></span> <span class='ocrx_word' id='word_1_158' title='bbox 814 2010 909 2075; x_wconf 86' lang='lat' dir='ltr'><strong><em>Mero.</em></strong></span> <span class='ocrx_word' id='word_1_159' title='bbox 934 2011 976 2089; x_wconf 95' lang='grc' dir='ltr'><strong><em>ΙΙ,</em></strong></span> <span class='ocrx_word' id='word_1_160' title='bbox 1000 2016 1028 2089; x_wconf 87' lang='grc'><strong><em>3,</em></strong></span> <span class='ocrx_word' id='word_1_161' title='bbox 1059 2017 1116 2075; x_wconf 85' lang='grc'><strong><em>43;</em></strong></span> <span class='ocrx_word' id='word_1_162' title='bbox 1149 2014 1219 2073; x_wconf 90' lang='lat' dir='ltr'><strong><em>nolo</em></strong></span> <span class='ocrx_word' id='word_1_163' title='bbox 1243 2012 1324 2071; x_wconf 84' lang='lat' dir='ltr'><strong><em>aduor</em></strong></span> 
     </span>
     <span class='ocr_line' id='line_1_18' title="bbox 187 2106 1324 2188; baseline -0.004 -16"><span class='ocrx_word' id='word_1_164' title='bbox 187 2113 248 2172; x_wconf 86' lang='lat' dir='ltr'><strong><em>sari</em></strong></span> <span class='ocrx_word' id='word_1_165' title='bbox 270 2111 429 2171; x_wconf 83' lang='lat' dir='ltr'><strong><em>advorsum</em></strong></span> <span class='ocrx_word' id='word_1_166' title='bbox 456 2114 538 2169; x_wconf 84' lang='lat' dir='ltr'><strong><em>trram</em></strong></span> <span class='ocrx_word' id='word_1_167' title='bbox 559 2112 739 2172; x_wconf 69' lang='lat' dir='ltr'><strong><em>semiermium.</em></strong></span> <span class='ocrx_word' id='word_1_168' title='bbox 788 2106 902 2172; x_wconf 85' lang='lat' dir='ltr'><strong><em>Caecii.</em></strong></span> <span class='ocrx_word' id='word_1_169' title='bbox 927 2108 1008 2173; x_wconf 84' lang='lat' dir='ltr'><strong><em>stat.</em></strong></span> <span class='ocrx_word' id='word_1_170' title='bbox 1034 2107 1168 2188; x_wconf 83' lang='lat' dir='ltr'><strong><em>Hymnis</em></strong></span> <span class='ocrx_word' id='word_1_171' title='bbox 1195 2106 1233 2170; x_wconf 81' lang='lat' dir='ltr'><strong><em>fr.</em></strong></span> <span class='ocrx_word' id='word_1_172' title='bbox 1257 2111 1285 2182; x_wconf 87' lang='lat'><strong><em>3,</em></strong></span> <span class='ocrx_word' id='word_1_173' title='bbox 1311 2121 1324 2166; x_wconf 81' lang='lat' dir='ltr'>v</span> 
     </span>
     <span class='ocr_line' id='line_1_19' title="bbox 190 2206 1323 2287; baseline -0.005 -16"><span class='ocrx_word' id='word_1_174' title='bbox 190 2211 247 2271; x_wconf 82' lang='lat'><strong><em>69:</em></strong></span> <span class='ocrx_word' id='word_1_175' title='bbox 275 2210 351 2279; x_wconf 87' lang='lat' dir='ltr'><strong><em>Quin</em></strong></span> <span class='ocrx_word' id='word_1_176' title='bbox 374 2210 534 2268; x_wconf 88' lang='lat' dir='ltr'><strong><em>machaera</em></strong></span> <span class='ocrx_word' id='word_1_177' title='bbox 556 2209 669 2268; x_wconf 85' lang='lat' dir='ltr'><strong><em>licitari</em></strong></span> <span class='ocrx_word' id='word_1_178' title='bbox 692 2206 735 2283; x_wconf 93' lang='lat' dir='ltr'><strong><em>(h.</em></strong></span> <span class='ocrx_word' id='word_1_179' title='bbox 761 2224 788 2269; x_wconf 89' lang='grc' dir='ltr'><strong><em>ο.</em></strong></span> <span class='ocrx_word' id='word_1_180' title='bbox 812 2206 981 2286; x_wconf 85' lang='lat' dir='ltr'><strong><em>congredi,</em></strong></span> <span class='ocrx_word' id='word_1_181' title='bbox 1004 2206 1164 2287; x_wconf 89' lang='lat' dir='ltr'><strong><em>pugnare)</em></strong></span> <span class='ocrx_word' id='word_1_182' title='bbox 1189 2208 1323 2268; x_wconf 81' lang='lat' dir='ltr'><strong><em>adversm</em></strong></span> 
     </span>
     <span class='ocr_line' id='line_1_20' title="bbox 187 2303 1324 2381; baseline -0.005 -12"><span class='ocrx_word' id='word_1_183' title='bbox 187 2324 309 2369; x_wconf 76' lang='lat' dir='ltr'><strong><em>ueroeam</em></strong></span> <span class='ocrx_word' id='word_1_184' title='bbox 333 2308 448 2381; x_wconf 83' lang='lat' dir='ltr'><strong><em>coepsti</em></strong></span> <span class='ocrx_word' id='word_1_185' title='bbox 471 2305 592 2366; x_wconf 87' lang='lat' dir='ltr'><strong><em>sciens?</em></strong></span> <span class='ocrx_word' id='word_1_186' title='bbox 635 2304 762 2368; x_wconf 85' lang='lat' dir='ltr'><strong><em>Terent.</em></strong></span> <span class='ocrx_word' id='word_1_187' title='bbox 784 2303 910 2368; x_wconf 83' lang='lat' dir='ltr'><strong><em>Phornr.</em></strong></span> <span class='ocrx_word' id='word_1_188' title='bbox 934 2303 976 2380; x_wconf 90' lang='grc' dir='ltr'><strong><em>ΙΙ,</em></strong></span> <span class='ocrx_word' id='word_1_189' title='bbox 1000 2308 1029 2381; x_wconf 86' lang='grc'>3,</span> <span class='ocrx_word' id='word_1_190' title='bbox 1052 2307 1109 2367; x_wconf 70' lang='grc'><strong><em>802</em></strong></span> <span class='ocrx_word' id='word_1_191' title='bbox 1132 2307 1219 2365; x_wconf 85' lang='lat' dir='ltr'><strong><em>Itane</em></strong></span> <span class='ocrx_word' id='word_1_192' title='bbox 1243 2320 1324 2379; x_wconf 78' lang='lat' dir='ltr'><strong><em>espa</em></strong></span> 
     </span>
     <span class='ocr_line' id='line_1_21' title="bbox 187 2400 1323 2481; baseline -0.002 -19"><span class='ocrx_word' id='word_1_193' title='bbox 187 2411 270 2465; x_wconf 88' lang='lat' dir='ltr'><strong><em>ratus</em></strong></span> <span class='ocrx_word' id='word_1_194' title='bbox 292 2403 393 2464; x_wconf 85' lang='lat' dir='ltr'><strong><em>facere</em></strong></span> <span class='ocrx_word' id='word_1_195' title='bbox 415 2421 462 2463; x_wconf 76' lang='lat' dir='ltr'><strong><em>rrae</em></strong></span> <span class='ocrx_word' id='word_1_196' title='bbox 485 2404 645 2464; x_wconf 88' lang='lat' dir='ltr'><strong><em>advorsum</em></strong></span> <span class='ocrx_word' id='word_1_197' title='bbox 667 2406 774 2463; x_wconf 90' lang='lat' dir='ltr'><strong><em>omnia.</em></strong></span> <span class='ocrx_word' id='word_1_198' title='bbox 800 2401 916 2465; x_wconf 84' lang='lat' dir='ltr'><strong><em>Heaut.</em></strong></span> <span class='ocrx_word' id='word_1_199' title='bbox 932 2400 989 2479; x_wconf 90' lang='lat' dir='ltr'><strong><em>IV,</em></strong></span> <span class='ocrx_word' id='word_1_200' title='bbox 1015 2409 1041 2481; x_wconf 93' lang='grc'><strong><em>1,</em></strong></span> <span class='ocrx_word' id='word_1_201' title='bbox 1066 2406 1120 2466; x_wconf 87' lang='grc' dir='ltr'>1οε</span> <span class='ocrx_word' id='word_1_202' title='bbox 1144 2405 1274 2464; x_wconf 88' lang='lat' dir='ltr'><strong><em>Primum</em></strong></span> <span class='ocrx_word' id='word_1_203' title='bbox 1291 2403 1323 2461; x_wconf 88' lang='lat' dir='ltr'><strong><em>ho</em></strong></span> 
     </span>
     <span class='ocr_line' id='line_1_22' title="bbox 187 2501 1321 2577; baseline 0 -16"><span class='ocrx_word' id='word_1_204' title='bbox 187 2510 216 2562; x_wconf 88' lang='lat' dir='ltr'><strong><em>te</em></strong></span> <span class='ocrx_word' id='word_1_205' title='bbox 240 2519 307 2574; x_wconf 92' lang='lat' dir='ltr'><strong><em>oro,</em></strong></span> <span class='ocrx_word' id='word_1_206' title='bbox 342 2503 451 2577; x_wconf 86' lang='lat' dir='ltr'><strong><em>nequid</em></strong></span> <span class='ocrx_word' id='word_1_207' title='bbox 485 2502 591 2562; x_wconf 87' lang='lat' dir='ltr'><strong><em>credas</em></strong></span> <span class='ocrx_word' id='word_1_208' title='bbox 619 2517 666 2560; x_wconf 87' lang='lat' dir='ltr'><strong><em>mc</em></strong></span> <span class='ocrx_word' id='word_1_209' title='bbox 696 2501 857 2563; x_wconf 88' lang='lat' dir='ltr'><strong><em>advorsum</em></strong></span> <span class='ocrx_word' id='word_1_210' title='bbox 883 2502 1010 2562; x_wconf 70' lang='lat' dir='ltr'><strong><em>edictum</em></strong></span> <span class='ocrx_word' id='word_1_211' title='bbox 1036 2507 1119 2563; x_wconf 71' lang='lat' dir='ltr'><strong><em>uram</em></strong></span> <span class='ocrx_word' id='word_1_212' title='bbox 1141 2503 1257 2562; x_wconf 88' lang='lat' dir='ltr'><strong><em>Facere</em></strong></span> <span class='ocrx_word' id='word_1_213' title='bbox 1280 2517 1321 2561; x_wconf 85' lang='lat' dir='ltr'><strong><em>ess</em></strong></span> 
     </span>
     <span class='ocr_line' id='line_1_23' title="bbox 188 2597 1324 2677; baseline -0.001 -18"><span class='ocrx_word' id='word_1_214' title='bbox 188 2617 298 2659; x_wconf 87' lang='lat' dir='ltr'><strong><em>ausam.</em></strong></span> <span class='ocrx_word' id='word_1_215' title='bbox 344 2598 471 2660; x_wconf 85' lang='lat' dir='ltr'><strong><em>Phorm.</em></strong></span> <span class='ocrx_word' id='word_1_216' title='bbox 495 2597 519 2677; x_wconf 95' lang='grc' dir='ltr'>Ι,</span> <span class='ocrx_word' id='word_1_217' title='bbox 544 2604 574 2676; x_wconf 97' lang='grc'>2,</span> <span class='ocrx_word' id='word_1_218' title='bbox 598 2602 653 2662; x_wconf 85' lang='lat'><strong><em>28:</em></strong></span> <span class='ocrx_word' id='word_1_219' title='bbox 688 2619 755 2660; x_wconf 86' lang='lat' dir='ltr'><strong><em>nam</em></strong></span> <span class='ocrx_word' id='word_1_220' title='bbox 778 2620 855 2676; x_wconf 87' lang='lat' dir='ltr'><strong><em>quae</em></strong></span> <span class='ocrx_word' id='word_1_221' title='bbox 884 2603 1033 2661; x_wconf 87' lang='lat' dir='ltr'><strong><em>inscitiust</em></strong></span> <span class='ocrx_word' id='word_1_222' title='bbox 1054 2601 1226 2660; x_wconf 78' lang='lat' dir='ltr'><strong><em>Advorsum</em></strong></span> <span class='ocrx_word' id='word_1_223' title='bbox 1248 2600 1324 2660; x_wconf 80' lang='lat' dir='ltr'><strong><em>stimu</em></strong></span> 
     </span>
     <span class='ocr_line' id='line_1_24' title="bbox 187 2698 381 2757; baseline -0.005 -2"><span class='ocrx_word' id='word_1_224' title='bbox 187 2698 248 2757; x_wconf 81' lang='lat' dir='ltr'><strong><em>iram</em></strong></span> <span class='ocrx_word' id='word_1_225' title='bbox 270 2700 381 2757; x_wconf 89' lang='lat' dir='ltr'><strong><em>calces!</em></strong></span> 
     </span>
    </p>

    <p class='ocr_par' dir='ltr' id='par_1_3' title="bbox 189 2792 1324 3069">
     <span class='ocr_line' id='line_1_25' title="bbox 272 2792 1324 2875; baseline 0.003 -24"><span class='ocrx_word' id='word_1_226' title='bbox 272 2795 332 2852; x_wconf 80' lang='lat' dir='ltr'><strong><em>Aru</em></strong></span> <span class='ocrx_word' id='word_1_227' title='bbox 355 2793 474 2872; x_wconf 87' lang='lat' dir='ltr'><strong><em>legitur</em></strong></span> <span class='ocrx_word' id='word_1_228' title='bbox 496 2794 582 2872; x_wconf 87' lang='lat' dir='ltr'><strong><em>apud</em></strong></span> <span class='ocrx_word' id='word_1_229' title='bbox 605 2792 758 2858; x_wconf 83' lang='lat' dir='ltr'><strong><em>Catonem</em></strong></span> <span class='ocrx_word' id='word_1_230' title='bbox 782 2794 815 2858; x_wconf 89' lang='lat' dir='ltr'><strong><em>iu</em></strong></span> <span class='ocrx_word' id='word_1_231' title='bbox 838 2794 939 2875; x_wconf 83' lang='lat' dir='ltr'><strong><em>origg.</em></strong></span> <span class='ocrx_word' id='word_1_232' title='bbox 969 2813 1020 2875; x_wconf 88' lang='lat' dir='ltr'><strong><em>ap.</em></strong></span> <span class='ocrx_word' id='word_1_233' title='bbox 1044 2794 1245 2858; x_wconf 85' lang='lat' dir='ltr'><strong><em>Macrobium</em></strong></span> <span class='ocrx_word' id='word_1_234' title='bbox 1267 2793 1292 2867; x_wconf 84' lang='grc' dir='ltr'>Ι,</span> <span class='ocrx_word' id='word_1_235' title='bbox 1318 2815 1324 2854; x_wconf 82' lang='lat' dir='ltr'><strong><em>r</em></strong></span> 
     </span>
     <span class='ocr_line' id='line_1_26' title="bbox 190 2891 1324 2974; baseline 0.003 -22"><span class='ocrx_word' id='word_1_236' title='bbox 190 2895 243 2952; x_wconf 85' lang='lat'><strong><em>14:</em></strong></span> <span class='ocrx_word' id='word_1_237' title='bbox 267 2894 486 2952; x_wconf 80' lang='lat' dir='ltr'><strong><em>amterminum</em></strong></span> <span class='ocrx_word' id='word_1_238' title='bbox 510 2891 568 2967; x_wconf 82' lang='lat' dir='ltr'><strong><em>(sic</em></strong></span> <span class='ocrx_word' id='word_1_239' title='bbox 589 2892 745 2956; x_wconf 79' lang='lat' dir='ltr'><strong><em>londanus</em></strong></span> <span class='ocrx_word' id='word_1_240' title='bbox 761 2910 779 2955; x_wconf 93' lang='grc' dir='ltr'>ο</span> <span class='ocrx_word' id='word_1_241' title='bbox 795 2892 862 2957; x_wconf 89' lang='lat' dir='ltr'><strong><em>cod.</em></strong></span> <span class='ocrx_word' id='word_1_242' title='bbox 879 2893 1005 2974; x_wconf 84' lang='lat' dir='ltr'><strong><em>regio).</em></strong></span> <span class='ocrx_word' id='word_1_243' title='bbox 1042 2892 1239 2958; x_wconf 83' lang='lat' dir='ltr'><strong><em>Macrobius:</em></strong></span> <span class='ocrx_word' id='word_1_244' title='bbox 1266 2891 1324 2971; x_wconf 75' lang='lat' dir='ltr'><strong><em>„Vc</em></strong></span> 
     </span>
     <span class='ocr_line' id='line_1_27' title="bbox 189 2990 941 3069; baseline 0.007 -20"><span class='ocrx_word' id='word_1_245' title='bbox 189 2995 274 3050; x_wconf 84' lang='lat' dir='ltr'><strong><em>teres</em></strong></span> <span class='ocrx_word' id='word_1_246' title='bbox 297 3008 337 3049; x_wconf 87' lang='lat' dir='ltr'><strong><em>au</em></strong></span> <span class='ocrx_word' id='word_1_247' title='bbox 359 3005 416 3067; x_wconf 88' lang='lat' dir='ltr'><strong><em>pro</em></strong></span> <span class='ocrx_word' id='word_1_248' title='bbox 439 2991 552 3050; x_wconf 74' lang='lat' dir='ltr'><strong><em>arcuum</em></strong></span> <span class='ocrx_word' id='word_1_249' title='bbox 575 3007 693 3069; x_wconf 88' lang='lat' dir='ltr'><strong><em>ponere</em></strong></span> <span class='ocrx_word' id='word_1_250' title='bbox 716 2990 941 3054; x_wconf 85' lang='lat' dir='ltr'><strong><em>consuerunt.“</em></strong></span> 
     </span>
    </p>

    <p class='ocr_par' dir='ltr' id='par_1_4' title="bbox 182 3085 1324 4442">
     <span class='ocr_line' id='line_1_28' title="bbox 274 3085 1324 3168; baseline 0.009 -25"><span class='ocrx_word' id='word_1_251' title='bbox 274 3086 354 3145; x_wconf 83' lang='lat' dir='ltr'><strong><em>Ante</em></strong></span> <span class='ocrx_word' id='word_1_252' title='bbox 376 3085 493 3148; x_wconf 89' lang='lat' dir='ltr'><strong><em>dicitur</em></strong></span> <span class='ocrx_word' id='word_1_253' title='bbox 515 3092 548 3150; x_wconf 91' lang='lat' dir='ltr'><strong><em>et</em></strong></span> <span class='ocrx_word' id='word_1_254' title='bbox 570 3087 610 3150; x_wconf 90' lang='lat' dir='ltr'><strong><em>de</em></strong></span> <span class='ocrx_word' id='word_1_255' title='bbox 632 3086 702 3152; x_wconf 90' lang='lat' dir='ltr'><strong><em>loco</em></strong></span> <span class='ocrx_word' id='word_1_256' title='bbox 723 3093 756 3151; x_wconf 89' lang='lat' dir='ltr'><strong><em>et</em></strong></span> <span class='ocrx_word' id='word_1_257' title='bbox 776 3087 817 3152; x_wconf 92' lang='lat' dir='ltr'><strong><em>de</em></strong></span> <span class='ocrx_word' id='word_1_258' title='bbox 833 3095 977 3168; x_wconf 86' lang='lat' dir='ltr'><strong><em>ternpore</em></strong></span> <span class='ocrx_word' id='word_1_259' title='bbox 1000 3092 1032 3151; x_wconf 87' lang='lat' dir='ltr'><strong><em>et</em></strong></span> <span class='ocrx_word' id='word_1_260' title='bbox 1053 3087 1092 3151; x_wconf 90' lang='lat' dir='ltr'><strong><em>de</em></strong></span> <span class='ocrx_word' id='word_1_261' title='bbox 1109 3089 1324 3168; x_wconf 85' lang='lat' dir='ltr'><strong><em>comparation</em></strong></span> 
     </span>
     <span class='ocr_line' id='line_1_29' title="bbox 190 3183 1324 3263; baseline 0.004 -20"><span class='ocrx_word' id='word_1_262' title='bbox 190 3198 297 3244; x_wconf 89' lang='lat' dir='ltr'><strong><em>rerum</em></strong></span> <span class='ocrx_word' id='word_1_263' title='bbox 326 3183 574 3262; x_wconf 84' lang='lat' dir='ltr'><strong><em>praestantium,</em></strong></span> <span class='ocrx_word' id='word_1_264' title='bbox 609 3202 690 3263; x_wconf 86' lang='lat' dir='ltr'><strong><em>quae</em></strong></span> <span class='ocrx_word' id='word_1_265' title='bbox 721 3191 796 3250; x_wconf 89' lang='lat' dir='ltr'><strong><em>suut</em></strong></span> <span class='ocrx_word' id='word_1_266' title='bbox 825 3188 922 3249; x_wconf 85' lang='lat' dir='ltr'><strong><em>verba</em></strong></span> <span class='ocrx_word' id='word_1_267' title='bbox 949 3186 1070 3250; x_wconf 89' lang='lat' dir='ltr'><strong><em>Handii</em></strong></span> <span class='ocrx_word' id='word_1_268' title='bbox 1096 3187 1127 3249; x_wconf 93' lang='lat' dir='ltr'><strong><em>in</em></strong></span> <span class='ocrx_word' id='word_1_269' title='bbox 1153 3185 1324 3251; x_wconf 82' lang='lat' dir='ltr'><strong><em>Turselliur</em></strong></span> 
     </span>
     <span class='ocr_line' id='line_1_30' title="bbox 187 3281 1324 3365; baseline 0.004 -22"><span class='ocrx_word' id='word_1_270' title='bbox 187 3281 271 3360; x_wconf 88' lang='lat' dir='ltr'><strong><em>apud</em></strong></span> <span class='ocrx_word' id='word_1_271' title='bbox 303 3298 395 3359; x_wconf 84' lang='lat' dir='ltr'><strong><em>quem</em></strong></span> <span class='ocrx_word' id='word_1_272' title='bbox 427 3281 498 3344; x_wconf 81' lang='lat' dir='ltr'><strong><em>vide</em></strong></span> <span class='ocrx_word' id='word_1_273' title='bbox 527 3281 628 3346; x_wconf 88' lang='lat' dir='ltr'><strong><em>multa</em></strong></span> <span class='ocrx_word' id='word_1_274' title='bbox 659 3285 803 3364; x_wconf 83' lang='lat' dir='ltr'><strong><em>exempla</em></strong></span> <span class='ocrx_word' id='word_1_275' title='bbox 825 3284 964 3348; x_wconf 87' lang='lat' dir='ltr'><strong><em>cuiusvis</em></strong></span> <span class='ocrx_word' id='word_1_276' title='bbox 987 3284 1122 3364; x_wconf 88' lang='lat' dir='ltr'><strong><em>generis.</em></strong></span> <span class='ocrx_word' id='word_1_277' title='bbox 1166 3282 1248 3348; x_wconf 86' lang='lat' dir='ltr'><strong><em>Cato</em></strong></span> <span class='ocrx_word' id='word_1_278' title='bbox 1271 3303 1324 3365; x_wconf 79' lang='lat' dir='ltr'><strong><em>apr</em></strong></span> 
     </span>
     <span class='ocr_line' id='line_1_31' title="bbox 187 3375 1324 3460; baseline 0.006 -22"><span class='ocrx_word' id='word_1_279' title='bbox 187 3375 396 3456; x_wconf 85' lang='lat' dir='ltr'><strong><em>phthegmata</em></strong></span> <span class='ocrx_word' id='word_1_280' title='bbox 418 3377 516 3450; x_wconf 86' lang='lat' dir='ltr'><strong><em>(Lion.</em></strong></span> <span class='ocrx_word' id='word_1_281' title='bbox 530 3382 583 3454; x_wconf 86' lang='grc'><strong><em>96)</em></strong></span> <span class='ocrx_word' id='word_1_282' title='bbox 606 3397 656 3460; x_wconf 86' lang='lat' dir='ltr'><strong><em>ap.</em></strong></span> <span class='ocrx_word' id='word_1_283' title='bbox 675 3380 755 3445; x_wconf 88' lang='lat' dir='ltr'><strong><em>Piin.</em></strong></span> <span class='ocrx_word' id='word_1_284' title='bbox 773 3380 846 3445; x_wconf 80' lang='lat' dir='ltr'><strong><em>hist.</em></strong></span> <span class='ocrx_word' id='word_1_285' title='bbox 862 3387 927 3444; x_wconf 89' lang='lat' dir='ltr'><strong><em>nat.</em></strong></span> <span class='ocrx_word' id='word_1_286' title='bbox 947 3388 994 3460; x_wconf 86' lang='grc'><strong><em>15,</em></strong></span> <span class='ocrx_word' id='word_1_287' title='bbox 1021 3387 1059 3445; x_wconf 86' lang='grc'>18</span> <span class='ocrx_word' id='word_1_288' title='bbox 1083 3384 1163 3459; x_wconf 60' lang='grc'>(20)</span> <span class='ocrx_word' id='word_1_289' title='bbox 1187 3386 1324 3459; x_wconf 80' lang='lat' dir='ltr'><strong><em>Interrog</em></strong></span> 
     </span>
     <span class='ocr_line' id='line_1_32' title="bbox 186 3477 1324 3555; baseline 0.002 -21"><span class='ocrx_word' id='word_1_290' title='bbox 186 3493 237 3536; x_wconf 90' lang='lat' dir='ltr'><strong><em>vos</em></strong></span> <span class='ocrx_word' id='word_1_291' title='bbox 260 3508 300 3517; x_wconf 90' lang='lat'>—</span> <span class='ocrx_word' id='word_1_292' title='bbox 325 3477 442 3551; x_wconf 85' lang='lat' dir='ltr'><strong><em>quando</em></strong></span> <span class='ocrx_word' id='word_1_293' title='bbox 465 3479 542 3537; x_wconf 88' lang='lat' dir='ltr'><strong><em>hauc</em></strong></span> <span class='ocrx_word' id='word_1_294' title='bbox 566 3497 684 3553; x_wconf 86' lang='lat' dir='ltr'><strong><em>pomum</em></strong></span> <span class='ocrx_word' id='word_1_295' title='bbox 708 3480 836 3540; x_wconf 83' lang='lat' dir='ltr'><strong><em>demtum</em></strong></span> <span class='ocrx_word' id='word_1_296' title='bbox 860 3485 972 3555; x_wconf 86' lang='lat' dir='ltr'><strong><em>putetis</em></strong></span> <span class='ocrx_word' id='word_1_297' title='bbox 1000 3500 1035 3541; x_wconf 82' lang='lat' dir='ltr'><strong><em>er</em></strong></span> <span class='ocrx_word' id='word_1_298' title='bbox 1064 3481 1195 3541; x_wconf 83' lang='lat' dir='ltr'><strong><em>arbore?</em></strong></span> <span class='ocrx_word' id='word_1_299' title='bbox 1222 3513 1267 3524; x_wconf 89' lang='lat'><strong>—</strong></span> <span class='ocrx_word' id='word_1_300' title='bbox 1293 3487 1324 3542; x_wconf 80' lang='grc' dir='ltr'><strong><em>Δ)</em></strong></span> 
     </span>
     <span class='ocr_line' id='line_1_33' title="bbox 187 3575 1324 3656; baseline 0.009 -25"><span class='ocrx_word' id='word_1_301' title='bbox 187 3575 239 3647; x_wconf 86' lang='lat' dir='ltr'><strong><em>qui</em></strong></span> <span class='ocrx_word' id='word_1_302' title='bbox 265 3576 384 3633; x_wconf 85' lang='lat' dir='ltr'><strong><em>tortium</em></strong></span> <span class='ocrx_word' id='word_1_303' title='bbox 398 3604 438 3614; x_wconf 91' lang='lat'><em>-</em></span> <span class='ocrx_word' id='word_1_304' title='bbox 453 3580 522 3634; x_wconf 74' lang='lat' dir='ltr'><strong><em>avite</em></strong></span> <span class='ocrx_word' id='word_1_305' title='bbox 545 3575 622 3634; x_wconf 81' lang='lat' dir='ltr'><strong><em>diam</em></strong></span> <span class='ocrx_word' id='word_1_306' title='bbox 633 3579 741 3638; x_wconf 86' lang='lat' dir='ltr'><strong><em>scitote</em></strong></span> <span class='ocrx_word' id='word_1_307' title='bbox 758 3579 931 3653; x_wconf 84' lang='lat' dir='ltr'><strong><em>decerptam</em></strong></span> <span class='ocrx_word' id='word_1_308' title='bbox 948 3580 1142 3656; x_wconf 79' lang='lat' dir='ltr'><strong><em>Carthagine:</em></strong></span> <span class='ocrx_word' id='word_1_309' title='bbox 1166 3586 1228 3639; x_wconf 90' lang='lat' dir='ltr'><strong><em>tam</em></strong></span> <span class='ocrx_word' id='word_1_310' title='bbox 1251 3599 1324 3655; x_wconf 81' lang='lat' dir='ltr'><strong><em>prop</em></strong></span> 
     </span>
     <span class='ocr_line' id='line_1_34' title="bbox 185 3671 1324 3753; baseline 0.008 -24"><span class='ocrx_word' id='word_1_311' title='bbox 185 3688 203 3729; x_wconf 88' lang='lat' dir='ltr'><strong><em>a</em></strong></span> <span class='ocrx_word' id='word_1_312' title='bbox 227 3673 319 3731; x_wconf 89' lang='lat' dir='ltr'><strong><em>muris</em></strong></span> <span class='ocrx_word' id='word_1_313' title='bbox 343 3671 484 3732; x_wconf 85' lang='lat' dir='ltr'><strong><em>habemus</em></strong></span> <span class='ocrx_word' id='word_1_314' title='bbox 508 3674 631 3735; x_wconf 87' lang='lat' dir='ltr'><strong><em>hostem.</em></strong></span> <span class='ocrx_word' id='word_1_315' title='bbox 670 3673 765 3738; x_wconf 85' lang='lat' dir='ltr'><strong><em>Ennii</em></strong></span> <span class='ocrx_word' id='word_1_316' title='bbox 781 3675 884 3737; x_wconf 81' lang='lat' dir='ltr'><strong><em>annal.</em></strong></span> <span class='ocrx_word' id='word_1_317' title='bbox 900 3675 920 3738; x_wconf 88' lang='lat' dir='ltr'><strong><em>l.</em></strong></span> <span class='ocrx_word' id='word_1_318' title='bbox 934 3676 989 3749; x_wconf 83' lang='lat' dir='ltr'><strong><em>lx,</em></strong></span> <span class='ocrx_word' id='word_1_319' title='bbox 1014 3675 1094 3753; x_wconf 52' lang='grc'>18,</span> <span class='ocrx_word' id='word_1_320' title='bbox 1119 3696 1146 3738; x_wconf 83' lang='lat' dir='ltr'><strong><em>u.</em></strong></span> <span class='ocrx_word' id='word_1_321' title='bbox 1161 3682 1241 3739; x_wconf 80' lang='lat'>314:</span> <span class='ocrx_word' id='word_1_322' title='bbox 1266 3680 1324 3738; x_wconf 76' lang='lat' dir='ltr'><strong><em>Noc</em></strong></span> 
     </span>
     <span class='ocr_line' id='line_1_35' title="bbox 185 3771 1324 3853; baseline 0.009 -28"><span class='ocrx_word' id='word_1_323' title='bbox 185 3785 252 3826; x_wconf 88' lang='lat' dir='ltr'><strong><em>num</em></strong></span> <span class='ocrx_word' id='word_1_324' title='bbox 266 3786 399 3828; x_wconf 86' lang='lat' dir='ltr'><strong><em>rumores</em></strong></span> <span class='ocrx_word' id='word_1_325' title='bbox 415 3771 546 3842; x_wconf 84' lang='lat' dir='ltr'><strong><em>ponebat</em></strong></span> <span class='ocrx_word' id='word_1_326' title='bbox 562 3776 631 3831; x_wconf 74' lang='lat' dir='ltr'><strong><em>arete</em></strong></span> <span class='ocrx_word' id='word_1_327' title='bbox 642 3775 776 3833; x_wconf 84' lang='lat' dir='ltr'><strong><em>satutem.</em></strong></span> <span class='ocrx_word' id='word_1_328' title='bbox 801 3772 986 3853; x_wconf 81' lang='lat' dir='ltr'><strong><em>Iphigeniae</em></strong></span> <span class='ocrx_word' id='word_1_329' title='bbox 1002 3773 1039 3839; x_wconf 82' lang='lat' dir='ltr'><strong><em>fr.</em></strong></span> <span class='ocrx_word' id='word_1_330' title='bbox 1053 3780 1099 3852; x_wconf 88' lang='grc'><strong><em>13,</em></strong></span> <span class='ocrx_word' id='word_1_331' title='bbox 1118 3793 1145 3834; x_wconf 82' lang='lat' dir='ltr'><strong><em>u.</em></strong></span> <span class='ocrx_word' id='word_1_332' title='bbox 1156 3781 1196 3838; x_wconf 84' lang='grc'><strong><em>27</em></strong></span> <span class='ocrx_word' id='word_1_333' title='bbox 1200 3781 1234 3836; x_wconf 84' lang='grc'><strong><em>7;</em></strong></span> <span class='ocrx_word' id='word_1_334' title='bbox 1260 3779 1324 3850; x_wconf 81' lang='lat' dir='ltr'><strong><em>Quo</em></strong></span> 
     </span>
     <span class='ocr_line' id='line_1_36' title="bbox 186 3864 1324 3949; baseline 0.007 -26"><span class='ocrx_word' id='word_1_335' title='bbox 186 3872 233 3924; x_wconf 89' lang='lat' dir='ltr'><strong><em>est</em></strong></span> <span class='ocrx_word' id='word_1_336' title='bbox 257 3870 325 3923; x_wconf 86' lang='lat' dir='ltr'><strong><em>aute</em></strong></span> <span class='ocrx_word' id='word_1_337' title='bbox 349 3867 446 3938; x_wconf 77' lang='lat' dir='ltr'><strong><em>poda.</em></strong></span> <span class='ocrx_word' id='word_1_338' title='bbox 492 3864 586 3929; x_wconf 82' lang='lat' dir='ltr'><strong><em>Ennii</em></strong></span> <span class='ocrx_word' id='word_1_339' title='bbox 609 3868 711 3933; x_wconf 85' lang='lat' dir='ltr'><strong><em>annal.</em></strong></span> <span class='ocrx_word' id='word_1_340' title='bbox 735 3868 755 3932; x_wconf 90' lang='grc'>1.</span> <span class='ocrx_word' id='word_1_341' title='bbox 779 3869 851 3948; x_wconf 81' lang='lat' dir='ltr'>vll,</span> <span class='ocrx_word' id='word_1_342' title='bbox 874 3872 910 3935; x_wconf 85' lang='lat' dir='ltr'><strong><em>fr.</em></strong></span> <span class='ocrx_word' id='word_1_343' title='bbox 938 3877 969 3949; x_wconf 93' lang='grc'><strong><em>1,</em></strong></span> <span class='ocrx_word' id='word_1_344' title='bbox 998 3892 1026 3934; x_wconf 84' lang='lat' dir='ltr'><strong><em>r.</em></strong></span> <span class='ocrx_word' id='word_1_345' title='bbox 1052 3878 1128 3937; x_wconf 79' lang='lat'><strong>225:</strong></span> <span class='ocrx_word' id='word_1_346' title='bbox 1163 3883 1233 3935; x_wconf 84' lang='lat' dir='ltr'><strong><em>aute</em></strong></span> <span class='ocrx_word' id='word_1_347' title='bbox 1258 3876 1324 3934; x_wconf 71' lang='lat' dir='ltr'><strong><em>hun·</em></strong></span> 
     </span>
     <span class='ocr_line' id='line_1_37' title="bbox 182 3958 1324 4040; baseline 0.007 -19"><span class='ocrx_word' id='word_1_348' title='bbox 182 3958 286 4024; x_wconf 86' lang='lat' dir='ltr'><strong><em>Plaut.</em></strong></span> <span class='ocrx_word' id='word_1_349' title='bbox 304 3962 390 4025; x_wconf 82' lang='lat' dir='ltr'><strong><em>Asin.</em></strong></span> <span class='ocrx_word' id='word_1_350' title='bbox 413 3961 450 4039; x_wconf 88' lang='lat' dir='ltr'><strong><em>V,</em></strong></span> <span class='ocrx_word' id='word_1_351' title='bbox 474 3968 502 4040; x_wconf 87' lang='grc'>2,</span> <span class='ocrx_word' id='word_1_352' title='bbox 526 3968 560 4027; x_wconf 83' lang='lat'><strong><em>8:</em></strong></span> <span class='ocrx_word' id='word_1_353' title='bbox 584 3971 623 4028; x_wconf 79' lang='lat' dir='ltr'><strong><em>At</em></strong></span> <span class='ocrx_word' id='word_1_354' title='bbox 646 3987 722 4028; x_wconf 90' lang='lat' dir='ltr'><strong><em>nunc</em></strong></span> <span class='ocrx_word' id='word_1_355' title='bbox 746 3971 855 4029; x_wconf 90' lang='lat' dir='ltr'><strong><em>dehinc</em></strong></span> <span class='ocrx_word' id='word_1_356' title='bbox 879 3974 954 4031; x_wconf 87' lang='lat' dir='ltr'><strong><em>scito</em></strong></span> <span class='ocrx_word' id='word_1_357' title='bbox 976 3974 1059 4031; x_wconf 90' lang='lat' dir='ltr'><strong><em>illum</em></strong></span> <span class='ocrx_word' id='word_1_358' title='bbox 1083 3978 1151 4032; x_wconf 80' lang='lat' dir='ltr'><strong><em>aute</em></strong></span> <span class='ocrx_word' id='word_1_359' title='bbox 1173 3976 1271 4032; x_wconf 74' lang='lat' dir='ltr'><strong><em>ommis</em></strong></span> <span class='ocrx_word' id='word_1_360' title='bbox 1292 3991 1324 4031; x_wconf 80' lang='lat' dir='ltr'><strong><em>m:</em></strong></span> 
     </span>
     <span class='ocr_line' id='line_1_38' title="bbox 183 4062 1324 4145; baseline 0.014 -27"><span class='ocrx_word' id='word_1_361' title='bbox 183 4063 264 4118; x_wconf 90' lang='lat' dir='ltr'><strong><em>numi</em></strong></span> <span class='ocrx_word' id='word_1_362' title='bbox 287 4065 442 4122; x_wconf 88' lang='lat' dir='ltr'><strong><em>mortalem</em></strong></span> <span class='ocrx_word' id='word_1_363' title='bbox 473 4065 562 4136; x_wconf 88' lang='lat' dir='ltr'><strong><em>preti.</em></strong></span> <span class='ocrx_word' id='word_1_364' title='bbox 607 4062 702 4129; x_wconf 85' lang='lat' dir='ltr'><strong><em>Most.</em></strong></span> <span class='ocrx_word' id='word_1_365' title='bbox 726 4065 751 4145; x_wconf 93' lang='grc' dir='ltr'>Ι,</span> <span class='ocrx_word' id='word_1_366' title='bbox 778 4073 805 4145; x_wconf 92' lang='lat' dir='ltr'><strong><em>l,</em></strong></span> <span class='ocrx_word' id='word_1_367' title='bbox 829 4072 863 4130; x_wconf 86' lang='lat'><strong><em>6:</em></strong></span> <span class='ocrx_word' id='word_1_368' title='bbox 899 4071 947 4130; x_wconf 87' lang='lat' dir='ltr'><strong><em>hic</em></strong></span> <span class='ocrx_word' id='word_1_369' title='bbox 970 4077 1038 4130; x_wconf 86' lang='lat' dir='ltr'><strong><em>autc</em></strong></span> <span class='ocrx_word' id='word_1_370' title='bbox 1059 4071 1151 4132; x_wconf 75' lang='lat' dir='ltr'><strong><em>ardu.</em></strong></span> <span class='ocrx_word' id='word_1_371' title='bbox 1195 4069 1324 4133; x_wconf 64' lang='lat' dir='ltr'><strong><em>Most*</em></strong></span> 
     </span>
     <span class='ocr_line' id='line_1_39' title="bbox 182 4159 1324 4236; baseline 0.011 -18"><span class='ocrx_word' id='word_1_372' title='bbox 182 4159 244 4218; x_wconf 86' lang='grc'>817</span> <span class='ocrx_word' id='word_1_373' title='bbox 268 4161 302 4220; x_wconf 92' lang='lat' dir='ltr'><strong><em>et</em></strong></span> <span class='ocrx_word' id='word_1_374' title='bbox 326 4160 421 4219; x_wconf 80' lang='lat'>1066:</span> <span class='ocrx_word' id='word_1_375' title='bbox 457 4163 647 4236; x_wconf 79' lang='lat' dir='ltr'><strong><em>antecedis,</em></strong></span> <span class='ocrx_word' id='word_1_376' title='bbox 681 4163 758 4227; x_wconf 86' lang='lat' dir='ltr'><strong><em>item</em></strong></span> <span class='ocrx_word' id='word_1_377' title='bbox 781 4164 879 4230; x_wconf 87' lang='lat' dir='ltr'><strong><em>Merc.</em></strong></span> <span class='ocrx_word' id='word_1_378' title='bbox 903 4183 930 4228; x_wconf 90' lang='lat' dir='ltr'><strong><em>v.</em></strong></span> <span class='ocrx_word' id='word_1_379' title='bbox 954 4171 1013 4229; x_wconf 87' lang='grc'>821</span> <span class='ocrx_word' id='word_1_380' title='bbox 1048 4171 1081 4230; x_wconf 87' lang='lat' dir='ltr'><strong><em>ot</em></strong></span> <span class='ocrx_word' id='word_1_381' title='bbox 1102 4166 1192 4233; x_wconf 88' lang='lat' dir='ltr'><strong><em>Pers.</em></strong></span> <span class='ocrx_word' id='word_1_382' title='bbox 1216 4184 1246 4231; x_wconf 89' lang='lat' dir='ltr'><strong><em>v.</em></strong></span> <span class='ocrx_word' id='word_1_383' title='bbox 1272 4170 1324 4231; x_wconf 82' lang='lat' dir='ltr'><strong><em>73i</em></strong></span> 
     </span>
     <span class='ocr_line' id='line_1_40' title="bbox 184 4249 1324 4342; baseline 0.012 -30"><span class='ocrx_word' id='word_1_384' title='bbox 184 4249 280 4315; x_wconf 81' lang='lat' dir='ltr'><strong><em>Mero.</em></strong></span> <span class='ocrx_word' id='word_1_385' title='bbox 306 4252 361 4331; x_wconf 84' lang='lat' dir='ltr'><strong><em>IV,</em></strong></span> <span class='ocrx_word' id='word_1_386' title='bbox 383 4260 413 4332; x_wconf 89' lang='grc'>4,</span> <span class='ocrx_word' id='word_1_387' title='bbox 437 4259 495 4319; x_wconf 87' lang='lat'><strong><em>40:</em></strong></span> <span class='ocrx_word' id='word_1_388' title='bbox 533 4263 725 4333; x_wconf 83' lang='lat' dir='ltr'><strong><em>antepedes.</em></strong></span> <span class='ocrx_word' id='word_1_389' title='bbox 772 4262 864 4326; x_wconf 87' lang='lat' dir='ltr'><strong><em>Truc.</em></strong></span> <span class='ocrx_word' id='word_1_390' title='bbox 890 4263 914 4339; x_wconf 82' lang='lat'><strong><em>1,</em></strong></span> <span class='ocrx_word' id='word_1_391' title='bbox 944 4271 972 4342; x_wconf 85' lang='grc'>2,</span> <span class='ocrx_word' id='word_1_392' title='bbox 1006 4270 1060 4328; x_wconf 84' lang='grc'><strong><em>73;</em></strong></span> <span class='ocrx_word' id='word_1_393' title='bbox 1097 4268 1174 4337; x_wconf 83' lang='lat' dir='ltr'><strong><em>Cur,</em></strong></span> <span class='ocrx_word' id='word_1_394' title='bbox 1206 4269 1324 4327; x_wconf 77' lang='lat' dir='ltr'><strong><em>obsecr&lt;</em></strong></span> 
     </span>
     <span class='ocr_line' id='line_1_41' title="bbox 184 4354 1324 4442; baseline 0.016 -35"><span class='ocrx_word' id='word_1_395' title='bbox 184 4366 256 4424; x_wconf 89' lang='lat' dir='ltr'><strong><em>ergo</em></strong></span> <span class='ocrx_word' id='word_1_396' title='bbox 281 4358 349 4412; x_wconf 80' lang='lat' dir='ltr'><strong><em>arcte</em></strong></span> <span class='ocrx_word' id='word_1_397' title='bbox 371 4354 477 4414; x_wconf 84' lang='lat' dir='ltr'><strong><em>ostium</em></strong></span> <span class='ocrx_word' id='word_1_398' title='bbox 498 4373 554 4430; x_wconf 85' lang='lat' dir='ltr'><strong><em>pro</em></strong></span> <span class='ocrx_word' id='word_1_399' title='bbox 577 4358 678 4431; x_wconf 86' lang='lat' dir='ltr'><strong><em>ignoto</em></strong></span> <span class='ocrx_word' id='word_1_400' title='bbox 701 4363 857 4437; x_wconf 85' lang='lat' dir='ltr'><strong><em>alienoque</em></strong></span> <span class='ocrx_word' id='word_1_401' title='bbox 881 4365 1002 4425; x_wconf 81' lang='lat' dir='ltr'><strong><em>adstas?</em></strong></span> <span class='ocrx_word' id='word_1_402' title='bbox 1025 4363 1118 4427; x_wconf 84' lang='lat' dir='ltr'><strong><em>Most.</em></strong></span> <span class='ocrx_word' id='word_1_403' title='bbox 1135 4362 1194 4441; x_wconf 89' lang='lat'>111,</span> <span class='ocrx_word' id='word_1_404' title='bbox 1217 4365 1324 4442; x_wconf 64' lang='grc'>2108</span> 
     </span>
    </p>
   </div>
   <div class='ocr_carea' id='block_1_3' title="bbox 0 0 1568 5075">
    <p class='ocr_par' dir='ltr' id='par_1_5' title="bbox 0 0 1568 5075">
     <span class='ocr_line' id='line_1_42' title="bbox 0 0 1568 5075; baseline 0 1"><span class='ocrx_word' id='word_1_405' title='bbox 0 0 1568 5075; x_wconf 95' lang='lat' dir='ltr'><strong><em> </em></strong></span> 
     </span>
    </p>
   </div>
  </div>
 </body>
</html>
