3125 5075
550 370 579 408 11.
606 370 775 410 Paoaolsslln
791 370 1044 414 Dauoasuanarva
1147 386 1149 390 ¹
1295 384 1357 443 369

208 561 337 619 monem,
359 542 402 608 ad
423 559 453 624 q.
474 543 495 607 l.
516 544 694 610 Boxhorn.:
717 548 803 616 „Hoc
823 543 972 619 δεικτικῶς
994 546 1123 613 dicitnr:
1145 565 1270 629 nempe,
1291 565 1361 614 ma·

206 639 267 706 lum
288 645 349 706 ant
369 639 497 722 mlnna,
519 659 583 722 quo
599 643 755 708 unoculus
769 642 873 709 tactus
894 662 974 725 sum,
997 645 1162 726 catapulta
1183 645 1292 726 ictum,
1312 646 1361 712 in·

203 736 322 804 monn
335 738 415 803 mihi
429 737 510 804 θεῖτ’*
553 739 643 806 Pers.
666 760 695 806 v.
720 747 797 807 712:
819 746 865 804 Ne
888 743 937 804 itio
958 746 1013 806 tibi
1034 746 1099 808 dieo
1120 748 1228 807 inluxit
1250 747 1360 807 lucrifi-

204 839 318 899 cubilia.
358 836 496 915 Peral,
531 845 557 917 l,
581 843 636 903 38:
670 843 751 915 Quos
773 844 914 903 continno
936 844 991 903 tibi
1013 861 1156 919 reponam
1185 845 1240 905 loc
1261 847 1361 905 triduo

201 944 251 997 ant
271 937 457 1011 quadriduo,
492 934 523 999 h.
547 954 574 1001 e.
595 938 793 1018 proximo.²‘)
844 937 957 1003 Bacch.
984 956 1013 1000 v.
1047 944 1145 1004 1205:
1176 944 1293 1018 Vesper
1314 944 1363 1004 laic

200 1041 255 1108 eat,
276 1030 440 1104 δεικτικῶς.
466 1033 563 1099 Most
586 1035 628 1115 II,
647 1042 674 1113 l,
696 1040 751 1101 46:
775 1040 854 1112 Quid
875 1040 975 1114 igitur,
992 1041 1018 1100 si
1040 1042 1179 1100 abeamus
1194 1041 1264 1100 hinc
1287 1040 1364 1104 nos?

202 1130 263 1204 ΤΚ
286 1131 363 1191 Non
384 1133 438 1192 hoo
459 1134 555 1209 wopa,
584 1136 759 1210 Delphinm,
787 1131 947 1210 δεικτικῶς,
974 1153 1010 1199 re
1032 1135 1140 1216 aliqua
1159 1135 1290 1201 minima
1309 1135 1364 1202 de·

202 1233 391 1295 monstrata
415 1228 454 1293 cf.
477 1230 564 1295 Trio.
580 1231 622 1309 ΙΙ,
643 1239 673 1310 4,
690 1236 745 1296 82:
769 1235 839 1293 Noa
861 1235 955 1294 hercle
970 1238 1024 1295 hoc
1045 1238 1137 1314 mooe,
1162 1238 1220 1297 nisi
1241 1254 1288 1297 ma
1310 1255 1364 1313 pn·

177 1332 263 1406 ‘gnis
286 1332 412 1407 viceris,
442 1330 484 1393 ad
506 1347 535 1410 q.
554 1329 575 1395 1.
598 1330 755 1394 Lindem:
779 1331 978 1410 „quodcum
1001 1338 1094 1413 gestu
1117 1333 1365 1399 demonstrantia

210 1426 438 1506 pronunciabat
468 1425 594 1507 histrio,
625 1431 670 1492 ita
702 1434 738 1492 ut
770 1430 964 1508 ostenderet,
988 1448 1083 1511 quam
1106 1429 1229 1512 longe.“
1269 1430 1365 1495 Most.

210 1522 249 1602 ll,
271 1530 309 1601 2,
335 1529 392 1589 23;
420 1529 507 1588 hasce
535 1530 636 1589 ambas
658 1529 742 1607 ioris,
765 1524 922 1598 δεικτικῶς.
967 1528 1080 1608 Amph.
1102 1528 1128 1607 Ι,
1155 1535 1182 1608 l,
1204 1548 1233 1593 v.
1257 1534 1291 1592 2:
1314 1533 1368 1592 hoo

210 1628 299 1685 noctis
325 1620 485 1698 δεικτικῶς,
508 1644 535 1688 v.
560 1624 692 1690 Taubm.
717 1625 754 1690 cf.
778 1624 865 1688 Trin.
888 1625 943 1705 IV,
968 1630 997 1706 3,
1020 1631 1070 1691 83.
1098 1625 1190 1706 Epid.
1204 1627 1264 1708 ΙΙΙ,
1288 1631 1317 1707 2,
1333 1632 1366 1691 2:

207 1723 267 1782 lloc
295 1724 418 1798 quidem
447 1726 503 1783 iam
528 1727 632 1798 periit,
662 1722 819 1794 δεικτικῶς.
865 1723 978 1804 Amph.
1012 1725 1091 1804 prol.
1114 1743 1143 1790 v.
1174 1729 1248 1789 105:
1272 1728 1368 1800 Quam

209 1822 279 1881 liber
293 1822 407 1881 aarum
422 1840 521 1882 rerum
535 1822 592 1898 [ot]
608 1827 766 1883 multarum
784 1825 856 1896 siet,
880 1821 920 1884 ad
941 1840 970 1903 q.
993 1821 1013 1886 l.
1030 1823 1177 1887 Taubm.:
1201 1820 1369 1901 „decurionis

210 1916 367 1982 adulteria
389 1924 423 1981 et
450 1925 562 1998 stupra
590 1917 779 1999 significat.“
828 1919 914 1983 Trin.
943 1938 971 1983 v.
1001 1925 1051 1985 43.
1079 1920 1172 2001 Epid.
1195 1921 1234 2000 V,
1260 1927 1287 2001 1,
1314 1926 1368 1986 lo:

211 2017 384 2078 inmineat
428 2015 543 2080 Pseud.
568 2017 593 2096 I,
617 2023 646 2097 2,
671 2023 705 2082 3:
730 2022 851 2095 Quibus,
875 2021 933 2079 nisi
955 2021 992 2080 ad
1015 2022 1069 2080 looo
1090 2023 1256 2095 exemplum
1279 2038 1368 2096 expe·

211 2119 281 2190 rior,
310 2133 370 2176 non
398 2124 500 2190 potest
527 2136 633 2178 ussnra
662 2120 830 2193 ussnrpari,
864 2117 905 2180 ad
932 2134 961 2195 q.
989 2115 1010 2180 l.
1040 2118 1168 2181 Douza:
1192 2113 1367 2195 ,,διικτικῶς.

215 2210 349 2277 Videtur
371 2212 455 2275 enim
478 2212 538 2277 hoc
561 2215 669 2279 dicens
691 2214 813 2277 scutica
836 2219 869 2277 et
883 2213 1008 2293 tergino
1024 2212 1118 2278 officii
1139 2232 1297 2293 quemque
1318 2213 1369 2278 sni

213 2307 519 2375 commonefacisse.“
546 2331 574 2375 v.
602 2317 653 2376 18:
675 2317 789 2388 Nempe
805 2317 848 2374 ita
863 2316 985 2373 animati
1007 2315 1090 2387 estis,
1117 2316 1235 2373 vincere
1259 2314 1370 2373 duritia

213 2413 283 2485 tergi
306 2411 362 2471 icoc
384 2419 474 2485 atque
504 2430 560 2483 me,
590 2411 630 2474 ad
654 2428 683 2490 q.
712 2410 731 2473 l.
757 2410 929 2474 Boxborn.:
958 2409 1041 2489 „Qui
1067 2408 1145 2473 haec
1167 2414 1292 2472 mutare
1313 2426 1369 2489 ag·

215 2505 315 2587 pressi
345 2512 435 2584 sunt,
469 2507 658 2589 ignoravere
691 2526 786 2590 quam
814 2507 1027 2573 necessarium
1054 2508 1097 2573 sit
1123 2508 1154 2572 iu
1188 2506 1370 2572 comoediae

216 2602 350 2671 lectione
386 2615 497 2686 gestus
531 2608 703 2672 identidem
740 2608 801 2672 sibi
834 2613 1085 2688 repraesentare.
1131 2609 1199 2668 Hoc
1224 2603 1372 2676 δεικτικῶς

216 2700 264 2769 hic
286 2703 427 2784 ponitur,
447 2731 490 2756 =
511 2704 570 2770 hoc
592 2706 751 2787 terginnm
775 2706 821 2782 (id
842 2724 938 2770 manu
953 2704 1178 2781 ostenditur)·.“
1217 2702 1311 2766 Most.
1327 2700 1370 2782 11,

217 2806 243 2881 2,
262 2807 315 2866 79.
339 2800 399 2881 ΙΙΙ,
416 2806 444 2881 2,
472 2808 539 2867 119.
584 2804 676 2884 Epid.
700 2804 758 2883 ΙΙΙ,
781 2811 811 2884 4,
830 2811 886 2868 41:
910 2809 982 2866 haec
1001 2814 1102 2880 ergoet
1116 2805 1244 2864 fidicina.
1266 2819 1295 2864 v.
1311 2805 1370 2865 44:

216 2903 307 2980 Haeo,
331 2905 489 2977 inquamst.
527 2901 586 2966 ΜΙ.
609 2923 668 2964 non
692 2906 775 2978 haec,
798 2907 957 2980 inquamst.
988 2901 1027 2981 V,
1053 2908 1080 2982 1,
1104 2906 1161 2966 23:
1177 2903 1249 2961 iaec
1264 2900 1370 2975 edepol

217 3009 367 3062 remorata
388 3001 456 3060 med
477 3009 532 3062 est.
578 3000 644 3064 Mil.
666 3000 722 3081 IV,
747 3007 775 3080 2,
801 3008 858 3067 32:
881 3003 1097 3076 Pedetemptim
1119 3011 1151 3060 tu
1174 3003 1232 3060 scis
1247 2999 1373 3059 tractari

218 3101 320 3160 tolitaa
349 3116 416 3159 ease
447 3100 536 3160 troiae
562 3101 643 3160 modi
673 3104 791 3163 mercis.
841 3099 969 3163 Terent.
997 3096 1132 3177 Adelph.
1159 3095 1224 3175 ΙΙΙ,
1252 3102 1287 3175 4,
1315 3099 1371 3160 33:

216 3198 263 3258 iic
280 3198 368 3258 Geta

299 3292 497 3373 Saepissime
519 3298 567 3356 tic
589 3293 727 3359 refertur
749 3294 790 3359 ad
813 3294 982 3364 notionem.
1004 3308 1086 3371 quae
1109 3307 1298 3370 praegressa
1312 3294 1371 3368 est,

216 3393 320 3456 rarius
345 3390 388 3454 ad
409 3409 478 3455 eam
502 3409 584 3472 quae
598 3393 753 3474 seqnitur.
784 3392 834 3456 Ad
857 3393 1042 3470 sequentem
1064 3389 1226 3452 notionem
1248 3390 1374 3467 spectat

219 3488 297 3554 Cato
322 3489 359 3553 R.
383 3489 420 3553 R
444 3508 470 3554 c.
495 3495 530 3553 5:
560 3496 646 3553 Haec
668 3503 756 3553 erunt
779 3493 859 3552 vilici
881 3491 990 3563 officia,
1013 3487 1089 3551 item
1111 3487 1215 3551 plaut.
1259 3482 1372 3566 Ampio

218 3587 295 3667 prol
321 3605 349 3652 v.
374 3590 429 3651 64:
457 3590 542 3649 Nunc
565 3593 619 3650 troc
640 3610 686 3651 me
710 3608 797 3651 orare
820 3608 838 3650 a
860 3591 942 3651 robis
965 3590 1053 3648 iussit
1075 3589 1225 3662 luppiter,
1247 3588 1289 3648 Ut
1310 3587 1370 3648 oei.

219 3684 340 3751 Eorum
356 3685 581 3766 exemplorum,
597 3687 650 3751 ubi
667 3688 707 3751 ad
722 3703 914 3767 praegressa
928 3689 1062 3765 spectat,
1077 3683 1374 3749 maximememora·

219 3782 296 3848 bilia
318 3783 447 3847 suntin
470 3781 600 3850 Catonis
621 3785 702 3850 libro
725 3787 822 3850 dere
844 3784 974 3861 rustica,
996 3781 1049 3846 ubi
1073 3781 1208 3846 maxime
1223 3799 1281 3861 per
1303 3783 1375 3842 lox

220 3881 286 3946 aire
315 3884 389 3942 iaec
414 3885 514 3945 onmia
540 3884 763 3965 complectitur
792 3901 831 3947 ea
863 3899 945 3962 quae
978 3885 1075 3946 antea
1107 3876 1374 3944 commemoravit.

290 4139 330 4208 ³⁴)
349 4137 391 4194 De
409 4138 454 4193 iiic
472 4136 631 4207 pronomine
650 4153 710 4192 curn
728 4134 861 4206 temporis
879 4132 1036 4203 notionibus
1048 4140 1098 4189 ant
1114 4132 1142 4187 in
1157 4130 1313 4188 accusativo
1325 4137 1374 4186 aut

224 4218 250 4272 in
266 4221 385 4277 ablativo
404 4219 501 4291 positis
520 4219 664 4275 coniuncto
683 4219 757 4290 apud
775 4218 901 4272 Plautum
925 4226 954 4270 et
980 4215 1151 4284 Terentium,
1175 4213 1249 4284 quod
1267 4227 1376 4283 semper

226 4310 332 4371 speon
352 4303 388 4359 ad
405 4311 515 4373 tempus
534 4302 663 4373 futurum,
682 4303 705 4358 si
723 4321 740 4358 a
757 4309 881 4371 tempore
899 4299 966 4367 eiua,
984 4298 1031 4367 qui
1048 4298 1176 4368 loquitur,
1189 4294 1379 4368 proficiscedi,

227 4383 286 4440 uida
302 4386 465 4442 Muellerum
484 4386 512 4439 in
530 4387 607 4440 lahn.
626 4403 688 4442 nov.
708 4385 796 4440 annal.
817 4384 883 4454 phil.
904 4384 981 4451 1861,
1000 4389 1067 4436 aect.
1086 4385 1112 4450 4,
1131 4397 1158 4449 p.
1176 4383 1229 4438 2611
1246 4397 1287 4451 aq.

278 4473 361 4525 κικιι,
375 4477 486 4528 syntaxis.
515 4477 532 4515 1.
1125 4477 1167 4534 24
