3125 5075
276 270 337 329 822
705 260 863 301 ΙΠΒΒἸἎΙΤ.
884 260 947 302 ΟΔΡ.
961 260 1001 300 ΙΙΙ.

275 438 480 515 casaperta
502 434 693 515 conspicuae
715 439 801 501 suut.
845 435 906 501 Hic
928 432 1105 516 genitivus,
1134 448 1230 513 quem
1252 430 1436 512 posteriora

274 531 346 597 loco
366 531 607 611 nominavimus,
630 532 726 613 vulgo
748 532 777 597 is
799 532 947 609 habetur,
970 531 1026 610 qui
1046 535 1195 595 naturam
1211 528 1308 593 huius
1323 527 1436 596 classis

275 630 491 711 genitivorum
513 629 649 694 maxime
672 629 843 696 conducat
874 628 998 707 Quibus
1019 627 1182 707 proximus
1203 627 1309 691 estin
1331 626 1436 692 altaro

275 745 393 809 genere
416 726 576 807 genitivus
597 745 769 808 personae,
807 746 872 808 qua
898 726 1018 808 gradus
1039 725 1304 804 propinquitatis,
1339 742 1435 805 quem

273 824 362 889 notio
384 822 563 890 definienda
586 827 749 906 exprimit,
788 823 939 890 definitur
960 822 1103 902 demum,
1137 823 1188 886 cui
1215 821 1335 887 rationi
1364 816 1436 884 ἇνά-

272 918 362 995 λογος
388 927 440 986 cst
468 921 500 985 in
527 921 631 987 altero
660 941 780 1004 genere
809 923 893 988 ratio
915 921 1165 1003 propinquitatis
1187 937 1314 984 morum
1337 919 1434 986 animi

271 1018 462 1100 ingeniique,
479 1024 516 1084 ut
525 1020 558 1083 in
571 1024 692 1092 amicas,
707 1024 881 1099 fomdmris,
897 1019 937 1086 ai.
950 1020 999 1083 Ex
1011 1018 1072 1084 hoc
1084 1035 1203 1099 genere
1213 1017 1349 1099 genitivi
1361 1035 1433 1097 pro

270 1114 375 1182 fectae
383 1123 460 1181 sunt
470 1116 567 1181 etiam
578 1117 765 1194 locutiones,
779 1119 891 1199 quales
901 1119 1183 1194 suntceqcrcnimi,
1194 1119 1290 1177 animi
1295 1119 1430 1191 pendere.

359 1215 408 1279 De
430 1214 491 1280 hoc
513 1219 582 1280 toto
607 1234 725 1296 genera
756 1217 937 1295 notionum,
964 1214 1135 1293 inquibus
1169 1232 1208 1278 ea
1233 1214 1318 1279 ratio
1341 1216 1430 1292 inest,

272 1328 335 1393 qua
356 1313 518 1393 pertinere
546 1314 667 1392 aliquid
689 1315 730 1379 ad
752 1314 840 1378 aliud
862 1314 994 1393 dicitur,
1024 1311 1204 1377 addendum
1228 1319 1294 1389 est,
1325 1312 1353 1377 si
1374 1332 1428 1376 no

271 1408 368 1475 tionis
395 1408 593 1476 definiendae
620 1430 695 1492 pars
723 1417 775 1476 ast
800 1411 940 1476 verbalis
968 1410 1127 1475 actionem
1160 1408 1211 1473 vel
1238 1414 1360 1474 statum
1391 1411 1430 1474 si·

274 1504 437 1589 gnifioaus,
459 1527 586 1590 semper
608 1528 667 1590 per
689 1508 841 1588 verbum,
864 1509 949 1589 quod
971 1508 1019 1573 illi
1041 1505 1164 1571 verbali
1187 1507 1273 1586 parti
1296 1525 1427 1587 respon·

270 1605 335 1685 det,
359 1606 613 1671 enunciationem
636 1607 772 1672 activam
795 1605 927 1671 formari
949 1624 1052 1687 posse,
1077 1606 1168 1670 cuius
1193 1604 1377 1671 subiectum
1391 1607 1430 1671 sit

269 1703 348 1768 illud
370 1722 495 1783 nomeu,
517 1704 603 1783 qaod
625 1710 722 1769 autea
743 1705 776 1768 in
792 1704 933 1784 genitivo
956 1705 1096 1783 positum
1119 1706 1198 1767 erat.
1223 1702 1429 1786 Quapropter

268 1799 320 1867 hic
342 1819 436 1867 casus
463 1802 514 1866 his
535 1803 682 1868 omnibus
709 1802 743 1867 in
765 1802 935 1893 exemplis,
969 1807 1006 1864 ut
1034 1807 1146 1865 notum
1174 1803 1242 1878 est,
1270 1797 1429 1879 genitivus

267 1902 446 1963 armoricus
467 1898 656 1980 appellatur.

355 1997 467 2062 Altera
487 1998 591 2063 forma
612 1998 745 2080 genitivi
767 2001 901 2075 ecerat,
925 2013 988 2076 qua
1009 2001 1047 2059 ut
1062 2011 1159 2075 supra
1174 1995 1428 2060 demonstratum

270 2098 330 2173 est,
353 2094 387 2159 id
408 2092 580 2176 significat,
609 2097 694 2176 quod
718 2096 751 2160 in
777 2095 907 2158 notione
929 2093 1078 2173 apposita
1103 2096 1187 2155 inest.
1233 2092 1342 2158 Etiam
1370 2093 1428 2168 hic,

270 2190 365 2256 simili
388 2199 484 2273 atque
506 2201 601 2258 antea
623 2196 747 2258 ratione
770 2211 866 2256 unum
897 2209 997 2274 genus
1023 2188 1168 2256 efficiunt
1198 2208 1238 2255 ea
1263 2208 1348 2271 quae
1376 2210 1429 2256 na·

243 2305 246 2310 ’
269 2292 344 2354 tura
365 2290 450 2368 data,
473 2291 611 2356 alterum
634 2310 681 2371 aa
705 2309 787 2372 quae
808 2291 912 2371 magis
928 2309 967 2353 ex
978 2289 1112 2354 arbitrio
1134 2298 1168 2353 et
1190 2287 1356 2354 voluntate
1376 2307 1429 2354 no·

265 2389 335 2451 stra
364 2388 469 2468 posita
496 2395 585 2467 sunt;
612 2389 796 2470 principalis
825 2394 932 2452 tamen
963 2386 1075 2451 divisio
1099 2387 1215 2452 iterum
1240 2386 1300 2452 fiat
1321 2404 1430 2453 secun-

268 2483 343 2548 dum
368 2488 677 2566 praeponderantem
700 2486 912 2567 quantitatem
936 2484 987 2551 vel
1011 2483 1209 2565 qualitatem.

355 2584 404 2648 Ad
428 2587 567 2664 priorem
594 2587 711 2650 seriem
738 2585 791 2651 hic
817 2590 943 2665 spectat
969 2584 997 2647 is
1026 2583 1185 2665 genitivus
1213 2585 1268 2665 qui
1296 2585 1431 2648 maxime

267 2678 364 2746 huius
387 2682 487 2747 totius
509 2680 630 2746 formae
654 2685 793 2762 speciem
816 2682 967 2758 continet,
990 2681 1152 2761 genitivus
1167 2684 1356 2760 quantitatis,
1377 2681 1430 2763 qui

265 2779 396 2858 proprie
425 2779 556 2856 dicitur,
590 2781 681 2845 cuius
708 2779 854 2862 singulae
881 2778 1004 2858 species
1032 2784 1108 2843 suut
1138 2782 1237 2860 genit.
1264 2801 1431 2859 muco,

260 2880 365 2955 motii,
389 2876 481 2942 aliae.
525 2876 632 2941 Etiam
662 2880 821 2959 genitivus
847 2880 992 2940 modae
1018 2878 1125 2957 potius
1153 2879 1195 2942 ad
1222 2877 1306 2944 hauc
1333 2898 1428 2960 quam

265 2972 306 3037 ad
335 2973 531 3054 superiorem
566 2974 700 3040 formam
733 2977 861 3041 videtur
897 2981 1052 3056 spectare.
1103 2975 1230 3055 Ubique
1260 2977 1429 3057 praevalet

266 3088 305 3136 aa
327 3071 493 3153 cogitatio,
522 3073 684 3138 notionem
707 3073 918 3139 definiendam
941 3072 1116 3136 consistere
1141 3074 1173 3137 in
1195 3073 1315 3152 altera,
1345 3093 1429 3155 quae

262 3167 297 3233 id
320 3170 478 3249 exprimit,
502 3171 587 3251 quod
608 3172 642 3235 in
657 3171 713 3235 illa
734 3173 827 3250 inest,
849 3171 909 3235 hac
931 3170 1032 3250 igitur
1055 3169 1140 3235 illius
1163 3173 1428 3253 magnitudinem,

262 3267 406 3348 copiam,
435 3268 592 3347 pretium,
621 3287 802 3334 mensuram
832 3266 956 3333 definiri
978 3273 1012 3331 et
1034 3269 1194 3333 constitui.
1242 3269 1313 3347 Qua
1335 3271 1370 3335 in
1393 3291 1430 3336 re

260 3363 340 3444 hoc,
363 3365 448 3444 quod
470 3365 503 3429 in
525 3367 633 3446 priore
656 3366 784 3431 notione
806 3367 906 3444 inest,
936 3366 1030 3430 modo
1054 3384 1125 3430 cum
1148 3373 1265 3432 natura
1287 3369 1429 3433 notionis

264 3468 335 3528 arte
359 3462 560 3528 coniunctum
583 3469 648 3544 est,
685 3464 778 3529 modo
808 3465 838 3528 ei
861 3463 1017 3528 tributum
1052 3463 1188 3527 demum.
1234 3465 1430 3530 Addeudum

261 3565 328 3640 est,
361 3561 394 3625 iu
417 3561 608 3640 praedicatis
631 3580 800 3627 mensurae
824 3568 858 3626 et
880 3561 976 3641 pretii
995 3561 1134 3641 genitivo
1157 3562 1274 3628 additis
1297 3582 1430 3645 semper

259 3659 421 3724 notionem
444 3658 633 3726 adiectivam
657 3659 785 3725 efficere
807 3665 934 3739 partem
966 3659 1164 3739 primariam,
1192 3662 1275 3741 quod
1305 3661 1432 3742 signifi·

260 3761 402 3827 cationes
417 3760 581 3825 notionum
598 3775 777 3838 mensurae,
801 3765 838 3822 ut
857 3758 990 3833 porvdus,
1007 3760 1140 3832 pretium
1154 3775 1213 3838 per
1227 3776 1262 3824 se
1277 3761 1370 3840 ipsae
1394 3769 1431 3826 et

261 3859 348 3924 solae
371 3876 433 3922 nou
457 3861 533 3922 sunt
556 3858 690 3921 idoneae
717 3856 757 3920 ad
788 3856 820 3920 id
848 3854 931 3936 quod
965 3855 1150 3920 iunctione
1177 3856 1262 3922 inest
1288 3857 1430 3939 amplifi·

261 3957 398 4023 candum
422 3956 588 4037 ipsamque
610 3953 771 4018 notionem
795 3951 1015 4018 definiendam.
1054 3951 1175 4018 Contra
1196 3955 1242 4037 fit,
1265 3963 1303 4023 ut
1324 3974 1427 4038 saepe

259 4054 510 4137 significationes
533 4051 606 4116 illae
628 4051 725 4131 pretii
755 4051 933 4119 adiectivae
963 4052 1051 4118 solae
1077 4062 1251 4136 ponantur,
1283 4059 1319 4118 ut
1348 4072 1427 4120 con·

260 4152 362 4219 iuncti
384 4171 456 4217 cum
480 4149 587 4216 verbis
610 4150 738 4218 αθθιιιιι-ο,
761 4151 848 4222 focio,
868 4152 1001 4231 genitivi
1022 4157 1134 4229 mopsi
1151 4156 1253 4230 pluris
1275 4156 1352 4219 cett.

344 4250 556 4314 Adulteram
583 4247 698 4311 seriem
725 4252 872 4327 spectant
901 4249 1007 4314 omnia
1037 4267 1077 4314 aa
1113 4250 1274 4337 euampla,¹
1306 4250 1424 4331 quibus
