3125 5075
462 345 464 347 -
499 333 539 372 nc
553 333 649 375 nome.
664 354 688 363 -
708 335 929 378 concensemus.
958 384 961 388 ,
1231 351 1289 410 147

136 524 393 586 communicem
416 526 500 596 hece,
524 526 633 600 nequid
648 528 752 588 hunm
768 544 905 603 empnam
921 530 1040 596 accidet
1054 532 1152 594 enimn
1167 549 1290 596 neven:

137 622 290 698 uunquid
308 627 433 697 μαθων
453 640 539 698 spem
562 624 698 708 eveniet,
722 631 807 686 cuine
830 626 861 690 id
882 627 1028 700 depnmre
1045 644 1119 693 eece
1142 630 1172 689 in
1195 631 1291 692 luctu.

135 717 177 783 lu
206 717 228 781 l.
256 714 317 784 ini.
347 718 492 795 deputem
522 717 643 798 pendet
680 736 719 786 eu
745 736 939 801 praegresso
970 732 1099 800 eportet.
1150 724 1293 796 nubium

135 823 245 882 eutem
278 820 343 895 est,
361 901 365 907 Ι
384 821 493 880 utrum
526 819 636 893 nequid
663 850 704 861 -
731 820 849 881 cecidet
884 818 1082 886 coniunctim
1114 825 1227 898 cogitet
1258 821 1291 886 s·

134 908 332 993 παραλλήλου
354 913 491 993 positum
516 914 647 977 etitem
669 931 728 994 pro
756 916 956 982 coniunctim
979 917 1186 998 imperatorin
1209 918 1291 985 ucci-

135 1009 287 1091 picudum
314 1010 372 1089 sit,
399 1027 442 1074 nn
467 1010 537 1075 unci
562 1014 669 1087 eadee
704 1012 747 1076 sit
781 1014 997 1093 suppositum,
1028 1013 1089 1082 huc
1115 1016 1292 1084 sententie:

136 1113 312 1188 propterea
333 1107 380 1172 sic
402 1107 532 1188 cogitet,
555 1108 747 1188 nequid...
770 1111 909 1176 eveniet.
954 1112 1023 1179 Hoc
1051 1112 1187 1179 diuum
1215 1112 1291 1180 mihi

135 1205 264 1285 quidem
287 1203 490 1270 verisimilius
512 1213 570 1270 est.
614 1205 741 1271 Phorm
765 1207 825 1287 111,
849 1216 883 1287 3,
907 1215 940 1273 7:
969 1213 1047 1286 Quid
1069 1213 1199 1274 iscium?
1221 1207 1291 1274 AN.

137 1305 284 1366 Invenias
306 1308 471 1381 pecuniam.
516 1302 593 1368 Hec.
618 1303 676 1383 111,
699 1311 729 1381 4,
753 1312 808 1371 27:
839 1311 878 1371 Di
901 1312 984 1371 illum
1002 1309 1155 1383 perduint.
1201 1308 1238 1382 V,
1262 1312 1292 1387 3,

141 1405 199 1464 12;
221 1404 290 1490 'sue⁸
306 1404 385 1479 quod
408 1404 448 1463 nil
472 1421 504 1463 re
529 1402 598 1476 fert,
619 1408 795 1479 percontari
815 1407 943 1469 decium
977 1403 1112 1485 Adelph.
1134 1404 1160 1483 l,
1187 1411 1214 1482 Ι,
1238 1411 1292 1470 52:

140 1500 199 1560 hoc
218 1503 276 1575 *qui
307 1502 424 1576 nequit,
452 1502 599 1561 Faeeaeer
622 1504 738 1561 nescire
761 1506 900 1580 inperare
931 1506 1042 1566 liberis
1088 1501 1151 1578 111,
1174 1508 1211 1580 3,
1233 1507 1292 1566 44:

139 1600 185 1658 sic
207 1599 264 1657 siet
286 1600 386 1671 Modo,
409 1609 441 1659 ut
465 1618 541 1659 nunc
558 1607 612 1659 est.
633 1586 699 1676 ΙΙΙ,
721 1604 752 1669 4,
779 1607 830 1665 Ι4;
853 1604 962 1670 salem,
984 1602 1095 1662 iaceas
1117 1605 1198 1664 illem
1215 1618 1290 1677 quae

137 1699 247 1770 placet.

229 1797 277 1856 16.
322 1791 467 1857 Alterum
491 1812 591 1875 genus
614 1792 805 1860 coniunctivi
827 1795 859 1859 id
882 1802 942 1876 est,
966 1814 1062 1875 quum
1086 1795 1213 1861 aliunde
1236 1812 1293 1874 cp

138 1894 193 1952 tus
217 1899 275 1955 est.
304 1889 497 1970 Incipiamus
513 1892 552 1955 eh
568 1910 614 1967 eo,
638 1892 692 1971 qui
707 1894 827 1971 pendet
849 1894 1041 1974 apertionis
1062 1898 1187 1970 edeam,
1211 1911 1295 1972 qnae

138 1992 191 2049 est
213 1988 364 2065 opimus.
407 1988 519 2053 Naevii
543 1988 718 2053 Corollaria
740 1987 777 2053 fr.
802 1998 839 2055 4:
861 1995 1102 2056 summissum
1125 1995 1306 2067 abstulisset,

138 2084 303 2148 mordicus!
349 2086 442 2150 Ennii
465 2086 615 2151 Hecubae
638 2085 677 2152 fr.
705 2094 738 2151 7:
760 2091 877 2149 udinem
899 2099 1023 2152 mortem
1046 2094 1190 2165 oppetam.
1227 2088 1295 2154 Me·

137 2181 218 2245 deae
242 2183 345 2247 exulis
367 2183 404 2247 fr.
431 2190 457 2261 1,
482 2204 508 2247 v.
531 2190 718 2250 280-283:

355 2286 478 2345 Utinam
499 2303 536 2343 ne
558 2287 587 2343 in
608 2305 727 2347 nemore
752 2288 834 2347 Pelio
857 2288 1010 2348 securibus
1048 2314 1052 2322 ¹

350 2386 446 2444 Caesa
467 2385 624 2444 accedisset
646 2386 771 2459 abiegna
794 2385 831 2443 nd
856 2394 965 2445 terrum
990 2386 1102 2455 trahes,

350 2482 431 2542 Neve
453 2483 519 2541 inde
545 2483 626 2542 navis
650 2484 833 2544 inchoandae
857 2484 1009 2543 exordium

345 2580 503 2652 Coepisset.

139 2673 177 2739 fr.
206 2681 257 2739 14:
290 2680 414 2739 Utinam
439 2696 474 2736 ne
506 2698 642 2755 umquem
672 2680 759 2740 Mede
777 2681 905 2757 ,Colchis
932 2680 1040 2754 cupido
1071 2681 1160 2739 cnrde
1189 2681 1296 2752 pedem

139 2776 306 2836 extulisses!
333 2771 435 2836 lusus.
460 2773 574 2852 Amph.
600 2775 623 2841 Ι,
650 2780 675 2843 Ι,
700 2780 778 2840 230:
800 2778 927 2863 ,uesmm
950 2779 1026 2838 istuc
1047 2779 1137 2851 pugni
1160 2776 1298 2847 fecissent

141 2877 194 2935 tui.
242 2872 351 2952 Amph.
378 2877 503 2934 unii:
535 2876 658 2934 Utinam
687 2873 861 2942 secernite
907 2874 956 2950 ΙΙ,
984 2880 1015 2951 l,
1038 2876 1095 2937 85:
1120 2876 1244 2936 Utinam
1267 2874 1297 2931 di

141 2972 254 3044 faciut.
286 2971 371 3033 Asin.
397 2970 454 3042 ΙΙΙ,
480 2977 508 3045 3,
533 2974 589 3032 25.
615 2973 736 3032 Utinam
760 2959 803 3030 sic
825 2971 1015 3043 ecferumur'.'
1035 2970 1073 3048 V,
1100 2976 1125 3033 1.
1152 2977 1207 3033 13:
1232 2972 1299 3030 Udi-

140 3088 214 3129 nem
236 3071 312 3129 mule
335 3073 384 3144 qui
407 3072 478 3129 mihi
502 3072 602 3129 volunt
625 3071 667 3130 sic
689 3069 819 3130 redeant.
864 3070 954 3147 Caph
977 3068 1036 3146 ΙΙΙ,
1059 3074 1090 3145 4,
1112 3075 1148 3130 h:
1173 3070 1298 3129 Utinam

141 3177 174 3228 te
198 3169 227 3227 di
247 3170 330 3242 prius
345 3154 516 3243 perderent.
559 3163 634 3228 Cisu
658 3163 700 3243 Π,
725 3170 753 3240 3,
780 3171 830 3227 13;
856 3169 979 3228 Utinam
999 3168 1102 3226 audire
1119 3184 1177 3226 non
1199 3181 1299 3237 queue.

143 3265 260 3328 Pseud.
294 3262 327 3342 Ι,
355 3271 388 3343 Ι,
414 3267 490 3327 106;
527 3266 650 3325 Utinam
681 3283 756 3340 quse
788 3266 863 3324 dicis
893 3267 982 3325 dictis
1012 3264 1094 3324 iactu
1128 3263 1299 3335 suppetant.

143 3362 241 3426 Pocn.
265 3360 324 3431 ΙΙΙ,
347 3365 376 3432 6,
398 3366 434 3426 4:
468 3356 584 3421 utinam
612 3364 680 3421 hinc
703 3362 813 3422 adierit
838 3363 869 3420 in
899 3364 1006 3421 mulam
1028 3376 1157 3421 crucem.
1201 3356 1298 3420 Poeu.

144 3478 188 3524 sc.
215 3459 270 3523 ult.
295 3478 322 3522 v.
349 3463 402 3523 18:
427 3461 549 3521 Utiuem
571 3459 643 3520 mihi
667 3463 821 3533 argentum
843 3458 960 3535 reddas,
983 3461 1155 3533 priusquam
1178 3457 1247 3515 hinc
1270 3458 1302 3516 iu

143 3577 266 3619 nervum
289 3559 446 3620 ebducere.
479 3556 559 3620 luuh.
577 3555 601 3635 Ι,
624 3560 653 3634 2,
677 3559 735 3618 69ε
761 3555 886 3619 Uidium
901 3559 926 3617 is
947 3557 988 3615 sit
1008 3571 1093 3630 quem
1110 3571 1165 3628 ego
1181 3569 1303 3628 quaero,

144 3659 190 3715 vir
213 3658 416 3716 succrrumus!
446 3652 488 3727 Π,
512 3658 542 3732 6,
563 3658 617 3717 49;
643 3655 766 3731 Udinem
780 3653 930 3722 {erinnem
947 3670 1023 3713 nuuc
1046 3644 1128 3730 [ege]
1151 3652 1302 3712 enetiucm

142 3758 251 3814 uterer.
296 3751 387 3816 Truc.
410 3749 452 3825 ΙΙ,
475 3757 504 3828 4,
529 3756 585 3814 24:
615 3754 737 3812 Utinam
765 3768 783 3810 e
809 3752 956 3826 principio
972 3734 1025 3810 ‘rei
1047 3752 1117 3810 item
1134 3749 1303 3822 paruissem

145 3869 240 3924 muse,
265 3853 306 3913 Ui
328 3869 405 3912 nunc
428 3852 561 3924 reparcis
585 3852 682 3911 seniis.
707 3845 823 3910 Caecil.
848 3844 929 3911 Stat.
952 3844 1194 3925 Harpazomeue
1217 3842 1254 3906 fr.
1272 3848 1304 3907 3:

147 3951 273 4011 Utinam
294 3957 341 4024 te,
373 3950 465 4008 sciole
494 3951 569 4008 istoc
598 3947 728 4019 schema,
752 3947 816 4006 sine
845 3947 980 4006 cruribus
1006 3943 1147 4006 Videam!
1174 3940 1303 4006 Terent.

147 4045 245 4110 Andr.
267 4044 323 4122 ΠΙ,
348 4050 376 4124 i,
401 4050 436 4108 5:
461 4046 584 4106 Utinam
605 4052 658 4103 sut
681 4046 729 4104 hic
751 4045 858 4106 surdus
881 4052 932 4103 eui
954 4045 1029 4102 huec
1052 4047 1135 4113 mein
1154 4040 1238 4112 secde
1253 4040 1303 4098 sd.

146 4142 187 4221 V,
209 4151 240 4220 4,
265 4147 321 4208 28:
352 4144 476 4204 Utinam
498 4144 529 4201 id
550 4144 604 4210 sit,
634 4143 711 4217 quod
742 4158 841 4216 spero.
885 4137 967 4203 Eun.
991 4138 1018 4214 1,
1038 4138 1071 4216 2,
1094 4141 1148 4200 95:
1179 4138 1304 4200 umam

146 4245 225 4302 istnc
249 4244 370 4302 verbum
393 4259 430 4301 ex
452 4243 550 4300 enimc
573 4258 608 4300 ec
632 4256 701 4301 vere
728 4238 849 4300 diceres.
897 4236 951 4314 IV,
975 4242 1005 4315 3,
1030 4240 1081 4300 13:
1111 4235 1234 4297 Utinam
1260 4237 1305 4296 sic

146 4341 287 4416 siendum
317 4342 389 4400 mihi
416 4343 493 4399 mele
525 4342 635 4399 volunt.
680 4332 807 4397 Phorm.
837 4333 868 4413 1,
893 4339 930 4413 3,
953 4338 986 4397 h:
1015 4333 1101 4409 Quod
1128 4334 1246 4393 demam
1267 4349 1304 4394 ue

1030 4428 1094 4494 10*
