3125 5075
387 387 412 428 V.
441 388 610 428 Psonoutn'n
624 388 797 427 lunsnlnrnn
813 388 851 427 ΕΤ
865 387 1040 427 numenium.
1222 398 1284 454 403

85 563 87 592 ⁵
157 563 234 626 raico
252 563 332 624 mitt
352 570 402 626 est
424 565 583 638 quicquam
604 566 744 640 iniquius.
766 561 870 628 Plani.
892 561 1144 645 tragasaeus
1164 581 1194 645 p.
1214 566 1288 642 478,

155 677 175 724 a
193 665 223 726 l:
256 661 347 724 uua
366 663 525 736 quicquam
553 663 664 724 lactum
691 664 749 723 nisi
771 662 872 738 fabre,
904 679 960 723 nec
983 665 1139 739 quicquam
1160 664 1289 738 positum

147 761 200 850 siaa
220 761 291 822 laco
311 756 374 837 (sic
394 755 478 836 libri,
501 756 594 823 Both.
618 761 704 833 luau)
728 761 803 823 cett.
826 756 924 823 Mero.
939 757 999 837 ΠΙ,
1025 764 1052 838 l,
1075 765 1109 825 9:
1132 760 1290 821 Laboriosi

143 851 181 919 ui
198 858 256 919 tini
278 858 437 934 qarioquam
458 859 560 933 operis
581 859 744 933 imperabo.
789 854 903 921 Caecil.
927 855 1006 922 sat.
1029 856 1171 922 Plocium
1197 853 1236 920 ir.
1259 859 1289 932 9,

139 974 160 1021 u.
190 958 269 1020 1⁷3:
307 957 334 1017 si
363 955 410 1014 m'i
442 957 599 1029 quicquam
628 956 713 1016 aliud
738 956 793 1015 riti
820 956 971 1031 Adportca
1003 965 1111 1018 tecum.
1163 953 1290 1018 Terent.

136 1052 231 1120 Andr.
255 1049 286 1131 I,
311 1055 342 1128 1,
363 1055 403 1116 63
426 1066 491 1130 sq:
528 1055 746 1129 comperiebam
774 1054 822 1114 aii
848 1054 886 1113 ad
913 1054 1098 1129 Pamphilum
1127 1056 1292 1132 Quicquam

133 1155 286 1216 adunare.
328 1146 407 1214 Hec.
428 1146 489 1225 111,
513 1152 542 1228 3,
564 1153 620 1214 40:
643 1153 691 1211 hic
714 1154 769 1212 tibi
790 1153 904 1213 uuest
925 1154 1082 1226 quioqmm
1104 1151 1290 1213 incommodi

133 1250 187 1316 id
209 1245 277 1327 ΙΙΙ,
300 1251 331 1326 3,
356 1251 409 1311 12:
432 1248 667 1322 necquicquam
689 1250 750 1309 vidi
771 1252 889 1312 laetius.

166 1335 169 1340 ’
222 1349 277 1414 36.
311 1345 474 1423 Graupium,
496 1344 762 1425 quemadmodum
777 1344 871 1411 docet
885 1345 1079 1412 Schmidtius
1093 1345 1134 1410 de
1149 1360 1292 1425 pronam.

138 1464 171 1526 p.
189 1447 247 1526 ud,
275 1440 422 1525 inprimis
443 1442 477 1506 in
500 1443 789 1523 enunciationibus,
818 1460 900 1524 quae
921 1449 1028 1510 mente
1049 1441 1214 1524 finguntur
1235 1448 1294 1506 aut

142 1561 181 1608 ex
198 1541 262 1608 clia
285 1538 428 1621 pendent
448 1540 545 1605 animi
566 1541 774 1622 cogitatione,
803 1548 994 1624 usurpatur,
1015 1542 1190 1623 additaque
1206 1544 1292 1617 piam

137 1639 258 1724 udaia
281 1638 472 1705 sententiam
495 1639 537 1703 ad
558 1656 683 1719 umnec,
706 1639 747 1704 ad
769 1657 975 1722 quoscunque
997 1642 1115 1722 possit,
1146 1643 1293 1720 spectare

134 1743 165 1806 et
183 1737 323 1804 maioris
344 1737 454 1818 copiae
475 1755 513 1802 aa
535 1735 660 1801 numeri
682 1738 839 1803 rationem
861 1737 973 1804 haberi
1000 1737 1191 1804 declaratur.
1235 1735 1296 1800 Est

132 1841 244 1902 antem
279 1839 314 1899 et
341 1834 575 1900 substantivum
605 1842 639 1898 ct
661 1834 862 1902 adjectivum.
906 1836 1005 1902 Naar.
1035 1836 1073 1902 ir.
1097 1834 1294 1902 Corollariae

134 1942 165 2001 5:
187 1936 357 2011 quippiam
401 1930 504 1997 Plaut.
528 1931 622 1998 Truc.
638 1931 695 2012 IV,
714 1939 744 2010 2,
768 1939 821 1998 12:
847 1938 946 2010 Quid?
968 1956 1060 1999 novus
1083 1943 1199 1997 amator
1216 1934 1295 2007 quia·

130 2034 235 2109 pin?
280 2030 396 2096 Pseud.
419 2028 444 2109 Ι,
468 2035 498 2110 2,
521 2034 579 2096 83:
612 2035 742 2109 Numqui
769 2036 948 2108 quoipiamat
976 2043 1094 2096 tuorum
1123 2042 1175 2095 tna
1201 2048 1295 2108 opera

138 2133 228 2194 hodia
257 2149 468 2193 conservorum
496 2132 726 2192 Nitidiuseulum
753 2133 864 2207 caput?
907 2130 995 2196 Pers.
1017 2129 1073 2209 IV,
1094 2133 1124 2209 8,
1147 2135 1184 2194 5:
1217 2132 1296 2190 Num

136 2231 288 2305 quippiam
308 2230 383 2289 aliut
404 2247 451 2289 me
478 2228 542 2290 vis?
584 2226 698 2292 Pseud.
721 2227 746 2306 1,
771 2232 800 2306 3,
824 2232 878 2293 22:
911 2233 957 2293 ain
987 2237 1069 2290 tuam
1101 2230 1236 2303 quipiam
1264 2230 1294 2288 in

140 2327 251 2389 ramat?
293 2323 428 2390 Ponitur
454 2324 550 2390 etiam
579 2325 612 2390 in
637 2325 829 2406 negantibus
853 2326 1030 2407 sententiis,
1054 2333 1091 2391 ut
1110 2325 1175 2390 Mil.
1199 2324 1242 2401 ΙΙ,
1266 2329 1295 2398 5,

142 2426 194 2487 u:
225 2444 263 2488 ne
294 2428 372 2486 clam
396 2425 531 2500 quipiam
552 2427 615 2487 Noa
637 2428 801 2486 vicinorum
823 2428 1009 2503 inprudentia
1032 2430 1138 2503 aliquia
1161 2429 1293 2484 immuta-

146 2525 230 2599 rerit,
256 2520 293 2603 ¹lr.
316 2540 343 2586 e.
366 2518 585 2601 aliquatenus,
614 2521 845 2603 aliquomodo.
891 2521 981 2606 Oapt.
1004 2524 1030 2596 Ι,
1054 2530 1084 2603 2,
1111 2528 1163 2589 18:
1195 2524 1297 2583 Visam

148 2638 178 2682 rc
205 2630 294 2685 nocte
321 2623 378 2682 hac
407 2622 541 2695 quipiam
570 2624 765 2685 turbaverint.
810 2621 883 2687 Aul.
907 2621 932 2702 Ι,
957 2628 986 2702 2,
1018 2629 1072 2689 14:
1110 2627 1155 2686 Ne
1187 2637 1296 2684 caueae

85 2746 87 2757 ·
152 2720 211 2796 qaid
233 2723 283 2794 sit,
307 2720 385 2795 quod
406 2727 436 2780 te
459 2720 606 2794 quispiam
630 2716 688 2794 (sie
710 2719 773 2798 Ap)
799 2724 957 2796 quaeritet.
1002 2721 1128 2787 Terent.
1152 2721 1234 2785 Eun.
1258 2715 1296 2795 V,

85 2862 95 2889 -,
153 2818 174 2895 2,
194 2820 251 2883 36:
276 2818 355 2894 Quid
378 2820 404 2879 ai
426 2818 484 2878 hoc
506 2819 655 2891 quispiam
676 2821 770 2879 voluit
792 2819 885 2880 deus?
911 2818 990 2885 Hec.
1006 2819 1066 2899 111,
1090 2825 1119 2899 2,
1145 2825 1199 2884 14:
1221 2821 1297 2879 Nam

85 2944 102 3011 'l
152 2917 171 2976 si
188 2918 342 2978 remittent
363 2915 516 2990 quidpiam
536 2918 729 2977 Philumenae
752 2918 880 2992 dolores,
902 2915 933 2981 h.
957 2935 983 2982 e.
1006 2917 1219 2999 aliquatenuS,
1241 2913 1299 2978 ali-

152 3025 206 3090 quo
227 3012 322 3078 modo
343 3012 446 3089 (Lind.
470 3012 511 3077 ad
533 3013 599 3078 Mil.
621 3012 664 3089 ΙΙ,
688 3019 717 3092 5,
742 3014 808 3090 21).
824 3014 1035 3078 *Femininum
1058 3020 1109 3081 est
1132 3017 1297 3089 quempiam

88 3112 94 3175 Ι
149 3101 245 3175 Plani.
268 3110 352 3176 nuo.
376 3130 405 3175 v.
429 3114 501 3188 813,
523 3131 553 3174 v.
576 3110 775 3176 Fleckeisen.
800 3110 900 3191 praef.
924 3112 973 3176 ed.
996 3130 1073 3178 suae
1094 3131 1125 3193 p.
1149 3117 1199 3176 27.

85 3186 92 3261 l
227 3213 278 3274 37.
322 3208 372 3273 De
401 3206 632 3289 significatione
667 3209 863 3289 pronominis
896 3213 1017 3285 quidam
1047 3208 1240 3276 Schmidtius
1266 3224 1297 3287 p.

142 3303 184 3371 lit)
203 3306 285 3372 haec
299 3305 411 3371 habet:
434 3308 523 3377 ‚dum
544 3307 679 3387 gradum
702 3307 861 3387 quendam
884 3307 1043 3388 significat
1064 3315 1099 3373 et
1119 3304 1298 3372 sententiae

138 3405 202 3469 vim
225 3401 422 3485 amplificare
445 3404 578 3483 videtur,
600 3405 641 3470 ad
655 3408 722 3482 quis
738 3406 821 3469 enim
837 3406 868 3469 in
883 3408 1004 3482 quidam
1023 3404 1205 3488 appositum
1220 3419 1298 3479 rem,

137 3514 223 3583 quae
245 3506 356 3567 mente
379 3503 420 3567 sit
448 3499 523 3568 ficta
545 3507 641 3583 atque
664 3509 806 3583 recepta,
843 3521 956 3568 revera
983 3523 1054 3570 csse
1083 3502 1212 3567 indicat.
1255 3499 1300 3563 Et

132 3592 168 3679 ἓ.
183 3604 243 3666 27:
269 3601 368 3670 „Dum
390 3599 523 3681 gradum
547 3608 580 3665 et
594 3601 772 3666 sententiae
789 3604 1068 3683 exaggerationem
1084 3599 1241 3682 quandam
1258 3597 1300 3661 si·

145 3694 283 3778 goiumc
313 3696 426 3779 ltaque
442 3698 483 3763 ad
498 3715 672 3778 pronomen
686 3697 884 3763 indefinitum
900 3700 1044 3765 additum
1059 3716 1127 3764 rem
1143 3697 1299 3760 incertam

146 3794 227 3861 haud
250 3794 360 3876 paullo
383 3797 552 3861 certiorem
573 3795 687 3862 reddit.
711 3800 839 3876 Quidam
855 3797 938 3862 enim
954 3797 1107 3863 vocabulo
1120 3795 1174 3876 qui
1187 3794 1300 3870 utitur,

147 3892 305 3960 hominem
320 3891 478 3975 significat
493 3912 556 3958 non
580 3902 685 3959 mente
708 3896 928 3960 tantummodo
951 3894 1069 3975 fictum,
1093 3896 1150 3961 sed
1173 3895 1228 3973 qui
1250 3906 1301 3953 re·

146 4010 223 4057 vcra
243 3996 296 4057 cst
319 3997 352 4057 et
373 3991 460 4070 vivit,
484 3992 574 4056 cuins
597 4011 693 4073 quum
716 3992 849 4056 formam
873 4001 1073 4074 perspectam
1097 3991 1223 4067 habeat,
1247 4005 1303 4053 nu·

138 4107 214 4155 men
236 4096 346 4155 tamen
363 4088 469 4171 eloqui
484 4097 541 4153 aut
562 4108 623 4154 non
647 4089 716 4154 vult
737 4095 794 4155 aut
808 4092 947 4171 nequit·⁸
971 4090 1074 4156 Plaut.
1091 4090 1204 4170 fragm.
1218 4086 1302 4151 Mer·

143 4191 243 4252 catur.
267 4190 349 4268 Aug.
373 4186 445 4253 ilai.
469 4188 532 4252 inv.
554 4206 585 4270 p.
609 4193 687 4253 490:
711 4191 769 4251 Sed
793 4194 843 4253 ille
866 4190 987 4263 quidam
1009 4202 1083 4254 cett.
1102 4190 1178 4253 Cist.
1195 4186 1249 4263 lv,
1273 4188 1303 4263 2,

143 4289 202 4348 71;
225 4287 278 4348 ille
303 4286 424 4361 quidam
449 4319 486 4330 -
511 4291 564 4349 illa
585 4288 739 4363 quaedam,
763 4286 816 4351 ubi
832 4286 961 4350 l'aubnr.
986 4294 1149 4368 comparat
1165 4286 1302 4349 Graece

147 4399 216 4445 rum
247 4375 379 4447 idaiae.
423 4382 655 4464 Nonnunquam
682 4391 897 4464 contemptum
921 4386 1083 4465 exprimit,
1117 4393 1154 4449 nt
1175 4383 1303 4448 Terent.

1002 4494 1039 4518 nl?
1050 4489 1065 4518 1
