3125 5075
198 380 241 437 25
628 368 783 408 SUBSTANT.
805 366 869 407 GAP.
884 368 925 407 111.

287 543 325 608 In
354 547 498 607 extrema
526 541 587 606 hac
615 542 832 621 disputatione
860 557 975 620 penam
998 556 1054 603 eos
1075 538 1177 618 locos,
1212 540 1267 606 nbi
1289 560 1361 616 oper

199 650 243 704 eet
272 639 323 704 vel
351 660 422 703 usas
453 646 494 702 eet
523 639 725 705 coniunctum
757 644 808 702 est
830 656 901 702 cum
929 637 1069 701 ablativo
1096 638 1261 718 participii
1289 656 1360 718 per-

202 738 278 803 fecti
301 738 419 819 passivi
449 738 481 801 in
503 754 622 819 genere
645 742 760 800 neuim
789 735 886 816 positi
909 734 1121 816 praecedente
1148 742 1265 801 neutro
1288 753 1360 817 pre·

201 835 350 914 neminie,
380 836 464 915 quod
487 842 594 899 utrum
617 834 650 897 in
672 834 855 897 accusativo
877 834 1036 915 pendente
1059 852 1079 896 a
1101 834 1272 915 participio
1297 832 1358 912 ille,

202 934 287 1015 qued
309 934 400 1013 quasi
421 929 566 997 infinitivi
586 930 746 995 ablativus
770 937 866 1009 esset,
890 947 932 994 an
954 930 987 995 in
1008 930 1201 995 nominative
1221 931 1358 1011 positum

199 1032 406 1096 statuendum
427 1034 522 1108 esset,
545 1029 599 1092 diu
619 1028 833 1110 disceptatum
855 1035 904 1093 est
923 1030 1008 1093 inter
1022 1029 1258 1109 grammaticen
1292 1029 1357 1108 Ego

201 1147 329 1210 quoquc
350 1128 406 1192 din
428 1127 582 1205 dubitavi,
606 1133 710 1190 utram
734 1127 765 1189 in
789 1127 981 1191 sententiam
1003 1126 1138 1204 abirem,
1161 1127 1265 1192 denec
1286 1124 1359 1190 milii

202 1228 342 1293 occurrit
364 1225 453 1291 locus
478 1224 608 1290 Catenis
631 1223 663 1286 in
684 1223 721 1287 a.
746 1223 782 1287 R.
808 1242 833 1287 c.
851 1229 884 1288 2:
900 1243 982 1299 eree
1004 1243 1076 1299 optes
1097 1227 1175 1287 sicrrt
1195 1226 1298 1293 hocta
1319 1228 1357 1286 lo

202 1333 317 1402 centur,
340 1325 394 1404 qui
418 1329 509 1387 extra
532 1340 657 1386 emnem
681 1320 914 1386 dubitationem
937 1321 1043 1401 penit,
1067 1338 1195 1401 semper
1217 1324 1356 1386 nomina·

202 1421 286 1488 tivos
314 1438 385 1486 ease
413 1420 612 1486 statuendos.
658 1417 826 1483 Consentit
853 1418 992 1484 Haasius
1021 1419 1062 1483 ad
1089 1418 1208 1500 Reisig.
1238 1437 1268 1500 p.
1292 1423 1358 1497 233,

203 1520 310 1584 adnot
334 1522 407 1582 275.
451 1518 500 1582 Ex
523 1516 630 1582 Plauti
652 1517 825 1582 cemoediis
848 1516 949 1583 habes
971 1516 1117 1598 exempla
1138 1515 1228 1582 haec
1266 1517 1358 1582 Mera

203 1616 262 1696 111,
286 1621 315 1695 3,
338 1623 375 1682 4:
398 1618 582 1693 pereamust
604 1618 693 1688 secto,
717 1616 809 1678 facito
832 1626 865 1677 ut
888 1620 1010 1691 cogites.
1056 1614 1093 1678 cf.
1118 1633 1145 1679 v.
1169 1620 1202 1679 5:
1227 1616 1358 1693 equidem

205 1718 307 1776 hercle
331 1734 403 1791 opus
426 1717 479 1775 hoc
502 1716 581 1787 sacto
604 1723 786 1776 exaestume.
834 1713 875 1791 ΙΙ,
893 1721 921 1792 2,
938 1718 994 1777 58:
1017 1716 1071 1774 hec
1091 1715 1163 1775 mihi
1177 1716 1271 1775 oieeet
1284 1730 1358 1788 oper.

203 1812 283 1876 Rud.
309 1812 356 1891 11,
381 1818 414 1889 3,
439 1816 495 1875 67:
534 1816 596 1872 lam
618 1814 690 1873 istoc
712 1817 805 1890 magis
827 1831 899 1873 aare
921 1813 1035 1883 factost
1080 1809 1178 1875 Stich.
1201 1810 1233 1887 I,
1262 1814 1295 1888 2,
1325 1815 1358 1873 4;

204 1914 282 1987 qued
306 1921 395 1986 opust
418 1911 507 1972 iacto.
553 1909 638 1974 Trin.
655 1908 695 1985 11,
718 1917 747 1987 4,
776 1915 851 1975 183:
875 1912 945 1986 quid
967 1910 1048 1971 dacto
1071 1929 1146 1984 opus
1169 1914 1219 1971 sit„
1252 1905 1358 1987 Amph

204 2006 246 2086 II,
273 2014 299 2086 l,
324 2013 380 2071 81:
403 2029 470 2069 nam
493 2011 564 2068 mihi
589 2010 662 2067 istoc
683 2011 810 2083 primum
833 2010 1005 2082 eaprrieitoet
1024 2025 1105 2081 opus.
1149 2006 1180 2086 Ι,
1205 2011 1239 2086 3,
1263 2012 1295 2069 7:
1316 2006 1358 2066 ci-

204 2108 263 2168 tius
285 2107 363 2180 perod
385 2125 442 2167 neu
464 2108 570 2179 factost
591 2124 663 2165 asos
685 2106 719 2165 fit
742 2127 828 2180 qnam
851 2106 929 2180 quod
948 2107 1055 2177 factost
1075 2123 1156 2178 opere.
1192 2103 1270 2169 cist
1286 2102 1311 2181 Ι,
1333 2105 1357 2176 2,

206 2208 260 2268 10:
284 2206 397 2265 Tacere
422 2223 536 2278 nequeo
559 2206 678 2277 misera,
702 2206 779 2277 qued
801 2205 888 2263 tacito
910 2223 982 2263 ustis
1005 2208 1054 2263 cst.
1094 2201 1164 2264 Cas.
1183 2200 1244 2281 ΙΙΙ,
1262 2207 1291 2279 3,
1310 2206 1358 2264 24:

204 2305 283 2380 quod
305 2302 417 2363 factost
439 2323 521 2378 opus.
567 2300 695 2365 Terent.
720 2300 817 2364 Andr.
841 2300 900 2377 ΙΙΙ,
924 2307 961 2378 2,
986 2306 1027 2364 43
1052 2298 1168 2377 (Rudtl.
1191 2299 1240 2378 ΙΙ,
1263 2317 1293 2379 p.
1314 2301 1358 2373 69,

203 2400 311 2465 adnot.
335 2402 402 2475 erl:
432 2401 511 2475 quod
527 2405 638 2474 parete
661 2419 732 2473 epus
754 2405 804 2467 est,
826 2419 908 2473 para.
954 2397 1019 2477 ΙΙΙ,
1043 2405 1077 2476 2,
1103 2402 1156 2461 1οε
1192 2401 1264 2474 qnid
1287 2399 1358 2458 iacto

203 2510 286 2563 esset
312 2519 397 2575 epus.
442 2496 577 2577 Adelph.
601 2494 655 2570 ΙΙΙ,
681 2502 714 2573 7,
751 2501 790 2560 22
819 2496 915 2575 (liud.
941 2496 987 2575 ΙΙ,
1017 2515 1046 2577 p.
1071 2502 1129 2576 tii,
1163 2494 1271 2560 adnot.
1296 2496 1358 2569 ott:

203 2602 228 2660 ai
251 2600 325 2658 illud
348 2599 425 2670 qued
446 2614 581 2656 maxume
607 2613 679 2669 opus
702 2601 744 2654 eet
764 2596 845 2655 iectu
872 2616 930 2657 non
954 2597 1043 2655 cadit.
1088 2593 1126 2671 V,
1150 2599 1184 2672 9,
1207 2598 1263 2659 39:
1296 2595 1358 2653 Plue

203 2699 262 2756 scis
285 2696 357 2768 pote
378 2697 457 2766 tecte
479 2712 551 2767 opere
574 2699 624 2754 cst.
670 2691 728 2769 111,
754 2696 782 2769 ὅ,
800 2697 840 2755 75
865 2692 1017 2765 (Haasius
1032 2690 1072 2755 ad
1087 2690 1205 2771 Reisig.
1231 2708 1261 2770 p.
1275 2688 1359 2768 ioth

203 2811 309 2852 moneo
338 2794 412 2865 perid
437 2793 516 2865 facto
544 2810 615 2853 resera
643 2792 690 2851 sit.
734 2789 860 2853 Phorm.
888 2789 922 2863 V,
948 2794 1060 2867 1,35:
1094 2793 1180 2850 Nunc
1202 2790 1276 2864 quid
1296 2803 1359 2863 oper

204 2889 283 2962 sacto
306 2891 345 2949 eit
367 2891 441 2950 ride.
487 2888 563 2952 Hec.
587 2887 624 2965 V,
647 2895 677 2963 4,
703 2892 757 2952 38;
781 2891 858 2966 quod
883 2890 963 2950 facto
986 2909 1056 2950 usus
1080 2891 1127 2949 sit.

292 2986 465 3050 Videamus
487 2985 611 3065 reliqua
634 2986 741 3050 verba.
787 2985 890 3050 l’laut.
915 2985 1001 3050 Trin.
1025 2985 1050 3061 I,
1074 2990 1108 3063 2,
1133 2988 1165 3046 5:
1205 2986 1263 3044 llic
1284 2986 1360 3044 illest

203 3093 327 3147 senecta
359 3093 458 3146 aetate
483 3089 531 3159 qui
556 3085 666 3157 foeteret
681 3103 769 3158 puer.
816 3082 895 3147 cato
919 3083 955 3146 R.
977 3082 1014 3146 R.
1038 3101 1063 3146 c.
1091 3088 1168 3145 157:
1192 3085 1298 3142 Altero
1319 3087 1360 3141 eet

203 3185 319 3257 crispa,
349 3185 474 3256 apicem
497 3188 626 3243 cecatur.
672 3181 718 3244 ΙΙ).
743 3186 817 3241 ltem
841 3191 887 3242 est
912 3185 1010 3255 tertia,
1038 3199 1113 3257 quae
1137 3182 1211 3240 lenis
1234 3186 1358 3241 uocetur.

203 3277 297 3342 Ennii
326 3278 525 3344 Euhemerus
553 3278 590 3342 fr.
614 3287 650 3356 4,
681 3283 735 3341 27:
774 3283 825 3355 qui
853 3282 950 3340 Titani
975 3289 1127 3340 vocantur.
1172 3276 1210 3340 fr.
1242 3282 1276 3356 7,
1311 3278 1358 3339 36:

202 3379 283 3453 qued
306 3380 411 3440 aether
435 3380 604 3439 vocabatur.
651 3374 754 3439 Pluut.
777 3376 892 3439 Bacch.
908 3375 967 3453 ΙΙΙ,
991 3381 1020 3453 3,
1045 3380 1099 3439 69;
1124 3378 1197 3450 Quis
1222 3371 1360 3437 vocaturi

202 3474 266 3539 LU.
295 3479 431 3540 Bacchis.
468 3476 516 3538 De
547 3477 648 3536 vecari
677 3491 747 3537 cum
777 3475 971 3538 nominative
994 3473 1170 3554 praedicati
1197 3474 1360 3536 coniuncto

203 3572 275 3635 vide
299 3573 395 3636 etiam
418 3573 489 3637 Par.
514 3580 547 3637 et
570 3572 701 3636 Tauhm.
726 3572 766 3636 ad
790 3572 903 3653 Amph.
927 3572 957 3651 1,
984 3576 1016 3650 1,
1046 3575 1117 3635 226.
1163 3569 1262 3635 Mero.
1287 3568 1359 3650 prol.

203 3688 230 3733 v.
255 3678 287 3734 5:
323 3678 437 3733 Graece
462 3676 533 3733 hoec
552 3677 675 3733 cecatur
697 3675 845 3746 Eruperos
867 3673 1058 3731 Philemonis.
1088 3702 1131 3712 -
1159 3666 1240 3733 Cato
1265 3667 1302 3732 B.
1326 3666 1360 3729 B.

204 3788 229 3833 c.
257 3776 330 3833 lbi:
355 3775 450 3846 prima
473 3780 528 3844 est,
553 3773 624 3830 loeis
645 3789 721 3846 quae
744 3771 924 3829 nominatur.
970 3766 1073 3830 Phor.
1090 3764 1186 3830 Stich.
1208 3764 1253 3843 ΙΙ,
1280 3772 1306 3843 Ι,
1330 3770 1360 3827 l:

202 3872 380 3942 Mercurius,
406 3871 484 3930 Ievis
505 3872 554 3943 qui
577 3872 699 3929 orantius
715 3869 898 3942 perhibetur,
918 3863 955 3930 cf.
981 3865 1083 3929 Plano.
1107 3882 1158 3944 ap.
1186 3861 1268 3928 Gell.
1294 3860 1361 3940 Vll,

203 3971 235 4029 7:
259 3970 308 4027 Me
334 3970 399 4026 vole
423 3967 528 4038 sertem
545 3969 731 4041 perhiberier
753 3968 860 4026 cirum.
898 3963 1013 4027 Bacch.
1032 3961 1090 4040 ΙΙΙ,
1115 3969 1143 4040 3,
1169 3967 1224 4026 2Ι;
1249 3967 1289 4024 Et
1304 3964 1360 4023 dis·

201 4068 319 4139 cipulus
344 4074 375 4125 et
394 4068 536 4140 magister
552 4067 790 4138 perhibebantur
810 4064 936 4137 inprobi.
983 4060 1181 4125 Stichum
1207 4077 1291 4140 sqq.:
1307 4060 1363 4137 ‚qui

202 4180 272 4222 usne
287 4165 372 4221 unice
391 4164 510 4224 Civibus
533 4183 569 4222 ex
586 4164 719 4223 omnibus
730 4164 843 4236 probus
860 4162 1045 4221 Perbibetur.
1081 4158 1209 4223 Terent.
1227 4154 1362 4237 Adelph

202 4256 264 4336 111,
297 4264 332 4337 4,
365 4263 418 4323 59;
455 4263 480 4321 si
504 4280 555 4322 vos
579 4262 667 4320 voltis
683 4261 837 4333 perhiberi
854 4261 972 4333 prebor.
1018 4256 1121 4320 Plaut.
1149 4254 1245 4320 Poeu.
1271 4255 1308 4334 V,
1334 4260 1361 4333 2,

205 4360 279 4419 117:
302 4359 413 4418 lterum
428 4361 499 4419 mihi
513 4363 622 4433 praetere
635 4359 744 4425 erideer,
767 4360 845 4431 quod
867 4366 896 4416 te
913 4359 1044 4431 repperi.
1090 4353 1217 4417 Terent.
1234 4351 1364 4416 Phorm.
