3125 5075
281 373 342 430 316
700 364 855 406 SUBS'PANT.
870 365 933 407 ΟΑΡ,
947 365 989 406 111.

279 535 448 618 perspicue
465 535 612 616 cognosci
634 539 745 618 possit.
791 540 840 604 Ex
862 556 924 620 quo
948 536 1092 617 efficitur,
1116 534 1202 601 nullo
1218 538 1313 603 modo
1337 536 1436 603 artifi-

281 634 397 698 ciosam
420 638 453 697 et
475 634 669 713 implicatam
688 655 758 702 esse
780 654 875 718 posse
896 635 978 701 hanc
1000 634 1165 713 rationem,
1190 635 1245 700 sed
1268 636 1436 717 simplicis-

280 731 392 796 simam
416 730 578 812 attalem,
602 753 683 815 quoe
706 736 823 816 ubique
844 734 936 800 facile
953 734 985 799 in
1008 732 1117 798 oculos
1131 732 1283 798 incurrat.
1319 734 1436 800 Verum

279 829 482 909 simplicitate
505 848 567 895 non
591 832 770 897 excluditur
785 834 931 911 varietas,
954 848 1036 913 quae
1059 849 1121 911 quo
1143 832 1246 912 magis
1268 834 1436 916 perspicua

280 936 313 991 et
335 929 402 992 sine
425 927 491 993 ulla
512 931 728 996 controversia
749 931 781 996 in
805 930 945 1013 genitivo
969 934 1118 1010 apparet,
1141 928 1188 993 ita
1209 935 1246 994 ut
1274 931 1357 996 satis
1380 931 1436 996 dil-

284 1022 367 1091 ficile
390 1027 433 1090 sit
455 1026 597 1108 singulas
611 1027 706 1093 huius
722 1046 813 1094 casus
829 1028 946 1093 formas
961 1027 1151 1107 discernere,
1174 1043 1217 1091 eo·
1235 1028 1357 1094 certius
1381 1028 1436 1093 hac

286 1123 358 1204 ipso
380 1124 567 1218 primigenia
590 1133 624 1191 et
638 1126 745 1191 nativa
761 1125 946 1208 simplicitas
961 1128 1103 1206 apparet,
1126 1142 1189 1204 qua
1203 1125 1297 1190 ambo
1313 1128 1436 1191 nomina

285 1221 371 1285 inter
393 1238 428 1286 se
451 1224 695 1303 coniunguntur.
732 1225 814 1290 Nam
831 1226 898 1289 sine
920 1224 979 1288 hac
994 1222 1195 1304 simplicitate
1209 1241 1268 1305 pro
1282 1226 1436 1291 vanatatc

278 1318 385 1399 potius
398 1324 469 1383 orta
485 1326 570 1385 asset
587 1321 727 1387 conlusio
743 1329 776 1387 at
788 1322 975 1400 obscuritas,
991 1337 1072 1401 quae
1087 1319 1147 1385 nisi
1162 1322 1260 1386 variis
1275 1322 1435 1387 adiumen-

279 1416 332 1495 tis,
355 1416 444 1482 velut
466 1419 764 1499 praepositionibus,
789 1419 859 1484 tolli
880 1438 941 1485 non
964 1417 1130 1500 potuisset.
1169 1418 1301 1486 Talibus
1331 1425 1434 1485 autern

284 1514 476 1581 adiumentis
499 1516 608 1598 lingua
630 1519 730 1583 latina
744 1518 776 1582 in
799 1518 937 1599 genitivo
959 1534 1130 1597 numquam
1153 1534 1212 1581 usa
1234 1522 1286 1583 est
1308 1535 1368 1583 nec
1382 1518 1436 1583 nisi

282 1612 445 1678 rarissime
467 1634 526 1696 pro
550 1617 690 1697 genitivo
713 1617 842 1681 maioris
863 1614 1099 1697 perspicuitatis
1122 1611 1335 1699 causa1aimile
1351 1616 1435 1696 quid·

281 1711 354 1775 dam
378 1713 522 1793 adhibet,
553 1720 590 1780 ut
617 1715 713 1779 alium
738 1731 846 1779 casum
869 1714 1069 1779 coniunctum
1096 1731 1168 1778 cum
1195 1713 1437 1795 praepositione,

282 1816 316 1873 et
347 1811 447 1876 sicubi
476 1812 637 1877 invenitur
665 1813 837 1876 etiamnum
861 1812 1034 1893 genitivus,
1058 1810 1148 1875 cuius
1170 1809 1361 1892 significatio
1383 1830 1437 1875 non

286 1909 396 1974 statim
426 1910 571 1990 cognosci
601 1911 716 1991 possit,
744 1928 854 1991 saepe,
877 1914 914 1974 ut
936 1910 975 1974 de
996 1907 1105 1973 multis
1128 1909 1199 1974 aliis
1221 1916 1362 1988 mecam,
1385 1909 1437 1973 hoc

285 2025 324 2069 ex
348 2024 385 2070 eo
408 2009 618 2088 repetendum
636 2014 694 2089 cst,
716 2010 800 2090 quod
824 2009 990 2085 rationem,
1013 2025 1095 2088 quaa
1118 2025 1176 2087 per
1191 2024 1226 2072 se
1249 2008 1379 2088 quidem
1395 2013 1438 2072 est

291 2103 468 2184 implicata,
498 2106 613 2170 sensim
636 2124 693 2187 pro
716 2107 851 2188 simplici
875 2108 1020 2187 accipere
1043 2111 1285 2169 consueverant
1331 2104 1439 2169 Primi·

291 2204 385 2282 genia
412 2204 512 2285 igitur
534 2202 722 2286 significatio
746 2206 886 2287 genitiva
908 2209 980 2269 erat
1000 2202 1082 2267 ratio
1104 2202 1212 2267 nativa
1229 2207 1263 2266 et
1277 2193 1440 2284 simplicis·

291 2301 370 2365 sima
392 2302 479 2366 nulla
500 2302 564 2367 alia
585 2304 713 2368 notione
735 2303 952 2368 intercedente
975 2302 1098 2376 adiuta,
1121 2318 1184 2380 qua
1206 2301 1235 2364 ei
1260 2302 1316 2381 qui
1337 2301 1440 2380 loque

290 2397 401 2480 batur,
435 2418 517 2481 quae
556 2408 643 2467 esset
674 2402 806 2484 propria
838 2401 886 2465 vis
919 2419 955 2466 ac
986 2405 1102 2465 natura
1134 2398 1266 2463 alterius
1300 2400 1441 2475 nominis,

291 2498 473 2563 accuratius
495 2501 691 2566 constituere
714 2500 911 2582 propositum
936 2502 1014 2578 erat,
1041 2503 1074 2562 et
1094 2497 1141 2562 ita
1164 2496 1301 2577 quidem,
1326 2503 1442 2562 utnon

288 2593 348 2659 hoc
383 2595 480 2662 vellet
510 2598 629 2679 dicere,
657 2600 718 2663 sibi
750 2599 836 2665 illam
860 2599 957 2663 talem
984 2597 1085 2662 videri
1113 2600 1253 2675 tantum,
1281 2595 1340 2660 sed
1368 2595 1442 2659 hanc

289 2693 542 2758 coniunctionem
571 2714 605 2759 se
628 2714 758 2761 censere
781 2697 876 2761 talem
901 2715 988 2774 esse,
1017 2714 1098 2776 quac
1121 2713 1157 2760 re
1179 2711 1256 2758 vcra
1277 2693 1310 2757 in
1331 2699 1444 2757 natura

287 2790 338 2853 val
369 2791 401 2855 ln
423 2792 601 2857 rationibus
628 2793 766 2859 notionis
794 2792 989 2859 definiendae
1019 2793 1145 2857 aliunde
1169 2792 1254 2856 notis
1276 2791 1442 2854 niteretur.

289 2886 333 2950 Et
355 2886 433 2953 haec
455 2891 583 2969 quidem
609 2892 682 2956 talis
705 2898 790 2973 erat,
815 2899 851 2957 ut
873 2894 917 2972 ei,
946 2891 1001 2972 qui
1024 2891 1146 2972 primus
1173 2889 1301 2952 audiret
1330 2906 1442 2953 nomen

294 3000 365 3047 curn
389 2987 528 3066 genitivo
559 2991 759 3055 coniunctum
782 2990 1036 3072 pronunciatum,
1059 2987 1144 3052 ultro
1160 2987 1329 3068 perspicua
1352 3004 1446 3068 appa·

292 3090 381 3148 reret
411 3089 444 3149 et
466 3088 655 3163 necessaria,
678 3106 768 3168 quae,
784 3094 821 3153 ut
835 3090 918 3154 clare
941 3086 1186 3168 perspiceretur,
1209 3102 1273 3149 non
1289 3084 1446 3166 indigeret

291 3182 430 3246 transitu
453 3185 577 3250 demum
601 3186 684 3252 iacto
708 3187 748 3252 ab
770 3206 834 3252 una
856 3188 983 3252 notione
1009 3185 1049 3250 ad
1071 3184 1215 3248 alteram.

375 3281 461 3347 Talis
492 3283 627 3349 duorum
660 3285 820 3350 nominum
851 3283 1088 3365 compositionis
1118 3300 1215 3346 causa
1248 3280 1361 3345 eadem
1390 3284 1447 3357 est,

293 3394 357 3458 qua
390 3380 515 3445 omnino
545 3383 701 3448 vocabula
731 3384 815 3449 inter
844 3402 878 3448 se
905 3383 1157 3462 coniunguntur,
1190 3397 1263 3443 nam
1291 3379 1361 3444 sine
1395 3379 1449 3442 tali

294 3476 511 3542 additamento
540 3481 628 3544 notio
659 3499 722 3545 non
751 3481 828 3545 satis
855 3481 1024 3561 perspicua
1052 3477 1167 3543 fuisset
1188 3484 1221 3542 et
1243 3496 1358 3558 quum,
1388 3495 1448 3557 quo

300 3576 401 3655 magis
426 3574 564 3657 definita,
587 3595 624 3641 eo
648 3580 750 3660 magis
770 3581 939 3661 perspicua
961 3579 1004 3642 sit
1025 3578 1129 3656 notio,
1156 3593 1259 3656 neque
1282 3573 1451 3655 loquamur

294 3672 354 3738 hoc
384 3674 453 3738 loco
485 3675 524 3740 de
552 3676 693 3741 subiecto
726 3684 759 3742 et
785 3677 969 3758 praedicato
996 3693 1100 3756 nequo
1128 3674 1252 3739 omnino
1282 3673 1323 3738 da
1353 3691 1453 3738 enun-

291 3772 443 3851 tiatione,
472 3774 529 3837 sed
561 3780 683 3839 tantum
711 3776 751 3839 de
778 3776 907 3840 notione
930 3792 1058 3854 perse,
1083 3791 1164 3854 quae
1191 3771 1373 3836 definienda
1396 3776 1454 3847 est,

292 3876 431 3951 apparet
457 3871 527 3951 ipsa
552 3878 668 3939 natura
695 3874 791 3939 huius
820 3873 956 3938 notionis
978 3872 1149 3952 postulari,
1177 3874 1214 3934 ut
1234 3868 1453 3933 additamento

293 3969 345 4034 vel
376 3967 546 4034 definiatur
573 3971 624 4035 uel
652 3989 715 4035 non
743 3968 923 4036 definiatur.
968 3971 1038 4035 Hoc
1066 3970 1200 4034 alterum
1228 3974 1296 4032 tum
1325 3966 1455 4032 demum

287 4065 356 4134 fieri
383 4073 520 4148 poterut,
544 4086 641 4148 quum
665 4070 693 4134 ls
722 4070 776 4150 qui
800 4069 992 4150 loquebatur
1013 4068 1173 4132 notionem
1196 4066 1258 4129 iarn
1282 4065 1364 4130 satis
1379 4063 1456 4129 deli·

295 4167 394 4232 uitam
419 4185 489 4233 asse
511 4168 658 4249 idemque
682 4186 753 4232 eum
777 4169 831 4248 qui
854 4166 1006 4232 audiebat
1028 4182 1159 4230 censere
1181 4163 1326 4244 putabat
1372 4161 1455 4228 Illud

296 4274 404 4331 autem
428 4267 455 4331 si
476 4264 586 4345 fiebat,
609 4272 646 4331 ut
667 4267 754 4331 notio
776 4267 847 4346 ipsa
868 4265 1061 4346 postularet,
1088 4269 1125 4327 ut
1146 4262 1325 4327 accuratius
1348 4259 1457 4326 defini·

296 4373 396 4445 retur,
418 4367 506 4430 notio
529 4365 621 4432 nimia
644 4365 707 4430 late
727 4364 870 4445 patebat,
893 4364 940 4429 ita
961 4368 1006 4442 ut,
1029 4367 1186 4444 quatenus
1201 4376 1348 4440 quaeque
1371 4358 1456 4438 cogi·
