3125 5075
515 367 603 406 CASUS
619 366 888 406 suesrarmvouuu.
909 388 929 396 -
949 367 1051 405 ABLAT.
1298 376 1357 433 143

206 538 337 621 lieni,
354 542 463 620 3,13;
485 543 530 606 Ut
551 543 705 605 edomatur
726 541 893 619 moechum,
914 543 965 617 qui
985 542 1115 616 [most
1136 541 1230 605 ieros.
1246 538 1360 621 Amph.

206 637 300 720 ΙΗ,
332 641 413 704 183:
452 640 533 715 Quid
557 658 613 717 ego
639 639 712 716 ieci,
748 656 810 714 qao
835 640 930 701 istaec
957 646 1082 717 propter
1112 640 1194 702 ddcte
1224 640 1361 702 dicautur

205 736 290 800 fii?
333 731 428 802 Men.
449 752 479 800 ν.
504 741 582 803 151:
619 739 762 815 Litigium
783 738 869 798 tibist
890 755 956 799 cum
977 755 1085 800 uxore:
1123 755 1156 800 co
1181 740 1222 798 mi
1248 738 1302 799 abs
1328 745 1361 798 te

203 851 287 898 caseo
309 836 437 897 andus
458 831 615 912 ostioli).
639 834 726 901 Pers
750 853 780 899 v.
804 835 865 897 785
889 836 923 897 et
937 831 1036 900 hiere.
1058 854 1087 899 v.
1112 838 1173 902 388
1195 854 1236 896 eo.
1260 830 1359 898 hiere·

201 949 225 996 r.
246 936 304 998 31:
327 934 392 995 hoe
413 950 447 994 co
467 934 504 995 dt
524 937 602 1012 quia
626 931 712 998 Asin.
751 932 790 1012 V,
814 937 841 1008 l,
867 935 919 995 16:
943 941 976 995 at
996 952 1055 995 nou
1078 951 1110 995 eo
1132 936 1201 1011 quia
1222 934 1277 995 tihi
1299 950 1358 994 non

201 1033 314 1110 cupiam
338 1033 526 1109 quaerelis.
572 1029 645 1096 Aul.
667 1029 710 1107 11,
735 1034 765 1110 2,
789 1033 844 1096 63:
882 1033 931 1091 Eo
952 1033 1030 1109 dico,
1053 1050 1091 1093 ne
1112 1048 1159 1092 me
1183 1033 1359 1092 thensauros

201 1131 373 1208 mmmm
397 1146 530 1192 censeas.
575 1127 656 1195 Rue
679 1128 739 1208 IV,
761 1133 799 1209 4,
822 1132 876 1194 7οε
913 1132 962 1191 Eo
984 1136 1102 1207 tacent,
1140 1130 1210 1205 quia
1235 1131 1359 1190 tacitast

202 1231 299 1291 ulios
324 1229 443 1290 mulier
470 1246 588 1306 semper
615 1247 703 1307 quam
730 1232 865 1305 loquens.
911 1224 1025 1306 Amph
1047 1224 1114 1306 111,
1138 1230 1173 1305 3,
1197 1229 1251 1290 32:
1288 1227 1356 1286 Non

209 1326 302 1402 edepol
324 1343 391 1402 quo
413 1333 446 1387 te
469 1344 535 1389 esse
558 1328 727 1403 inpudicam
751 1327 914 1389 crederem.
936 1322 1061 1390 Terent
1081 1324 1159 1390 Hec.
1182 1321 1225 1403 Π,
1252 1328 1278 1401 1,
1301 1326 1356 1387 45:

211 1423 387 1487 llflduxere
402 1426 526 1500 inpulere
546 1429 652 1493 costra
672 1429 771 1486 cosdro
792 1426 915 1501 inpudens
936 1425 1055 1486 easdem
1078 1426 1209 1500 exigunt
1233 1419 1278 1487 Ib.
1302 1417 1357 1497 lv,

206 1524 300 1600 Al&
319 1523 448 1597 malso
469 1523 580 1584 duxisti
600 1540 671 1583 meo.
694 1520 771 1586 Hec.
792 1519 872 1602 proh
885 1519 911 1601 1,
933 1539 962 1585 v.
978 1527 1013 1586 4:
1043 1523 1091 1582 lta
1112 1524 1239 1598 populus
1260 1519 1358 1581 studio

203 1622 333 1698 stupidus
358 1622 391 1681 in
413 1619 585 1682 funambulo
598 1622 736 1682 Animum
758 1627 930 1695 occuparat,
954 1617 984 1684 h.
1000 1636 1027 1683 e.
1050 1622 1184 1698 propter
1206 1615 1356 1696 studium.

201 1715 273 1784 fler.
296 1715 343 1797 11,
371 1723 399 1797 l,
421 1721 481 1780 41:
508 1720 617 1780 lassum
640 1720 751 1795 oppido
773 1719 876 1779 aibant
900 1725 1066 1781 tumesco:
1094 1735 1127 1777 eo
1149 1717 1187 1777 ad
1210 1733 1274 1776 eam
1297 1711 1356 1776 non

202 1819 330 1880 emisa
353 1834 428 1879 sum
464 1812 582 1879 Heaut.
604 1814 664 1895 111,
686 1819 716 1894 2,
737 1819 792 1880 43:
815 1818 919 1892 Neque
940 1833 973 1876 eo
994 1834 1072 1877 nunc
1095 1817 1171 1889 dico,
1193 1830 1251 1889 poc
1273 1815 1355 1889 quie-

202 1934 285 1995 quam
306 1917 394 1977 illum
423 1916 578 1977 senserim.
621 1912 703 1978 Eun
725 1911 754 1992 Ι,
778 1916 813 1992 2,
837 1917 890 1976 16:
928 1915 995 1976 Nou
1018 1916 1079 1990 pol,
1102 1930 1158 1987 qao
1181 1928 1355 1988 quemquam

202 2017 267 2091 plns
291 2029 390 2075 amem
412 2019 465 2074 aut
486 2014 556 2090 plus
577 2013 713 2090 diligam,
741 2014 790 2074 Eo
812 2011 880 2073 feci.
924 2008 1058 2090 Adelph.
1080 2008 1120 2090 V,
1143 2014 1173 2089 3,
1196 2013 1250 2074 89;
1286 2012 1353 2071 Non

203 2129 257 2187 qao
279 2111 436 2173 dissimilis
457 2128 508 2171 res
530 2112 579 2185 sit,
606 2110 658 2173 sed
679 2128 736 2185 quo
758 2113 784 2172 is
807 2113 856 2186 qui
871 2109 954 2183 iacit,
977 2107 1018 2171 ad
1040 2124 1069 2187 q.
1092 2105 1112 2171 l.
1135 2104 1216 2172 conl.
1244 2105 1354 2171 Ruhn-

204 2206 341 2273 kenium.
363 2205 481 2272 fleant
504 2204 564 2286 111,
588 2212 616 2286 l,
640 2210 680 2272 96
703 2224 764 2288 sq:
788 2226 826 2270 an
849 2225 881 2268 co
902 2209 949 2286 ht,
973 2210 1043 2284 quia
1064 2225 1097 2268 re
1120 2209 1150 2268 in
1173 2214 1278 2268 nostra
1299 2213 1351 2266 aut

201 2307 306 2387 prndio
327 2306 433 2368 Sumus
456 2306 626 2382 praepediti
653 2309 743 2369 nimio
773 2314 826 2367 aut
847 2306 1055 2382 aegritudine?
1098 2300 1234 2383 Adelph.
1256 2300 1300 2380 11,
1322 2306 1352 2380 4,

202 2406 233 2468 h:
263 2407 310 2466 Ns
339 2404 372 2464 id
401 2404 578 2466 adsentandi
611 2407 704 2481 magis
735 2422 822 2481 quum
851 2421 909 2480 poc
942 2405 1066 2465 habeam
1091 2410 1224 2479 pratum,
1250 2400 1352 2461 iacere

203 2505 369 2567 existumes
396 2499 531 2581 Adelph.
551 2498 612 2582 III,
635 2505 664 2577 2.
689 2505 730 2567 28
745 2518 806 2582 sq:
829 2505 954 2567 Alienus
976 2510 1024 2566 est
1046 2503 1082 2565 ah
1105 2509 1209 2564 nostra
1229 2498 1351 2562 familia

204 2597 280 2666 808
302 2603 390 2675 Hem,
412 2601 502 2675 Perii,
524 2618 585 2675 poa
604 2600 657 2661 re?
677 2599 754 2666 Hec.
769 2599 825 2676 IV,
850 2605 878 2676 1,
901 2604 955 2665 38:
977 2602 1082 2662 Nonne
1096 2602 1282 2663 dissimulare
1298 2617 1351 2661 nos

204 2703 290 2778 magis
312 2701 501 2760 humanumst
527 2717 613 2775 quam
636 2700 708 2761 dare
731 2718 852 2778 operum
874 2701 905 2759 id
927 2697 1005 2761 scire
1031 2702 1159 2774 quinos
1181 2699 1291 2772 oderit,
1319 2693 1350 2760 h.

204 2813 228 2861 e
250 2814 345 2878 quam
367 2795 407 2860 oh
431 2813 507 2860 rem.
551 2795 629 2862 Hec.
653 2796 711 2876 Ill,
735 2800 764 2874 3,
787 2804 822 2861 4:
850 2800 916 2875 Quo
937 2817 983 2858 me
1006 2806 1131 2874 propter
1153 2799 1349 2858 exanimatum

205 2898 286 2960 eitius
308 2895 397 2958 eduxi
427 2895 518 2957 loras.
563 2893 696 2974 Adelph.
720 2893 779 2975 ΙΙΙ,
812 2899 844 2974 1,
870 2900 924 2959 21:
965 2897 1076 2957 homini
1103 2898 1174 2956 ilico
1201 2897 1350 2955 lacrumae

204 2995 310 3057 adure
335 2995 426 3069 Quasi
446 3011 542 3069 puero
563 2994 683 3068 pando.
725 2993 822 3057 Andr.
847 2992 884 3072 V,
906 2999 937 3070 4,
960 2997 995 3056 6:
1033 2997 1118 3055 Itane
1144 2997 1201 3054 huc
1227 3001 1350 3070 paratus

202 3092 340 3154 advenis?
361 3088 425 3155 cit.
448 3091 587 3170 Quare?
620 3089 717 3154 Andr.
740 3090 795 3171 IV,
818 3097 847 3171 2,
870 3095 904 3156 8:
927 3094 1039 3169 Quium
1062 3090 1207 3170 (nuptiis)
1231 3092 1348 3167 quidem

202 3209 285 3267 quam
311 3190 401 3252 facile
428 3198 570 3266 potuerat
592 3192 719 3266 quiesci,
749 3193 774 3252 si
797 3192 845 3251 hic
868 3192 1013 3267 quiesset!
1043 3187 1073 3252 h.
1102 3206 1129 3252 e.
1160 3199 1263 3270 megan
1298 3187 1349 3249 het

201 3286 237 3357 (b.
261 3284 289 3369 h.
314 3288 385 3350 mod
409 3282 565 3366 substriiit
587 3283 647 3363 bie)
669 3282 808 3369 decripsit
830 3284 938 3350 tonate
961 3303 1033 3350 mon
1058 3281 1148 3364 liuha
1171 3281 1279 3364 buben.

278 3383 352 3451 Huc
389 3384 552 3464 pertinent
588 3386 684 3449 eiiam
726 3384 857 3450 ablativi
897 3403 989 3446 consa
1026 3387 1058 3448 et
1088 3385 1198 3459 pretio.
1250 3380 1347 3445 Naev.

201 3480 379 3566 lhiphallus
401 3499 429 3545 v.
446 3487 503 3547 97:
531 3487 640 3546 amoris
663 3503 763 3546 coeco.
789 3482 867 3548 Cato
890 3482 930 3546 de
952 3481 1114 3546 Lusitanis
1135 3497 1185 3559 ap.
1209 3477 1346 3544 Gellium

201 3579 222 3661 Ι,
242 3589 260 3648 7
280 3579 421 3660 (Iordan.
444 3585 496 3661 27,
521 3584 568 3657 5):
600 3600 637 3643 ea
657 3601 756 3646 eausa.
798 3580 891 3645 Ennii
915 3580 1117 3645 Andromeda
1138 3576 1176 3642 lr.
1199 3581 1233 3642 4:
1255 3579 1346 3638 Libe·

202 3698 255 3743 mm
276 3681 483 3758 quaesundum
505 3698 604 3744 causo.
649 3679 701 3744 Fr.
723 3679 784 3744 inc.
808 3686 888 3760 trag.
914 3683 968 3742 26:
1007 3682 1052 3741 sui
1080 3685 1221 3755 quaestus
1244 3694 1345 3740 coroa.

201 3776 393 3845 Euhemerus
416 3774 455 3842 fr.
479 3782 508 3857 3,
533 3782 584 3842 12:
609 3781 672 3840 eius
695 3781 741 3838 rei
762 3795 861 3840 coroa.
906 3777 1011 3842 Plaut.
1036 3775 1148 3858 Amph.
1177 3774 1210 3856 I,
1234 3780 1268 3855 3,
1290 3777 1345 3838 42:

201 3876 259 3941 lloii
280 3878 398 3945 amabo,
420 3878 613 3955 Amphitruo,
636 3878 727 3937 irasci
750 3877 854 3938 Sosiae
876 3895 968 3938 coroa
988 3895 1063 3940 mco.
1087 3873 1164 3941 cist.
1187 3873 1213 3954 Ι,
1238 3879 1265 3953 l,
1288 3877 1344 3938 83:

201 3994 250 4050 roo
270 3978 438 4040 arcessitae
461 3993 553 4036 cosmo
575 3976 613 4035 ad
634 3992 681 4035 me
704 3978 788 4053 estis,
811 3977 943 4051 eloquar.
968 3973 1059 4038 Truc.
1082 3973 1124 4052 ΙΙ,
1147 3979 1176 4052 5,
1199 3976 1232 4037 8;
1254 3975 1346 4035 Lucri

200 4092 280 4138 mro
301 4091 396 4136 arara
424 4076 566 4149 probrum
590 4060 653 4143 οὗ
676 4080 826 4133 exsecuta
869 4070 984 4136 Pseud.
1007 4069 1033 4152 I,
1059 4075 1186 4150 1,120:
1219 4073 1344 4133 Pietatis

198 4189 295 4237 osseo
315 4175 366 4236 uel
389 4174 481 4233 etiam
503 4179 628 4233 matrem
651 4190 782 4248 quoque,
806 4187 900 4249 quem
922 4168 1026 4234 locum
1049 4187 1110 4233 non
1138 4172 1225 4233 reete
1247 4169 1345 4232 inter·

199 4274 337 4348 pretatur
366 4268 501 4334 Rostius
535 4274 700 4333 comment.
737 4267 840 4331 Plaut.
866 4285 897 4348 p.
926 4272 998 4337 233,
1021 4273 1108 4331 recte
1144 4266 1344 4349 Ladewigius

200 4364 340 4435 Zeilethr.
371 4365 391 4432 ί
417 4365 482 4430 Ait.
512 4370 602 4442 1842,
625 4385 655 4448 p.
682 4370 772 4432 1073.
820 4365 917 4431 Merc.
941 4366 971 4447 Ι,
998 4371 1033 4445 2,
1064 4370 1117 4430 27:
1159 4369 1221 4427 Tua
1243 4384 1341 4428 causa.
