3125 5075
522 361 550 399 ll.
579 359 749 399 Pnon'otttns
765 359 1019 399 DEMOR'STRATIVA.
1299 368 1359 425 373

214 534 304 597 damst
330 535 390 595 illo
416 528 485 597 ΒΟ.
515 551 592 610 qnae
620 535 725 597 illast?
767 532 864 597 Poen.
887 533 968 615 prol.
991 552 1020 598 v.
1038 538 1114 599 119:
1132 532 1201 602 Ille.
1222 536 1272 610 qni
1295 535 1365 597 odo·

210 633 406 711 periturns
427 632 485 693 eibi
506 650 562 707 pro
584 632 657 707 fiho,
677 633 778 693 Icilii
800 635 900 694 Poeno
922 635 1045 695 huiusce
1067 635 1148 710 petri
1169 635 1278 708 hospes
1301 633 1381 694 fnit·

208 728 298 810 npia
321 727 383 807 111,
404 733 436 807 4,
461 732 513 792 18:
548 731 601 791 Pol
624 749 679 806 ego
701 733 795 807 magis
817 750 906 792 unum
930 749 1055 807 quaero,
1085 749 1167 793 meas
1189 732 1260 807 quoi
1279 750 1366 807 prae-

208 830 315 903 dicem,
340 830 436 902 Quam
457 830 543 890 illum
566 832 617 904 qni
640 836 785 889 memoret
807 847 875 890 suas
897 831 978 889 mibi.
1022 826 1119 892 Most.
1134 827 1177 908 Π,
1195 833 1223 907 l,
1240 832 1296 892 51:
1319 830 1368 889 lta

205 928 251 987 illc
271 926 354 987 faxit
369 929 512 1003 luppiter.
535 928 596 986 Ille
606 922 764 997 δεικτικῶς,
787 944 815 990 v.
831 914 938 991 adnot.
955 926 1086 990 Tanbm.
1102 923 1178 989 cist.
1195 924 1250 1004 ΙΙΙ,
1267 929 1295 1001 2,
1311 932 1328 988 7
1335 930 1366 988 1:

208 1027 244 1086 tt
265 1025 329 1087 sibi
350 1026 404 1085 illc
426 1027 547 1099 quidam
570 1028 631 1086 volt
653 1026 718 1086 dari
740 1026 918 1086 mercedem.
963 1024 1032 1088 ΗΑ.
1066 1029 1107 1086 At
1128 1029 1178 1100 pol
1204 1026 1259 1085 illo
1278 1041 1367 1097 quoc-

206 1123 272 1182 dom
297 1119 445 1192 (lanbm.
469 1113 487 1181 ὃ
511 1120 602 1197 δεῖνα)
625 1125 659 1186 et
680 1141 708 1185 v.
725 1128 782 1186 74:
806 1125 848 1183 ht
870 1126 947 1184 enim
969 1125 1020 1183 illc
1041 1123 1173 1196 quidam,
1195 1125 1311 1199 mulier,
1333 1126 1364 1183 in

206 1223 287 1282 mila
323 1237 420 1296 opera
453 1223 624 1295 gratuitast.
667 1218 825 1300 Exempla
857 1219 1085 1284 coniunctionis
1112 1223 1162 1282 ille
1189 1223 1277 1289 alter,
1311 1219 1365 1284 ubi

207 1319 251 1378 iiie
278 1315 507 1380 disiunctionis
537 1334 635 1381 causa
667 1317 813 1396 additur,
848 1316 987 1382 Haasius
1021 1318 1063 1382 ad
1089 1317 1206 1399 Reisig.
1235 1336 1264 1399 p.
1293 1321 1364 1390 360,

214 1414 312 1480 adnot.
339 1417 401 1478 365
425 1413 518 1478 affert
539 1414 633 1480 haec:
657 1413 740 1479 Men.
763 1415 844 1495 prol.
867 1435 896 1481 v.
920 1419 969 1478 26.
993 1419 1052 1479 28:
1087 1420 1208 1493 Inponit
1234 1420 1364 1494 gemino-

214 1523 270 1575 Μ
292 1517 426 1575 alterum
449 1515 479 1574 in
502 1533 606 1575 nauem
628 1524 724 1590 pater,
743 1546 780 1557 -
798 1517 893 1576 Illum
916 1517 1037 1592 reliquit
1058 1518 1185 1578 aberam
1205 1516 1283 1592 apud
1303 1532 1364 1575 ma·

210 1609 579 1688 tamnominati
606 1624 667 1690 sq,:
696 1616 835 1673 Immotat
860 1616 1043 1690 geminorum
1070 1633 1178 1677 nomen
1204 1632 1274 1676 avos
1296 1614 1364 1673 huic

209 1713 303 1773 citeri.
352 1712 398 1770 Ita
419 1711 504 1770 illum
527 1713 644 1784 dilexit,
679 1715 729 1786 qui
752 1713 941 1789 subruptnst,
976 1714 1114 1787 atteram,
1148 1710 1234 1775 Trin.
1256 1710 1311 1789 lV,
1335 1713 1364 1786 3,

209 1813 241 1873 ta
266 1823 335 1886 sq.:
370 1810 489 1868 Partem
520 1811 646 1868 alteram
668 1811 735 1869 Tibi
763 1813 922 1885 permitto,
957 1813 1040 1871 illam
1066 1812 1192 1871 alteram
1220 1817 1291 1885 aput
1317 1827 1363 1867 mo

212 1908 286 1983 qnod
314 1908 416 1966 boniet
439 1908 595 1982 adponito,
619 1904 746 1969 Terent·
770 1905 903 1986 Adelph.
926 1906 964 1987 V,
987 1915 1017 1988 4,
1043 1913 1095 1972 17:
1129 1911 1179 1969 ille
1201 1910 1278 1968 alter
1299 1909 1362 1968 sine

210 2007 307 2066 labore
338 2007 437 2079 patria
458 2007 572 2079 potitur
594 2005 754 2065 commoda.
800 2004 897 2069 Andr.
920 2005 945 2084 Ι,
971 2011 1000 2083 d,
1025 2011 1059 2069 2:
1093 2008 1164 2084 quid
1190 2007 1268 2067 illud
1295 2005 1363 2066 est?

211 2100 262 2165 td
277 2099 342 2180 ΠΙ,
364 2105 393 2179 2,
414 2104 448 2164 8:
472 2121 558 2177 quem
581 2120 676 2177 neque
698 2104 772 2163 fides
795 2121 892 2179 neque
915 2107 960 2165 ius
982 2106 1137 2166 iurandum
1160 2123 1255 2180 neque
1277 2106 1363 2165 illum

211 2201 414 2261 misericordia
432 2202 598 2275 Repressit,
621 2198 676 2262 ubi
691 2218 754 2262 non
769 2204 868 2279 recte,
890 2200 1012 2281 opinor,
1034 2200 1172 2265 Haasius
1187 2200 1228 2265 ad
1242 2199 1360 2279 Reisig.

213 2312 236 2375 p.
250 2301 324 2374 377,
348 2296 455 2361 adnot.
469 2303 529 2362 379
546 2298 586 2362 ad
597 2300 683 2359 illum
697 2296 814 2361 iterum
830 2316 915 2371 quem
930 2303 1034 2362 mente
1049 2298 1229 2363 addendum
1244 2302 1362 2376 censet,

213 2394 253 2459 ita
267 2399 306 2459 ut
321 2393 404 2457 hanc
420 2394 672 2459 coniunctionem
687 2396 820 2459 duorum
837 2396 1058 2476 pronominum
1072 2395 1255 2473 habeamus,
1278 2413 1362 2469 guent

214 2493 301 2562 λλιιιιι,
326 2491 385 2556 sed
400 2492 507 2573 potius
522 2493 563 2558 ad
579 2511 651 2558 eum
668 2511 761 2559 usum
776 2492 836 2560 hoc
851 2493 963 2575 refero,
980 2497 1035 2575 qui
1050 2494 1147 2560 etiam
1162 2492 1247 2575 apud
1262 2492 1362 2558 Grae·

214 2607 259 2656 tos
283 2597 389 2669 extat,
412 2596 461 2668 ut,
489 2592 591 2656 sicubi
614 2591 677 2656 duo
700 2592 868 2657 enunciata
890 2594 921 2655 ἐκ
942 2588 1140 2674 παραλλήλου
1161 2591 1266 2673 posita
1288 2596 1362 2657 sunt

213 2686 240 2752 in
261 2689 423 2754 sententia
441 2688 586 2769 relativa,
609 2690 698 2770 prius
721 2696 844 2754 tanturn
861 2710 919 2771 per
933 2691 1102 2756 relativum
1116 2708 1290 2771 pronomen
1308 2709 1363 2755 ex-

211 2788 375 2866 primatur,
399 2786 536 2851 alterum
558 2793 665 2852 autem
687 2806 745 2867 per
767 2789 1061 2870 demonstrativum,
1084 2789 1123 2855 cl.
1147 2789 1174 2871 ἓ.
1198 2794 1238 2854 25
1261 2788 1332 2853 add.

292 2885 388 2962 Quod
414 2887 455 2950 ad
482 2905 637 2950 taurinorum
663 2886 860 2965 pronominis
892 2891 943 2950 ille
969 2890 1100 2969 attinet,
1136 2889 1233 2954 etiam
1267 2886 1362 2952 huius

208 2983 404 3062 pronominis
430 2983 564 3064 pluralis
598 2982 758 3063 reperitur
791 2985 832 3049 ad
868 2987 1104 3052 substantivum
1138 3002 1363 3068 praegressum

207 3080 380 3163 singularis
403 3083 527 3146 numeri
549 3081 697 3159 relatum,
721 3083 811 3147 cuius
834 3083 1020 3164 significatio
1045 3090 1094 3149 est
1116 3084 1290 3161 collectiva,
1312 3101 1362 3162 ap.

205 3178 316 3244 Calon.
342 3179 379 3243 R.
407 3180 445 3244 R.
469 3199 495 3245 c.
520 3186 555 3245 5:
590 3184 679 3242 scibit
694 3183 723 3241 in
739 3191 838 3243 mente
855 3184 985 3245 familiae
1002 3185 1073 3260 quid
1088 3187 1136 3260 sit,
1160 3185 1251 3245 atilli
1266 3186 1363 3242 animo

203 3283 348 3356 aequiore
372 3279 493 3340 facient.
531 3278 613 3343 item
636 3279 786 3342 attractio
810 3297 903 3344 casus
926 3285 1014 3345 extat
1040 3281 1072 3344 in
1095 3280 1155 3345 hoc
1177 3280 1362 3360 pronomine

200 3376 375 3441 coniuncto
398 3394 469 3440 cum
492 3377 677 3456 pronomine
700 3377 843 3442 relativo.
889 3378 940 3444 Sic
962 3379 1065 3443 Plaut.
1086 3378 1170 3443 Men.
1186 3377 1229 3456 II,
1253 3381 1282 3456 2,
1306 3380 1361 3440 37:

200 3474 364 3537 Nummum
385 3475 471 3535 illum
492 3495 578 3550 quem
600 3481 671 3537 mibi
695 3479 804 3538 dudum
827 3478 988 3552 pollicitn's
1011 3480 1098 3553 dare,
1121 3479 1243 3550 Iubeas,
1266 3478 1292 3536 si
1314 3493 1361 3536 sa-

202 3577 288 3650 pias,
325 3577 481 3648 porculum
504 3574 616 3635 adferri
639 3579 707 3650 tibi,
741 3576 796 3639 ubi
824 3575 897 3640 vide
918 3576 1018 3657 intpp.
1043 3575 1129 3639 Trin.
1151 3572 1208 3652 IV,
1231 3577 1260 3651 2,
1286 3576 1360 3637 143:

206 3675 284 3747 Quia
306 3673 393 3732 illum
415 3692 500 3746 quern
527 3672 696 3735 ementitu's
724 3677 751 3736 is
774 3694 828 3750 ego
852 3696 915 3737 sum
943 3679 1026 3753 ipsus
1050 3676 1235 3736 Charmides.
1281 3672 1362 3737 Rud.

204 3766 262 3849 lv,
284 3774 317 3848 4,
340 3773 397 3832 21:
419 3770 504 3832 illum
527 3790 612 3845 quem
635 3772 681 3849 [tu
703 3774 773 3834 iano
795 3777 938 3853 Venerio]
962 3775 1080 3836 Dudum
1102 3778 1238 3835 lenonem
1261 3779 1362 3832 extru-

206 3869 281 3942 sisti,
306 3870 370 3928 eins
392 3869 521 3930 nidulum
543 3871 593 3930 hic
616 3873 755 3931 eccillum
778 3871 904 3948 [habctl.
942 3872 1071 3936 Terent.
1087 3870 1167 3935 Eun.
1184 3868 1244 3947 lll,
1266 3872 1362 3948 3,18.

203 3962 249 4027 nt
271 3964 318 4030 sic
338 3970 448 4044 potest
476 3964 612 4030 tortasse
644 3967 739 4030 etiam
768 3969 920 4048 explicari
950 3970 1031 4032 Eun.
1054 3969 1133 4049 prol.
1157 3987 1184 4031 v.
1211 3971 1250 4030 10
1273 3983 1359 4046 sqq.:

205 4064 359 4140 atquem
383 4066 556 4126 Thensauro
585 4068 719 4141 scripsit,
754 4086 873 4128 cansam
902 4069 1002 4129 dicere
1030 4070 1116 4131 Prius
1143 4067 1220 4128 unde
1248 4069 1363 4141 petitur

207 4179 309 4223 aurum
333 4181 392 4239 qua
413 4181 446 4225 rc
470 4166 510 4224 sit
531 4183 629 4233 soom,
665 4167 758 4238 Quam
779 4167 843 4228 illic
865 4167 917 4240 gui
937 4169 1029 4243 petit,
1063 4169 1141 4229 unde
1164 4171 1189 4231 is
1212 4171 1252 4230 sit
1274 4171 1361 4230 then-

211 4276 313 4321 mnrus
335 4263 403 4337 sibi,
426 4260 480 4324 ubi
501 4263 588 4323 illam
604 4266 781 4341 exspectas,
803 4263 864 4327 nisi
879 4262 986 4342 potins
1002 4281 1072 4327 curn
1086 4264 1214 4330 Donato
1236 4265 1361 4347 ellipsin

210 4369 238 4416 r.
252 4358 333 4419 dicat
350 4361 494 4423 statuere
509 4359 598 4423 velis.
622 4360 755 4434 nuipsta
764 4360 961 4440 pronominis
972 4363 1023 4424 iile
1033 4360 1132 4427 habes
1144 4360 1246 4429 Plaut.
1259 4364 1356 4432 Poen.
