3125 5075
206 388 269 447 230
622 379 778 418 sunan-und.
800 378 869 457 (2111)..
885 377 927 419 111.

208 552 241 618 (1.
266 560 301 619 9:
325 556 406 616 sicca
428 571 517 628 qaam
532 555 669 628 plurimo
691 553 794 619 tacito.
836 550 871 617 0.
893 555 949 617 46:
972 554 1084 615 Locum
1107 571 1199 627 quom
1221 555 1366 628 optimam

206 661 237 713 et
259 653 478 727 apertissimam
500 658 531 713 et
552 653 831 713 sarcorosa'ssimam
853 654 983 729 poteris,
1013 657 1045 711 et
1065 668 1154 725 qaam
1176 650 1364 714 emendaram

205 769 298 825 genus
322 757 423 812 terrae
446 766 509 824 eae,
534 750 585 810 uhi
607 752 722 811 semina
743 753 897 827 positurus
920 751 980 810 eris
997 781 1039 791 -
1055 765 1120 809 anm
1137 751 1234 810 locum
1251 750 1365 825 bipalio

206 850 325 909 nortito.
371 845 474 911 Plaut.
498 843 592 911 Most.
616 844 640 922 Ι,
668 852 695 923 1,
717 851 771 910 75;
796 849 1042 925 quamprimum.
1078 842 1205 908 Terent
1229 844 1315 909 Eun.
1339 844 1364 925 Ι,

207 950 233 1021 1,
251 946 305 1008 29;
330 947 387 1006 uisi
403 951 436 1005 ut
447 952 477 1005 te
494 945 622 1005 redimas
638 953 758 1021 captum
780 964 870 1019 qaam
894 962 985 1021 queas
1006 946 1153 1005 Minumo.
1166 975 1209 984 -
1224 948 1265 1023 5.,
1283 940 1363 1008 Cum

207 1040 322 1106 verbis.
365 1039 468 1106 Plaut.
506 1039 603 1105 Poen.
648 1039 687 1122 V,
717 1047 746 1122 2,
769 1048 805 1109 9:
851 1045 947 1121 Quom
974 1044 1139 1103 orationem
1165 1042 1244 1102 hauc
1275 1060 1365 1104 aures

205 1141 320 1201 dulcem
338 1141 495 1201 devoranti
519 1136 608 1203 True.
632 1137 675 1219 ΙῙ,
693 1142 721 1218 2,
741 1144 798 1205 18:
822 1143 918 1219 Quom
933 1159 980 1201 me
996 1141 1051 1202 tibi
1067 1140 1164 1216 uelim,
1187 1137 1244 1203 ubi
1259 1144 1364 1205 mente

208 1235 388 1301 addendum
412 1241 462 1301 est
485 1254 523 1299 ex
546 1238 766 1319 praegressis:
797 1244 929 1317 placere.
953 1237 1037 1302 Men.
1060 1234 1103 1314 ΙΙ,
1127 1238 1156 1312 2,
1178 1240 1239 1301 43:
1268 1240 1365 1315 Quom

205 1336 249 1396 vis
273 1335 416 1396 ridiculus
441 1341 495 1396 est.
523 1332 618 1398 Most.
641 1332 683 1410 ΙΙ,
711 1341 738 1414 1,
761 1340 818 1401 48;
843 1356 933 1411 quom
955 1340 1050 1398 istaec
1073 1336 1185 1397 blanda
1207 1336 1290 1396 dicta
1305 1353 1362 1412 quo

204 1440 333 1493 evenant
348 1433 458 1518 ,madeo
480 1439 569 1493 metu.
594 1429 688 1496 Most.
713 1431 755 1511 ΙΙ,
779 1438 808 1513 2,
833 1438 888 1498 79:
912 1437 1007 1496 Nimis
1030 1452 1119 1509 quom
1141 1433 1280 1495 formido.
1305 1430 1362 1508 ΙΙΙ,

206 1534 233 1606 l,
261 1531 312 1591 12:
351 1547 440 1603 qoam
464 1532 554 1591 timeo
578 1533 676 1593 miser.
723 1530 813 1596 Pers.
841 1531 866 1610 I,
891 1536 919 1611 3,
943 1537 1000 1597 59;
1032 1533 1101 1593 Scin
1129 1549 1219 1605 quom
1242 1530 1362 1605 potest?

205 1623 259 1703 IV,
282 1630 312 1704 4,
337 1630 393 1689 71:
428 1646 518 1701 qaam
540 1629 613 1688 dicit
637 1632 714 1713 quod
738 1637 835 1707 opust.
881 1627 997 1693 Caecil.
1033 1627 1111 1693 Stat.
1142 1625 1180 1689 fr.
1205 1625 1306 1691 Plocii
1330 1630 1361 1689 2:

203 1729 297 1798 Quam
320 1726 431 1801 rogas?
454 1722 581 1788 Terent.
607 1724 684 1790 Hec.
708 1724 762 1804 IV,
786 1731 817 1804 4,
843 1730 896 1791 12:
926 1730 1003 1788 Dum
1034 1745 1071 1788 ne
1101 1728 1277 1788 redducam:
1300 1732 1360 1785 tur·

204 1824 277 1883 heot
299 1840 390 1897 porro
414 1841 503 1896 qaam
525 1824 623 1884 velint.
659 1822 793 1903 Adelph.
818 1823 873 1902 IV,
900 1829 926 1900 l,
954 1827 1006 1887 16:
1029 1826 1125 1902 Quom
1147 1823 1253 1883 vellem
1274 1824 1358 1884 etiam

204 1929 293 1981 noctu
309 1922 413 1981 amicis
429 1938 551 1995 operam
574 1939 637 1981 mos
661 1929 743 1984 esset
763 1923 837 1984 dari.
854 1955 893 1965 -
907 1924 946 1996 6.,
970 1925 1066 2000 Quone
1080 1917 1257 1999 respondet
1271 1936 1360 1999 prae-

206 2032 336 2095 gressae
350 2015 401 2079 vel
417 2016 562 2095 sequenti
575 2018 788 2083 enunciationi
801 2037 872 2083 cum
888 2036 987 2096 qaam,
1010 2017 1050 2080 de
1067 2034 1129 2095 quo
1145 2034 1253 2096 supra.
1267 2052 1311 2060 —
1324 2023 1360 2095 i,

206 2116 305 2192 Qum
327 2113 502 2194 respondet
523 2132 716 2195 praegresso
739 2135 839 2191 oeque.
877 2115 980 2179 Plaut.
1005 2114 1103 2179 Stich.
1127 2114 1152 2193 Ι,
1177 2119 1205 2192 3,
1231 2117 1287 2178 64;
1312 2117 1360 2175 Ri-

206 2214 321 2273 diculus
346 2229 438 2287 oeqoe
460 2216 573 2274 nullust
595 2232 685 2287 queam
707 2217 756 2274 hic
777 2215 895 2290 quando
919 2216 1038 2275 essurit.
1083 2212 1150 2276 Mil
1182 2210 1224 2289 ll,
1250 2217 1278 2290 5,
1304 2216 1359 2276 55;

205 2312 261 2386 Qui
285 2328 375 2384 oeque
398 2311 490 2372 iaciat
506 2313 691 2373 confidenter
708 2315 865 2389 quicquam
888 2329 978 2385 qaum
1001 2327 1076 2386 quae
1099 2312 1251 2371 mulieres.
1268 2306 1360 2389 Epid.

202 2406 245 2487 H,
271 2412 299 2487 3,
323 2412 360 2471 2:
395 2411 515 2469 Nullum
543 2427 609 2471 esse
634 2413 740 2486 opinor
774 2429 830 2485 ego
853 2428 953 2485 agrum
986 2411 1016 2468 in
1039 2426 1111 2484 agro
1138 2409 1243 2469 Attico
1271 2424 1361 2480 aeque

204 2508 334 2569 tererem
358 2524 447 2581 quom
470 2508 518 2567 hic
543 2516 589 2568 est
613 2517 716 2569 noster
737 2510 931 2583 Periphanes.
949 2540 991 2550 -
1006 2509 1046 2583 8.,
1071 2508 1167 2584 Quam
1190 2505 1360 2585 respondet

203 2621 393 2685 praegresso
417 2607 474 2666 aut
496 2604 642 2683 sequenti
665 2605 891 2685 comparativo.
922 2603 990 2666 Liv.
1007 2602 1148 2666 Andron.
1164 2600 1200 2666 ir.
1218 2603 1360 2667 Danaes:

207 2707 291 2764 mitto
315 2721 351 2763 ea
373 2721 448 2778 quae
473 2710 525 2763 tua
547 2712 617 2764 sunt
638 2707 731 2780 magis
755 2721 846 2778 qaam
868 2721 943 2762 mea.
982 2699 1095 2764 Naevii
1117 2699 1302 2780 Agitatorin
1323 2698 1359 2762 f.

205 2806 235 2879 3,
265 2819 292 2863 v.
319 2804 373 2863 10:
412 2803 619 2876 Potiorernque
648 2803 737 2862 habui
767 2804 937 2862 libertatem
961 2802 1053 2860 multo
1081 2818 1169 2873 qoam
1192 2803 1359 2873 pecuniam.

208 2895 383 2960 Tarentilla
405 2895 442 2960 fr.
471 2902 518 2977 12,
542 2916 570 2961 v.
595 2901 650 2962 93:
673 2900 772 2974 potius
797 2917 892 2974 quam.
931 2896 1029 2960 Naev.
1052 2893 1089 2959 ir.
1115 2894 1173 2958 ine.
1198 2912 1279 2959 com.
1307 2898 1359 2958 10:

202 2997 268 3057 Non
293 2996 395 3056 hercle
426 2998 535 3072 apluda
563 3005 610 3058 est
639 2999 727 3058 hodie
751 3016 841 3071 qaam
868 3004 900 3056 tu
923 2998 1055 3071 nequior.
1101 2991 1196 3056 Ennii
1227 2991 1361 3057 Medeae

205 3090 305 3156 exulis
326 3089 363 3155 ir.
391 3096 442 3155 13:
476 3097 568 3169 magis
592 3112 689 3167 qaum.
734 3091 773 3156 fr.
798 3097 854 3156 21:
886 3097 969 3169 prins
994 3110 1083 3166 qaam
1106 3092 1166 3153 fiat.
1213 3088 1362 3171 Thyestis

205 3188 241 3254 fr.
267 3194 296 3269 5,
334 3209 362 3254 v.
387 3194 463 3254 394:
502 3195 552 3267 pol
575 3194 647 3252 mihi
671 3193 792 3253 fortuna
820 3193 914 3267 magis
942 3209 1019 3251 nunc
1051 3191 1122 3251 defit
1145 3206 1237 3263 qaam
1259 3208 1362 3264 genus.

201 3286 295 3368 Trag.
323 3285 435 3368 fragm.
467 3286 525 3352 inc.
558 3293 611 3353 19:
648 3290 795 3351 flammam
819 3291 940 3364 sopiens
964 3289 1082 3349 facilius
1105 3306 1158 3348 ore
1181 3290 1210 3346 in
1236 3289 1361 3348 ardente

203 3389 345 3463 opprimit
367 3390 467 3465 Quam
490 3389 568 3448 bona
591 3389 672 3448 diota
694 3394 805 3448 teneat.
832 3384 1032 3449 Euhemerus
1053 3382 1090 3447 fr.
1115 3389 1143 3463 3,
1167 3388 1203 3447 8:
1228 3387 1362 3447 deterior

203 3494 284 3548 esset
312 3484 402 3560 quana
426 3487 581 3547 Saturnus.
626 3483 720 3547 Ennii
742 3482 845 3547 annal.
880 3482 899 3546 l.
921 3482 992 3561 VII,
1029 3480 1067 3545 fr.
1093 3487 1126 3546 2:
1154 3485 1239 3558 prius
1261 3501 1361 3557 quom.

203 3581 295 3647 Ennii
319 3581 424 3646 annal.
448 3579 467 3644 l.
492 3580 545 3661 VI,
569 3580 607 3645 fr.
626 3585 656 3660 8,
679 3600 707 3646 v.
727 3586 802 3646 188:
827 3584 1045 3658 Bellipotentes
1069 3589 1138 3641 sont
1160 3584 1254 3656 magis
1271 3600 1362 3656 quom

201 3683 480 3758 sapientipotentes.
524 3678 619 3744 Ennii
647 3678 752 3744 annal.
783 3679 804 3744 l.
828 3677 854 3758 Ι,
887 3677 925 3742 ir.
949 3681 1004 3742 26:
1043 3681 1179 3755 iuppiter
1213 3686 1246 3740 ut
1277 3697 1362 3741 muro

200 3780 296 3841 fretus
316 3778 412 3852 monis
428 3780 553 3850 quamde
569 3796 672 3840 manus
687 3782 724 3842 vi.
748 3776 842 3842 Ennii
864 3775 967 3842 annal.
991 3775 1050 3840 inc.
1067 3774 1152 3840 sedis
1173 3772 1288 3855 nagm.
1307 3780 1361 3840 20:

201 3879 242 3939 Et
266 3878 371 3937 melior
402 3878 485 3937 naris
508 3894 598 3949 quom
621 3879 759 3938 stlutoria
781 3884 892 3952 portat.
915 3872 954 3937 fr.
978 3877 1033 3937 22:
1055 3876 1139 3951 prius
1162 3892 1260 3951 quam,
1284 3872 1361 3938 item

203 3973 336 4041 Achillis
370 3971 406 4036 fr.
432 3976 460 4036 8.
498 3973 671 4038 Alcumaeo
708 3972 746 4037 fr.
769 3980 806 4038 3:
844 3974 915 4050 quid
937 3977 1037 4050 potius
1066 3973 1162 4033 dicam
1185 3980 1238 4033 aut
1259 3975 1361 4034 uerius

204 4092 294 4150 quum
315 4072 494 4134 mulierem?
518 4069 705 4151 iphigeniae
727 4068 765 4136 fr.
789 4076 819 4149 4,
842 4088 871 4134 u.
895 4073 966 4135 253.
1000 4068 1103 4134 Plaut
1127 4067 1193 4133 Mil.
1216 4067 1243 4147 1,
1270 4075 1298 4149 l,
1322 4073 1361 4133 2:

203 4175 324 4247 clarior,
354 4171 452 4247 Quom
475 4171 548 4232 solis
571 4171 649 4231 radii
672 4187 738 4231 csse
763 4172 834 4230 olim
858 4187 945 4246 quom
968 4169 1102 4230 sudumst
1125 4170 1232 4230 solent.
1278 4166 1361 4232 Rnd.

202 4266 258 4346 IV,
280 4273 310 4345 4,
335 4271 390 4331 70:
426 4269 472 4329 Eo
495 4274 613 4341 tacent,
637 4269 707 4343 quia
730 4269 853 4329 tacitast
875 4269 981 4328 melior
1004 4268 1111 4326 mulier
1133 4284 1253 4343 semper
1272 4284 1362 4341 quom

201 4369 335 4443 loquens.
381 4364 479 4429 Poen.
511 4362 548 4444 V,
571 4370 602 4444 4,
626 4368 683 4429 22:
728 4367 841 4444 Stulta,
871 4383 972 4438 soror,
1005 4382 1038 4425 es
1061 4382 1145 4440 mage
1168 4382 1261 4439 quoae
1283 4369 1357 4428 uolo.
