3125 5075
281 373 318 429 12
723 359 879 401 ΒΙΙΒΒΤΔΙΙΤ.
902 360 966 401 CAP.
980 360 999 399 1.

278 541 351 600 mito
376 534 516 617 pendere
538 538 655 616 potest.
692 532 789 600 Ennii
810 533 1020 614 Epicharmus
1043 531 1080 597 fr.
1105 538 1134 610 7,
1157 552 1186 597 v.
1212 538 1268 598 10:
1293 539 1344 612 qui
1368 556 1441 600 ren-

277 643 326 699 tus
350 643 397 697 est
419 642 451 696 et
472 635 581 695 nubes:
619 636 714 696 imber
736 640 844 709 postea
864 637 964 709 Atque
993 651 1030 692 oc
1056 636 1150 694 imbre
1179 634 1294 707 frigus:
1331 643 1440 698 ventus

277 742 347 812 post
369 734 411 794 fit.
435 730 539 797 Plaut.
562 729 685 809 Mil.H,
709 734 738 811 2,
762 734 795 793 5:
820 732 974 806 Quemque
998 749 1018 789 a
1038 733 1131 791 milita
1154 734 1207 792 ltoc
1229 734 1367 793 videritis
1389 735 1442 792 lto·

276 834 386 892 minem
407 834 438 891 in
461 832 573 892 nostris
595 832 713 906 tegulis.
757 826 851 891 Truc.
875 826 931 906 IV,
953 834 988 903 4,
1013 832 1053 893 23
1077 828 1288 908 (v.Kn1npm.
1317 829 1358 893 de
1386 833 1440 893 ΑΒ

245 971 259 988 .-
276 945 307 1010 p.
327 929 394 1003 tol:
417 930 448 989 Si
470 927 571 989 aufers
590 945 724 1003 puerum,
747 944 768 984 a
789 927 882 985 milite
901 928 995 985 omnis
1010 944 1075 999 spes
1097 934 1159 986 tum
1184 925 1223 989 mi
1245 931 1375 994 animam
1395 929 1440 990 ef·

277 1025 397 1088 daverit
419 1024 461 1099 (h.
486 1042 522 1103 e.‚
545 1029 582 1089 ut
603 1028 691 1087 recte
714 1023 797 1102 expl.
813 1019 1045 1101 Schmiederus,
1067 1021 1155 1086 nulla
1171 1025 1355 1102 supererit).
1380 1024 1442 1090 Hic

277 1125 378 1186 amit
402 1141 479 1184 omn.
503 1141 572 1198 spes
594 1139 689 1187 uuam
712 1121 874 1185 notionem
896 1117 1047 1200 efficiunt,
1076 1121 1164 1182 πᾶσα
1184 1115 1202 1201 ἡ
1222 1118 1307 1193 ἐλπὶς
1326 1117 1345 1202 ἢ
1362 1112 1441 1183 οὖσα

278 1214 421 1285 ἀπὸτοῦ
443 1214 642 1306 στρατιοότρυ.
686 1219 801 1287 Bacch.
825 1220 867 1299 H,
891 1224 920 1298 2,
947 1222 999 1283 19:
1033 1222 1136 1295 Egone
1158 1228 1206 1293 ut,
1229 1221 1308 1293 qaod
1328 1223 1368 1280 ob
1388 1221 1442 1280 illo

279 1325 353 1405 [me]
388 1322 539 1402 attigisset
569 1327 709 1394 nuntias,
745 1326 813 1386 Non
845 1325 1029 1399 inpetratum
1059 1317 1091 1379 id
1119 1318 1290 1381 advenienti
1317 1320 1347 1380 ai
1372 1320 1441 1381 red·

280 1425 418 1498 dereml,
453 1422 483 1485 h.
508 1440 535 1487 o.
558 1422 645 1487 illius
668 1422 815 1501 nuntius,
847 1440 877 1486 v.
901 1418 1093 1500 Scioppium.
1137 1419 1235 1484 Mero.
1261 1419 1292 1495 1,
1321 1423 1356 1499 2,
1385 1421 1441 1482 28:

280 1525 411 1584 resinam
434 1540 469 1582 ex
492 1524 591 1583 melle.
622 1520 665 1599 ΙΙ,
692 1524 719 1599 1,
743 1524 798 1584 33;
821 1522 863 1582 ibi
886 1538 941 1595 ego
963 1522 1122 1595 conspicor
1141 1520 1258 1579 Nauem
1272 1537 1309 1579 ce
1323 1518 1440 1579 Rhodo.

279 1618 458 1684 Weissenb.
482 1623 564 1699 synt.
587 1636 617 1699 p.
637 1622 697 1683 132
720 1615 816 1681 affert
836 1616 909 1681 Aul.
932 1615 1011 1696 prol.
1034 1634 1062 1679 v.
1085 1619 1140 1680 28:
1172 1619 1209 1678 de
1232 1635 1346 1679 summo
1369 1617 1442 1677 adu-

280 1722 399 1780 lesceus
420 1721 502 1790 loco,
530 1716 719 1795 Kruegerus
740 1732 872 1796 gramm.
895 1715 949 1779 lat
972 1732 1003 1794 p.
1028 1717 1090 1777 667
1113 1731 1140 1778 c.
1163 1713 1246 1778 Rud.
1268 1712 1325 1793 IV,
1350 1718 1384 1792 5,
1409 1718 1442 1775 7:

281 1818 317 1878 de
335 1834 444 1892 genere
461 1833 575 1876 summo
590 1816 784 1876 adulescenti.
829 1811 982 1876 Fortasse
1002 1810 1064 1875 huc
1079 1811 1221 1891 pertinet
1236 1810 1333 1875 ctiam
1351 1809 1443 1889 Epid.

279 1912 323 1992 ΙΙ,
347 1917 375 1991 2,
399 1917 453 1976 22;
491 1932 511 1971 a
534 1913 645 1986 legione
670 1930 768 1973 omncs
789 1915 908 1973 remissi
936 1918 1005 1972 sunt
1030 1913 1147 1971 domum
1169 1912 1297 1984 Thebis,
1333 1906 1360 1972 si
1383 1906 1444 1971 hoc

281 2009 402 2075 dictum
425 2014 475 2073 est
497 2025 572 2088 pro:
595 2026 714 2086 omnes,
737 2010 793 2088 qui
807 2008 849 2074 ad
862 2007 1023 2087 legionem
1038 2007 1207 2087 pertinent.
1253 2006 1326 2070 Ter.
1343 2004 1444 2069 Andr.

278 2108 307 2186 Ι,
333 2111 360 2186 1,
388 2111 462 2172 129:
485 2110 532 2168 Ea
554 2110 680 2183 primum
704 2111 742 2168 ab
763 2110 817 2168 illo
839 2108 1102 2168 animadvertenda
1123 2107 1274 2166 intartcst.
1319 2102 1403 2166 Eun.
1419 2100 1444 2179 I,

279 2210 309 2285 2,
331 2209 387 2270 85;
421 2225 531 2282 cupere
559 2215 589 2267 te
616 2224 653 2267 ce
672 2207 834 2279 Aethiopia
854 2205 1047 2264 Ancillulam.
1092 2202 1280 2281 Kruegerus
1311 2218 1444 2280 gramm.

279 2320 309 2384 p.
334 2306 395 2367 667
418 2301 513 2366 affert
536 2302 595 2367 Ad.
618 2301 674 2367 IV.
698 2306 731 2380 2,
756 2308 788 2365 2:
827 2320 847 2361 a
867 2305 941 2362 cillo
966 2302 1182 2361 mmocnnrium
1205 2301 1288 2372 Vidi,
1320 2298 1444 2363 Wuell·

279 2418 378 2465 uerus
400 2400 441 2465 de
463 2399 590 2466 casibus
612 2416 643 2479 p.
667 2403 708 2463 27
731 2398 849 2479 Hecyr.
872 2397 910 2476 V,
936 2404 963 2475 1,
988 2401 1044 2461 3οι
1080 2400 1105 2458 si
1133 2405 1214 2458 esset
1242 2397 1305 2456 alta
1331 2416 1369 2457 en
1391 2400 1445 2457 boc

279 2505 413 2575 quaesta
436 2501 516 2560 haud
530 2499 656 2572 faceret,
678 2500 750 2572 scio,
767 2495 797 2559 h.
815 2513 841 2561 e.
857 2494 953 2561 huius
969 2500 1131 2576 quaestus,
1148 2512 1176 2558 v.
1191 2493 1317 2559 Ruhnk.
1334 2493 1445 2560 dictat.

280 2596 315 2661 in
337 2596 468 2660 Terent.
490 2596 512 2658 l.
535 2593 555 2656 l.
579 2599 613 2658 et
635 2593 850 2659 Schaefferum
873 2593 913 2658 de
935 2611 996 2658 usu
1018 2610 1127 2672 praep.
1152 2591 1224 2655 Ter.
1252 2610 1282 2671 p.
1309 2597 1358 2656 10.
1395 2593 1446 2658 De

281 2690 516 2775 posterioribus
527 2691 744 2783 scriptoribus·
753 2691 814 2755 vid.
827 2689 1005 2755 Weissenb.
1019 2694 1099 2770 synt.
1113 2689 1168 2753 lat
1179 2706 1210 2769 p.
1225 2692 1275 2766 67,
1291 2689 1400 2754 adnot.
1415 2695 1445 2755 2.

367 2788 517 2868 Inprimis
539 2788 602 2854 huc
624 2794 772 2869 spectent
795 2788 997 2853 substantiva
1019 2786 1171 2864 verbalia,
1195 2786 1330 2850 maxime
1353 2786 1387 2851 in
1407 2790 1446 2856 io.

283 2887 429 2965 adquae
452 2886 814 2966 quoniamperventum
837 2891 902 2963 est,
935 2885 976 2948 de
1000 2883 1230 2965 significatione
1254 2901 1367 2947 eorum
1394 2890 1443 2948 at·

284 3001 346 3063 que
370 2983 493 3064 reliquo
516 3003 578 3050 usu
600 2983 752 3048 nonnulla
777 2981 918 3062 praefari
940 2983 1028 3048 libet.
1074 2981 1282 3047 Substantiva
1303 2980 1448 3045 verbalis

286 3082 320 3145 in
343 3086 373 3143 io
390 3081 548 3157 exeuntia,
571 3081 599 3146 si
615 3086 741 3162 spectas
771 3079 1033 3161 significationem
1049 3096 1170 3157 eorum,
1192 3077 1331 3142 medium
1354 3079 1447 3159 quasi

283 3179 390 3244 locum
413 3182 525 3242 tenent
545 3178 629 3243 inter
651 3178 774 3258 reliqua
795 3178 997 3243 substantiva
1019 3184 1053 3241 et
1074 3176 1186 3255 verba,
1209 3194 1229 3239 a
1252 3177 1370 3254 quibus
1392 3176 1448 3241 de·

283 3276 389 3341 rivata
411 3280 495 3353 sunt,
518 3275 655 3356 ideoque
678 3276 860 3352 exprimunt
881 3278 915 3339 et
937 3274 1102 3350 actionem,
1126 3277 1163 3337 ut
1184 3273 1293 3353 verba,
1317 3279 1350 3338 et
1371 3275 1448 3339 sub-

238 3392 243 3411 *
283 3367 450 3452 stantiam,
472 3378 509 3437 ut
529 3374 743 3450 substantiva,
771 3373 924 3448 activam,
947 3376 985 3436 ut
999 3367 1052 3435 'ita
1074 3371 1191 3449 dicam,
1223 3372 1448 3436 substantiam.

283 3471 421 3536 Maxime
445 3478 582 3550 cognata
604 3476 681 3536 sunt
701 3467 867 3548 infinitivo,
890 3469 947 3534 sed
970 3486 1007 3534 eo
1030 3475 1137 3531 tamen
1159 3467 1312 3532 differunt
1333 3470 1375 3535 ab
1398 3488 1449 3549 eo,

283 3569 369 3649 quod
392 3566 445 3632 ini.
468 3566 572 3632 solum
595 3564 664 3632 fieri
686 3585 782 3647 posse
806 3567 978 3646 cogitatum
1000 3566 1138 3645 aliquam
1161 3566 1319 3656 actionem
1347 3566 1449 3646 signi-

283 3664 372 3748 licat,
404 3683 444 3730 ex
465 3683 529 3745 qua
550 3665 634 3729 actio
657 3669 745 3730 certa
767 3664 907 3728 nondum
930 3665 1065 3744 prodiit,
1094 3662 1151 3728 sed
1174 3664 1207 3727 in
1229 3681 1269 3727 ea
1288 3661 1373 3727 latet
1392 3663 1449 3727 de·

214 3839 217 3843 ,
283 3783 370 3830 mum
393 3762 497 3829 adhuc
519 3761 610 3826 utin
632 3763 790 3842 germine,
819 3764 871 3827 oui
902 3763 1136 3828 substantivum
1164 3759 1295 3824 verbale
1323 3764 1375 3835 (ut
1396 3761 1449 3825 vel

283 3879 399 3927 nomen
424 3861 493 3924 eius
514 3861 634 3938 docet),
657 3860 868 3926 substantiam
884 3861 977 3942 quasi
993 3865 1026 3925 et
1041 3877 1156 3938 corpus
1172 3857 1261 3921 addit
1276 3856 1328 3932 (cf.
1340 3857 1448 3923 Plaut

283 3958 367 4024 Trin.
391 3958 418 4038 1,
442 3962 471 4035 2,
495 3963 528 4022 2;
562 3977 722 4032 venerere,
750 3968 784 4020 ut
806 3963 891 4021 nobis
914 3963 986 4020 leaeo
1008 3957 1154 4019 habitatio
1177 3959 1260 4018 Bona
1282 3957 1384 4018 inusta
1405 3991 1451 4002 -

284 4068 400 4121 evenat.
446 4056 512 4122 Mil.
529 4054 573 4135 11,
597 4060 627 4134 2,
652 4059 706 4120 55:
730 4076 789 4118 non
804 4060 906 4132 placet
924 4057 1061 4132 profecto
1076 4059 1149 4115 milri
1166 4056 1253 4114 ituree
1268 4055 1449 4128 aedificatio.

287 4173 315 4221 v.
339 4161 395 4222 98:
436 4159 583 4230 Quantum
606 4158 650 4216 vis
671 4157 911 4229 montionemst.
953 4152 1018 4232 ΙΙΙ,
1045 4158 1156 4229 1,75;
1194 4154 1286 4227 optio.
1332 4156 1367 4230 3,
1391 4155 1449 4215 67:

287 4257 343 4318 Ubi
366 4255 448 4315 facta
471 4254 530 4314 erit
551 4255 678 4314 conlatio
701 4262 871 4314 nostrarum
893 4254 1083 4313 malitiarum.
1128 4248 1183 4326 IV,
1207 4251 1242 4326 6,
1267 4252 1325 4310 22:
1359 4268 1449 4325 prue-

286 4352 398 4413 dicatio
420 4361 480 4412 tua.
523 4349 641 4415 Pseud.
664 4349 695 4429 Ι,
719 4355 753 4427 2,
776 4354 831 4416 39;
865 4354 949 4413 robis
971 4382 1015 4393 -
1037 4349 1114 4409 banc
1142 4350 1237 4408 habco
1268 4347 1441 4408 sueonum
