3125 5075
208 322 271 381 262
643 316 799 356 susurrem.
814 315 877 359 ose.
893 316 933 359 ιιι

205 486 293 574 rulg.
320 488 426 550 melias
451 506 513 554 sec.
543 493 654 553 notum
689 488 769 554 illud
804 492 1013 571 praeceptum
1039 484 1221 568 Ritsohelii)
1253 492 1344 552 celari

208 585 327 648 ducere.
365 582 425 665 ΙΙΙ,
450 590 478 663 3,
503 590 557 652 64:
579 589 666 650 Nunc
689 597 719 650 te
741 591 826 650 illum
850 591 970 652 meliust
994 584 1055 666 (sio
1077 584 1344 668 scribendorum

206 681 293 764 vulg.
317 683 434 758 melius)
458 702 576 761 capere.
621 683 735 765 Amph.
758 684 802 764 ΙΙ,
827 688 856 762 2,
881 689 939 750 32:
975 686 1170 762 Amphitruo,
1205 686 1344 748 redires

208 799 314 842 navem
336 783 458 844 meliust
479 801 542 845 nos.
586 781 682 846 Poco.
696 780 757 862 ΠΙ,
778 786 808 862 3,
825 786 881 846 64:
904 786 993 846 Nunc
1015 792 1044 846 te
1067 784 1152 846 illum
1174 785 1298 846 meliust
1318 801 1344 846 et

205 897 289 956 pere,
312 882 339 941 si
361 891 478 957 captum
502 877 625 959 (ΔΘρς
649 882 774 956 costam)
804 899 871 943 esse
899 884 953 944 ris.
999 898 1028 944 v.
1052 883 1109 944 66:
1144 882 1219 943 Com
1241 882 1344 943 illoct

206 978 327 1038 meliust
350 995 412 1038 rem
435 985 531 1053 tuam,
559 979 752 1054 adulescens,
782 981 875 1056 loqui.
919 976 1035 1044 Bacch.
1057 975 1118 1056 111,
1146 982 1179 1057 4,
1202 980 1263 1041 25:
1295 980 1344 1040 Pru

208 1073 289 1136 fecto
312 1075 464 1150 stabilest,
495 1092 542 1137 me
564 1077 644 1152 patri
667 1094 770 1137 aurum
793 1079 930 1138 reddere.
974 1074 1061 1141 Meu.
1083 1074 1121 1153 V,
1145 1079 1176 1154 6,
1200 1079 1259 1140 13:
1295 1078 1344 1138 Pru

205 1178 313 1246 pterea
334 1173 443 1233 bonum
466 1180 612 1262 certumst
632 1177 732 1250 potius
755 1192 843 1251 quam
866 1178 974 1236 malum
998 1190 1074 1236 esse.
1118 1169 1203 1236 biom
1215 1171 1257 1251 V,
1278 1176 1313 1252 8,
1334 1178 1344 1240 i

207 1269 285 1344 Quin
301 1271 550 1350 certissumumst,
573 1272 676 1347 Mepte
697 1274 799 1349 potius
820 1272 889 1333 fiori
910 1290 1036 1346 servom,
1060 1289 1148 1349 quum
1176 1279 1207 1333 ta
1228 1289 1344 1349 umqum

207 1369 340 1428 emittam
363 1385 460 1429 manu.
505 1364 604 1431 Mero.
627 1364 687 1446 ΙΙΙ,
714 1373 746 1445 4,
776 1373 833 1433 57;
869 1376 1015 1432 certumst
1040 1371 1191 1431 exolutum
1218 1370 1291 1430 bine
1322 1371 1344 1432 ir

207 1481 263 1528 me.
294 1461 391 1529 Mero.
404 1463 442 1542 V,
459 1467 488 1543 2,
508 1468 561 1528 17:
584 1467 676 1529 Certa
690 1473 762 1541 rest,
785 1469 944 1543 Meusqra
960 1469 1213 1543 quaerereillum.
1247 1463 1344 1532 need

207 1557 265 1639 IV,
289 1566 318 1641 3,
341 1564 377 1624 8:
410 1564 509 1624 Malos
536 1582 623 1639 quam
651 1565 744 1625 bonos
772 1582 829 1641 par
855 1565 963 1640 magist
990 1583 1037 1625 mu
1067 1566 1179 1626 iuuare.
1225 1559 1344 1628 Cura,

207 1662 313 1738 2,17;
341 1660 451 1722 Canem
475 1679 541 1722 esse
563 1662 642 1722 bunc
664 1662 781 1737 quidem
804 1664 897 1738 magis
920 1680 976 1737 par
997 1658 1063 1723 tuit
1101 1657 1191 1725 Pers.
1207 1657 1249 1739 V,
1266 1663 1297 1738 2,
1313 1664 1344 1726 2]

206 1758 362 1818 Posterius
386 1759 481 1819 istaec
503 1766 534 1820 tu
557 1761 650 1833 magis
672 1778 728 1835 par
750 1767 878 1834 egerest.
924 1758 1019 1823 Poen.
1035 1757 1095 1836 ΙΙΙ,
1114 1762 1141 1832 l,
1161 1761 1216 1820 19:
1240 1759 1344 1822 Libere

209 1852 345 1916 homines
375 1873 431 1932 per
460 1856 562 1915 urbem
591 1858 708 1917 modico
730 1858 824 1931 magb
847 1874 903 1932 pur
927 1864 973 1917 est
995 1858 1090 1932 gradu
1112 1857 1170 1916 Ire.
1215 1852 1344 1920 Persi

206 1953 236 2029 2,
260 1954 319 2015 53:
343 1954 384 2012 Et
399 1969 445 2013 me
461 1954 534 2013 haut
548 1972 605 2028 par
628 1961 674 2015 est
691 1958 807 2027 (mente
823 1951 1022 2017 addendum:
1046 1950 1225 2026 ludificare).
1250 1950 1344 2034 drupl

205 2046 231 2127 Ι,
263 2053 291 2126 2,
316 2052 374 2112 32:
408 2067 475 2111 nam
505 2051 591 2112 deum
618 2053 685 2112 Non
714 2069 769 2127 par
797 2051 915 2111 videtur
941 2051 1052 2112 iacere.
1096 2046 1163 2111 llil.
1185 2046 1229 2125 ΙΙ,
1254 2053 1289 2128 5,
1313 2052 1344 2114 tl

208 2150 250 2210 Et
272 2147 390 2222 quidem
414 2150 543 2223 palamst
565 2166 629 2209 eam
653 2166 720 2210 esse
742 2157 775 2209 ut
798 2150 882 2209 diois.
927 2145 1015 2211 Pera
1039 2144 1093 2223 IV,
1123 2152 1153 2225 3,
1183 2151 1240 2210 70:
1274 2156 1306 2209 to
1328 2149 1344 2210 d

205 2248 287 2321 aliis,
311 2264 397 2322 quam
420 2246 495 2307 alios
519 2248 555 2306 de
578 2254 608 2306 te
632 2248 764 2308 suaviust
786 2248 870 2308 Fieri
897 2246 1011 2307 doctos.
1057 2241 1148 2324 cipe
1171 2241 1233 2321 ΙΙΙ,
1257 2248 1286 2323 5,
1309 2248 1344 2310 di

207 2344 260 2404 Set
283 2344 340 2404 boc
362 2345 435 2404 mihi
457 2351 593 2420 aegrest,
616 2362 663 2403 me
686 2344 753 2404 huic
776 2345 895 2405 dedisse
918 2361 1041 2418 operam
1065 2346 1182 2404 mulum·
1227 2338 1300 2406 Cas.
1323 2339 1344 2406 l

206 2446 236 2520 7,
261 2444 296 2504 6;
332 2446 431 2518 Atque
460 2443 490 2502 id
513 2460 572 2503 non
594 2450 654 2502 tam
677 2449 797 2516 aegrest
818 2443 877 2501 ium
901 2442 1007 2504 vicisse
1035 2443 1176 2503 villicum.
1221 2437 1344 2504 Most}

207 2545 236 2616 3,
261 2543 301 2603 67
314 2555 378 2619 sq.:
402 2541 434 2601 Si
449 2542 504 2601 tibi
520 2549 567 2602 sat
582 2546 777 2614 acceptumst,
800 2540 866 2601 iore
882 2541 936 2600 tibi
951 2542 1059 2601 victum
1082 2542 1296 2615 senrpiternum
1312 2542 1344 2601 At

207 2656 264 2714 que
288 2640 371 2699 ilium
395 2645 559 2698 amatorem
583 2638 637 2698 tibi
659 2640 812 2712 proprium
836 2637 976 2699 futurum.
1022 2635 1116 2700 Most.
1139 2634 1166 2713 I,
1191 2641 1220 2713 3,
1246 2640 1303 2701 90:
1334 2636 1344 2697 i

206 2744 364 2811 acceptum
387 2743 435 2795 sat
456 2736 558 2809 habes,
582 2736 635 2795 tibi
658 2732 724 2795 iore
746 2736 829 2796 ilium
853 2738 978 2797 amicum
1002 2737 1225 2811 sempiternum.
1272 2731 1344 2814 cip

206 2829 267 2910 ΙΙΙ,
291 2836 320 2910 5,
350 2836 409 2896 27:
447 2838 488 2895 At
516 2835 575 2894 erit
601 2835 642 2893 mi
672 2832 728 2892 hoc
757 2816 870 2893 iactum
900 2843 1017 2894 mortuo
1045 2835 1252 2903 memorabile,
1287 2832 1344 2911 [bis

206 2946 303 2990 meam
340 2947 424 2989 erum
458 2939 577 3007 captum
605 2949 642 2990 ex
675 2931 819 2991 servitute
850 2939 939 3006 atque
972 2931 1108 2991 hostibus
1143 2932 1295 2993 Reducem
1324 2930 1344 3004 p

204 3029 277 3089 mese
304 3029 430 3091 liberum
454 3030 484 3087 in
506 3029 634 3104 patriam
657 3027 696 3087 ad
719 3035 845 3102 patrem.
875 3025 957 3090 Rud.
973 3025 1028 3104 IV,
1047 3030 1074 3104 l,
1094 3031 1126 3089 l:
1150 3030 1231 3088 Bene
1255 3029 1344 3089 factm

204 3133 236 3186 et
257 3129 345 3202 volup
373 3133 421 3187 est
449 3127 536 3187 bodie
565 3144 612 3187 me
640 3127 687 3186 his
715 3127 899 3187 mulierculis
927 3126 1074 3185 Tetulisse
1102 3128 1257 3189 auxilium.
1301 3122 1344 3189 lli

205 3220 267 3300 ΙΙΙ,
294 3227 319 3301 l,
347 3225 426 3286 126:
450 3226 528 3284 Huic
548 3224 660 3284 bomini
675 3223 826 3298 dignumst
846 3224 965 3283 divitias
986 3239 1054 3282 esse
1070 3231 1101 3282 et
1121 3224 1170 3283 diu
1186 3225 1278 3283 ritem
1293 3224 1344 3284 dar

204 3317 295 3384 Pers.
317 3318 378 3399 ΙΙΙ,
403 3325 432 3400 l,
454 3323 513 3384 43:
547 3338 642 3396 neque
671 3338 718 3381 me
748 3321 899 3395 dignumst
928 3321 1038 3381 dicere.
1082 3316 1177 3383 Poen.
1200 3316 1227 3396 I,
1256 3322 1286 3398 2,
1312 3323 1344 3385 42

205 3425 253 3480 sat
275 3427 323 3479 est
345 3420 423 3479 istuc
446 3420 522 3480 alios
553 3414 619 3496 (Sic
641 3415 750 3481 Herm.
774 3416 867 3480 elem.
896 3416 989 3480 dm.
1013 3431 1043 3494 p.
1068 3419 1138 3479 296.
1184 3414 1290 3496 Volgo
1321 3436 1344 3479 st

208 3523 256 3578 est
278 3519 356 3577 istuc
380 3517 455 3577 alios
478 3517 578 3576 dicere
602 3516 712 3584 nobis).
757 3512 857 3579 Mero
881 3512 941 3593 ΙΙΙ,
964 3519 995 3589 4,
1020 3518 1077 3577 69:
1115 3514 1233 3589 Quanto
1261 3516 1344 3577 satius

205 3634 256 3676 rus
279 3615 362 3689 abire
386 3622 415 3674 te
439 3615 539 3690 aliquo
562 3621 651 3690 atque
674 3615 716 3674 ibi
738 3620 767 3674 te
791 3615 900 3674 virere.
946 3610 1042 3675 Poen.
1065 3609 1125 3686 ΙΙΙ,
1158 3615 1186 3687 l,
1213 3615 1270 3675 49:
1304 3614 1344 3673 Hc

204 3721 235 3773 te
259 3715 353 3774 satius
376 3720 422 3774 eet
446 3713 565 3772 docere.
603 3710 697 3775 Truc.
714 3708 753 3791 V,
776 3715 832 3774 34:
856 3711 1006 3771 Mortuum
1030 3710 1132 3769 hercle
1156 3727 1203 3769 me
1226 3710 1296 3770 odio
1319 3726 1344 3771 st

208 3812 337 3881 tiust.⁸⁴)
382 3806 475 3873 Gurc.
498 3806 524 3887 Ι,
549 3814 578 3888 3,
601 3812 637 3873 9:
660 3811 767 3870 Anime
791 3811 840 3878 mi,
865 3806 937 3884 [me]
960 3809 1066 3883 procul
1089 3816 1239 3867 amantem
1262 3808 1344 3869 abeat

206 3908 279 3968 haut
301 3914 574 3969 cousentaneumst.
619 3904 707 3969 Asin.
721 3903 746 3980 I,
772 3910 800 3984 l,
824 3909 879 3969 58:
907 3908 968 3967 Eos
991 3923 1038 3966 me
1062 3906 1244 3965 decretumst
1267 3922 1344 3985 pers!

203 4006 254 4080 qui
275 4024 374 4067 mores
396 4006 501 4081 patria.
532 4001 604 4069 Cas,
619 4002 662 4082 ΙΙ,
678 4008 710 4081 4,
728 4009 761 4067 7:
786 4005 846 4066 Sed
868 4005 944 4065 nihil
965 4019 1021 4078 est,
1045 4021 1091 4064 me
1111 4020 1222 4077 cupere
1246 4000 1344 4064 iactus

281 4230 316 4294 “t
348 4231 394 4286 Sic
411 4233 508 4302 Botb.,
532 4232 585 4288 uisi
607 4233 682 4302 quod
699 4234 796 4288 cauae.
834 4232 929 4301 Volg.:
959 4232 1101 4286 Morbium
1124 4232 1214 4287 berete
1234 4247 1278 4286 ose
1298 4231 1344 4286 aa«

195 4313 294 4366 satius.
331 4317 421 4386 AOpg
438 4316 527 4372 necde'o
544 4324 597 4372 cut.
