3125 5075
205 322 265 384 196
635 308 762 351 vannum
791 307 855 349 are.
869 307 929 350 xru.

204 509 337 570 haereat.
382 510 417 583 4,
444 504 500 566 18:
528 519 581 575 ue,
604 504 631 563 et
653 502 746 577 magis
774 500 915 562 inritatur
936 497 1008 574 aa,
1035 497 1149 572 Aliqua
1178 495 1218 558 ad
1248 501 1360 571 petrem

205 606 262 666 hoe
284 611 450 682 permanet.
495 597 560 677 III,
585 602 620 676 2,
644 600 700 662 56:
728 604 762 659 nt
782 615 872 672 qaam
894 613 969 671 apns
990 596 1032 657 se‘t
1053 611 1091 656 na
1113 594 1147 654 ln
1171 610 1260 656 mare
1283 593 1360 655 uphir

204 703 272 764 siet.
319 704 355 777 3,
380 702 439 766 29:
465 716 502 760 an
525 696 608 758 laudi
629 702 717 773 putat
738 697 829 771 Fore,
851 696 878 756 ai
894 693 1062 769 perdiderit
1082 692 1231 769 gnatum?

690 972 762 1046 Cap.
788 969 872 1031 XIII.

373 1125 434 1190 De
470 1120 678 1189 numeris
713 1127 758 1187 et
793 1120 1016 1202 personis
1052 1121 1198 1188 verbi.

295 1301 322 1359 1.
366 1296 495 1358 Numeri
523 1296 616 1358 verti.
661 1292 835 1369 Stapatare'a
863 1292 953 1358 verbi
981 1308 1077 1373 saepe
1110 1297 1310 1375 usurpatur,
1341 1291 1365 1358 si

207 1393 301 1474 plura
331 1390 476 1459 subiecta
501 1409 553 1456 res
582 1387 793 1472 significanda
819 1388 903 1457 inter
925 1408 960 1456 se
983 1395 1058 1457 snut
1085 1390 1279 1472 annInueta,
1307 1407 1366 1473 qut

208 1490 265 1556 illa
293 1490 325 1556 in
355 1508 449 1556 unam
476 1488 568 1569 quasi
597 1487 760 1554 notionem
788 1486 1106 1569 comprehendantur.
1150 1486 1206 1556 Sia
1238 1488 1365 1560 ‘ferma

208 1588 285 1654 Hae.
307 1586 388 1669 prol.
405 1605 432 1652 v.
457 1591 492 1651 2:
520 1606 625 1650 novom
647 1590 811 1651 intervenIt
833 1589 935 1650 vitium
964 1597 996 1649 et
1016 1591 1180 1652 aelamitae.
1228 1586 1364 1669 Adelph.

207 1685 319 1765 111,2,
343 1689 403 1751 42:
428 1688 498 1748 Tua
518 1687 604 1760 sama
628 1694 658 1747 at
680 1693 788 1763 gnatas
810 1686 875 1747 atta
896 1687 927 1746 in
951 1686 1069 1749 dnhinm
1092 1688 1196 1748 vertet
1245 1693 1285 1766 4,
1314 1690 1365 1751 Pl:

204 1788 358 1848 Persuasit
380 1803 438 1847 unx
460 1802 543 1846 emar
565 1787 662 1845 vinnm
684 1786 899 1847 adnleseentia.
929 1780 967 1847 Iu
982 1782 1098 1863 plurali
1120 1783 1202 1849 adeo
1227 1784 1365 1866 positum

205 1886 256 1946 est
270 1880 407 1946 alterum
424 1880 602 1947 suhiaemm
616 1879 658 1946 ih.
675 1879 713 1959 V,
725 1885 760 1960 ¹3,
778 1883 832 1945 50:
851 1884 961 1943 Boreae
975 1887 1044 1943 tuae
1057 1884 1133 1944 istae
1155 1885 1364 1959 narrationes,

206 1981 314 2054 iliata,
342 1982 383 2041 lte
410 1985 475 2042 taes
495 1982 551 2041 tete
580 1981 700 2043 animae
727 1997 836 2055 aequas
861 1981 1021 2043 sabama.
1073 1978 1111 2044 ln
1141 1980 1365 2047 enuntiatione

207 2076 399 2142 disiunctiva
434 2094 492 2157 per
529 2083 583 2139 eat
603 2111 647 2122 —
669 2083 724 2140 aet
756 2076 842 2143 elata
871 2077 1002 2159 ponitur
1037 2077 1228 2158 singularis,
1269 2078 1363 2145 Andr.

206 2172 267 2245 111.
291 2179 318 2242 l.
342 2178 376 2239 d:
400 2176 521 2239 Utinam
543 2181 604 2238 aet.
617 2177 667 2237 hie
689 2178 798 2239 surdus
820 2182 875 2237 aut
893 2179 968 2238 haee
990 2186 1071 2239 muta
1093 2177 1177 2239 taeta
1196 2178 1249 2243 ree.

292 2269 461 2338 Notandus
489 2277 540 2338 est
562 2291 640 2339 usus
663 2272 835 2353 singularis
857 2272 1018 2354 participii
1039 2291 1236 2355 praegresso
1252 2274 1364 2357 plurali

206 2369 276 2435 loeo
300 2369 403 2435 Plant.
426 2370 542 2436 Bacch.
565 2370 620 2451 lv,
644 2377 681 2451 43
710 2375 768 2435 88:
790 2374 874 2450 Quae
899 2374 1061 2448 imperasti:
1090 2376 1265 2448 inparatam
1293 2378 1363 2438 hene

208 2472 293 2534 honis
316 2469 427 2532 iactum
450 2472 559 2534 ilienst.

289 2567 322 2634 Si
350 2567 527 2634 subtectum
558 2574 619 2634 est·
637 2568 823 2649 singularis,
853 2570 1071 2651 praedicatum
1094 2569 1246 2651 pluralis,
1279 2572 1364 2653 pani·

208 2670 262 2730 tur
284 2665 455 2747 singularis
478 2664 576 2731 verbi.
607 2666 659 2733 Sia
681 2666 786 2731 Plaut.
810 2668 925 2749 Amph.
949 2668 1029 2747 prol.
1054 2686 1083 2733 v.
1107 2673 1166 2732 97:
1192 2673 1279 2733 Haec
1295 2691 1362 2748 urps

207 2771 254 2827 est
277 2766 407 2828 Thebae.
437 2763 565 2828 Terent.
589 2765 686 2829 Andr.
710 2763 749 2842 V,
771 2774 802 2845 4,
826 2769 980 2844 47:1>os,
1004 2769 1169 2845 Pamphile,
1193 2773 1240 2829 ert
1259 2771 1365 2833 ΒΜ

206 2862 325 2926 takata.

291 2958 353 3023 Pro
375 2957 493 3041 plurali
516 2959 686 3042 singularis
710 2966 883 3043 usurpatus
905 2965 955 3027 est
976 2961 1081 3026 Plaut.
1109 2960 1206 3028 Poeu.
1231 2963 1314 3046 proh
1337 2984 1362 3030 r.

207 3061 281 3120 lll:
306 3059 384 3120 dare
408 3059 599 3136 dtrnmpatia,
622 3059 674 3124 eui
696 3058 799 3125 simile
815 3065 878 3140 est,
901 3057 1118 3139 quodBeruh
1141 3065 1226 3142 synt.
1252 3080 1356 3144 grase.

208 3172 238 3235 p.
262 3158 325 3219 419
353 3153 472 3230 attulit,
495 3156 562 3219 εἶπέ
581 3179 641 3236 μοι,
663 3160 695 3219 τί
714 3149 833 3239 πάσχετ’
858 3145 979 3240 ὦνδρες

290 3250 429 3318 Mardme
451 3258 560 3318 autem
583 3254 799 3320 memorabilis
823 3259 875 3321 est
894 3255 1073 3322 coniunctio
1095 3255 1273 3338 singularis
1296 3278 1363 3341 par·

204 3349 385 3430 tieipi0rum
415 3354 530 3415 ahsente
552 3360 584 3416 et
601 3359 758 3429 praesente
779 3371 851 3419 eum
872 3353 989 3434 plurali
1012 3353 1205 3420 substantivi
1221 3355 1275 3421 vel
1291 3374 1361 3438 pre·

204 3446 356 3524 numinis,
383 3447 422 3513 el.
446 3468 471 3515 a.
496 3448 550 3530 Vl,
572 3450 592 3526 5
617 3456 645 3516 7.
689 3450 813 3517 Nonius
839 3469 890 3533 ap.
913 3451 1086 3517 Funeeium
1113 3452 1154 3517 ad
1182 3451 1270 3535 legg.
1303 3453 1362 3520 XII

200 3543 286 3610 tahb.
309 3544 335 3624 I,
357 3543 395 3609 fr.
429 3551 464 3616 8,
492 3549 547 3628 qui
576 3545 671 3614 affert
696 3548 803 3615 laeum
832 3567 871 3614 ex
897 3548 1013 3614 Plauto
1045 3549 1077 3614 in
1104 3548 1207 3632 Syrte:
1236 3555 1362 3628 Quidam

200 3645 279 3719 apud
302 3642 399 3706 lorum
418 3653 574 3722 praesente
596 3648 716 3711 testibus
743 3651 816 3710 mihi
839 3650 980 3712 vendidit.
1025 3647 1157 3713 Taubm.
1180 3648 1223 3712 all
1247 3650 1360 3732 Amph.

199 3738 286 3821 11,a,
312 3744 381 3809 194.
417 3742 532 3810 Baeeh.
564 3763 592 3811 v.
619 3749 695 3810 152:
724 3749 889 3810 Praesente
919 3748 994 3809 ihus.
1038 3744 1165 3810 Terent
1193 3745 1277 3812 Eun.
1309 3746 1360 3827 lv,

202 3843 231 3916 3,
255 3844 273 3902 7
281 3860 288 3901 :
311 3843 421 3904 Nescio
437 3845 507 3921 quid
526 3844 663 3920 prolaeta
679 3847 798 3909 ahsente
811 3847 896 3907 nahts
911 3848 1092 3907 turhatnmat
1107 3846 1197 3920 domi,
1219 3845 1276 3911 ubi
1291 3846 1360 3911 vide

202 3936 371 4015 Donatum,
393 3939 449 4020 qui
471 3945 588 4004 ahsente
610 3960 682 4008 eum
704 3959 814 4024 praep.
837 3960 939 4005 eoram
961 3945 1135 4022 comparat.

286 4040 315 4101 2.
346 4038 481 4103 Pluratda
504 4038 594 4105 verhi
616 4040 757 4120 ponitur,
783 4040 811 4106 si
833 4039 874 4104 de
896 4039 1043 4121 pluribus
1065 4039 1219 4107 subiectis
1240 4039 1358 4122 aliquid

199 4130 393 4214 affirmatur,
421 4135 488 4202 sive
519 4135 575 4201 illa
595 4135 664 4204 sine
691 4138 912 4205 coniunctione
939 4138 1044 4219 posita
1070 4146 1160 4217 sunt,
1189 4138 1258 4204 sive
1288 4157 1357 4206 eau-

199 4229 308 4297 iuneta
329 4251 387 4314 per
410 4235 649 4301 aeniuuetianes
670 4242 713 4316 et,
735 4255 772 4300 aa
794 4235 844 4302 rel
867 4236 984 4317 duplex
1011 4254 1110 4310 neem.
1157 4235 1210 4302 Sic
1231 4235 1354 4303 Terent

201 4330 299 4396 Andr.
321 4331 348 4412 1,
375 4338 402 4413 1,
425 4339 464 4400 27
474 4353 481 4398 :
505 4337 583 4397 Dum
605 4339 688 4398 aetaa
708 4340 803 4398 amma
823 4338 964 4410 napata
974 4336 1179 4410 prohibebant.
1225 4332 1353 4416 Adelph.
