3125 5075
301 385 303 390 ,
364 331 402 368 Dii
419 330 514 368 MODIS.
529 351 553 358 -
569 331 626 368 IND.
642 331 670 368 ln
685 330 792 372 ENUNC.
807 332 1081 371 conntrtormnrssna
1250 343 1308 401 109

149 522 258 579 eadem
283 520 331 579 hie
354 520 466 587 iterem,
496 521 650 581 inscitiast.
697 517 735 595 V,
760 523 789 596 2,
815 524 892 581 125:
927 523 1000 597 Quin
1023 536 1091 581 mea
1112 539 1228 597 quoque
1250 525 1307 583 iste

148 618 281 683 habebit,
307 618 403 691 siquid
433 635 479 676 me
508 618 585 688 saut.
628 614 718 679 Pers.
744 614 768 693 1,
794 620 821 691 1,
843 622 899 679 41:
933 622 1004 692 quin
1032 619 1059 679 ei
1086 628 1210 696 egomet
1226 627 1307 681 totus

149 731 282 788 cmm,
307 716 353 773 vix
378 716 471 789 recipi
495 717 651 789 petisset,
683 715 767 788 Quod
795 722 827 773 tu
850 732 897 773 me
919 733 1017 790 rogas.
1089 731 1150 779 ers.
1173 732 1204 779 v.
1229 717 1307 778 595:

148 811 227 871 Vide
259 813 314 884 sia,
349 829 403 884 ego
432 813 484 871 ille
515 812 620 871 doctus
648 813 834 886 lenopaene
858 811 1044 874 inteream
1091 812 1113 825 “’
1133 812 1159 889 i,
1192 811 1237 874 Ni
1259 816 1308 873 hic

147 906 266 969 adesses
287 931 330 959 =
351 924 453 986 paene
476 906 630 987 deceptus
655 911 688 970 et
709 906 904 986 illaqueatus
919 926 999 985 sum,
1022 925 1086 973 sec.
1106 907 1307 973 Lembinum.

146 1002 231 1065 Rud.
251 1002 277 1081 Ι,
301 1007 331 1081 2,
356 1007 409 1066 7οε
438 1004 472 1063 st
494 1023 551 1065 nou
575 1023 708 1073 moriens,
733 1016 848 1066 nosmet
871 1008 1065 1067 meminimus.
1110 1003 1202 1069 Truc.
1222 1004 1306 1083 der-2,

152 1104 207 1163 10:
241 1101 296 1160 Sin
321 1102 443 1162 videam
463 1105 630 1177 quempiam
654 1122 685 1163 ae
709 1120 883 1175 asservare,
914 1104 1058 1164 obtuderit
1080 1105 1130 1180 qui
1153 1121 1205 1164 cue

147 1189 312 1260 oblectent
340 1195 400 1275 (sic
428 1196 602 1261 Gruterum
634 1204 764 1262 secutus
788 1195 983 1277 Goellerns).
1034 1216 1062 1262 v.
1087 1201 1144 1263 38:
1179 1198 1213 1259 Si
1239 1201 1305 1261 'rin

150 1307 323 1363 servassem,
352 1297 421 1373 fuit,
452 1298 502 1355 ubi
532 1300 702 1372 negotiosus
734 1314 839 1358 essem.
890 1294 934 1375 fl,
958 1300 986 1373 1,
1010 1299 1064 1361 21;
1098 1299 1201 1373 Nugae
1227 1302 1306 1372 mi,

147 1394 219 1461 nisi,
237 1395 324 1454 modo
347 1411 434 1467 quom
457 1394 588 1467 dederit,
617 1396 688 1454 dure
717 1397 774 1453 iam
806 1396 905 1454 lubeat
926 1396 1032 1454 denno.
1080 1392 1173 1456 Trnc.
1196 1389 1306 1474 Im,

148 1494 206 1553 24:
230 1505 354 1554 omre
378 1490 490 1563 iacere,
512 1491 539 1550 si
560 1492 655 1559 eslim,
679 1510 736 1551 non
760 1496 803 1551 est
824 1495 917 1554 locus.
963 1488 1000 1567 V,
1024 1507 1052 1550 v.
1076 1494 1132 1554 49:
1169 1479 1306 1566 εἰλύσ-

147 1597 206 1660 ret,
229 1587 317 1648 feres.
364 1585 492 1649 Terent.
517 1585 613 1649 Andr.
637 1586 662 1665 Ι,
691 1592 717 1664 1,
745 1590 819 1650 138;
842 1590 891 1646 sin
913 1588 1029 1648 eveniat
1044 1621 1081 1630 —
1103 1584 1195 1650 rcsh't
1209 1585 1303 1652 curo-

146 1697 221 1745 mes.
267 1682 293 1760 1,
317 1689 346 1761 2,
362 1692 395 1746 t:
418 1687 563 1757 mirabor,
587 1686 642 1744 hoc
665 1687 692 1744 si
714 1687 757 1745 sic
778 1686 882 1757 abiret,
908 1686 939 1745 cd
964 1679 1051 1759 lm
1065 1680 1135 1765 mid>
1158 1688 1302 1747 tnuntttn

147 1778 248 1857 tollen.
294 1780 348 1858 lv,
374 1786 403 1859 2,
426 1786 460 1845 8:
496 1783 608 1856 Quibus
632 1780 780 1860 (nuptiis)
804 1784 921 1857 quidem
945 1801 1032 1857 quam
1060 1782 1150 1843 facile
1166 1787 1306 1856 potuerat

147 1882 273 1955 dinosci,
300 1882 396 1940 sihic
417 1882 548 1953 quiesset.
593 1877 675 1940 Eun.
698 1876 737 1956 V,
762 1882 848 1956 6,12
872 1894 933 1957 sq.:
955 1883 1000 1939 An
1020 1881 1190 1953 paenitebat
1211 1880 1305 1955 flagiti

146 2009 188 2022 -··
217 1979 250 2036 ni
284 1980 422 2037 miserum
457 1980 581 2051 insuper
614 1978 703 2036 etiam
731 1981 812 2052 patri
839 1977 1010 2037 indicares?
1053 1974 1171 2040 Heaut.
1195 1974 1251 2052 lv,
1277 1981 1304 2054 1,

147 2078 187 2137 21
212 2089 278 2153 an:-
297 2076 323 2133 si
345 2091 441 2132 meum
465 2076 614 2148 inperium
638 2076 744 2149 exequi
767 2076 916 2141 calenses,
938 2076 1147 2148 interemptam
1164 2075 1302 2147 oportuit.

148 2169 277 2234 Phorm.
302 2167 393 2248 Vpei,
419 2173 474 2231 ll:
514 2172 598 2243 Quod
628 2172 655 2231 si
685 2188 751 2229 eum
781 2189 859 2229 nuuc
887 2173 1022 2246 reperire
1038 2172 1166 2244 possim
1195 2172 1306 2231 nileet

147 2269 365 2344 quodnerear.
411 2265 489 2329 Hec-
512 2264 576 2343 ΙΙΙ,
601 2273 629 2344 5,
654 2270 691 2328 21
716 2283 784 2343 sqq·
831 2265 964 2346 Adelph.
990 2265 1019 2344 1,
1046 2270 1135 2343 1‚3:
1168 2268 1304 2342 sicem

145 2368 262 2440 uspiam
286 2396 326 2407 -
351 2367 471 2425 evenire
494 2383 531 2424 ea
554 2368 646 2425 satius
669 2370 718 2426 est.
763 2381 793 2425 v.
820 2369 851 2425 7:
884 2366 981 2442 Uxor,
1009 2365 1166 2439 sicessos,
1197 2361 1303 2450 aut*

146 2481 251 2545 amare
277 2463 386 2536 sopitat
415 2467 489 2524 cett.
535 2459 595 2539 111,
619 2466 647 2538 2,
671 2465 711 2523 42
735 2477 796 2539 sq.:
833 2471 892 2520 tum
926 2463 953 2520 si
986 2479 1122 2520 maxume
1148 2459 1302 2529 Potenti,

146 2576 236 2636 quom
259 2570 338 2621 emet
362 2563 460 2635 atium,
484 2578 540 2618 uon
564 2565 607 2620 eat
627 2563 700 2619 utile
724 2562 801 2620 hanc
824 2560 872 2621 ini
892 2561 965 2619 dari.

230 2664 264 2726 4)
288 2656 465 2736 Separatim
489 2673 701 2718 commemoro
726 2673 780 2719 eos
804 2653 900 2733 tecue,
923 2654 977 2718 ubi
993 2653 1152 2720 sententia
1168 2656 1301 2733 perciti

145 2753 284 2817 iornrute
306 2753 405 2832 priori
429 2753 474 2816 ita
496 2751 620 2816 accedit
641 2752 691 2816 vel
714 2753 877 2822 adhaeret.
901 2754 1019 2816 utrici
1042 2770 1103 2815 non
1118 2751 1181 2816 iam
1197 2748 1302 2816 videa-

146 2862 202 2914 tur
235 2870 305 2915 esse
329 2850 487 2930 particula
510 2849 748 2929 conditionalis,
781 2851 838 2914 sed
866 2867 925 2930 pro
952 2851 1004 2911 scd
1031 2848 1121 2928 poni,
1156 2849 1210 2928 qui
1239 2846 1301 2912 loci

147 2954 384 3028 cognoscuntur
418 2966 457 3011 ex
479 2965 527 3025 eo,
557 2947 641 3026 qnod
662 2947 817 3010 eiusmodi
840 2947 998 3010 sententia
1020 2945 1223 3011 antecedenti
1246 2964 1302 3025 op·

146 3044 309 3124 ponitur·
350 3040 438 3117 Bene
472 3044 649 3124 disputavit
682 3043 721 3106 de
755 3043 815 3107 hoc
849 3062 909 3108 usu
939 3042 1124 3122 explicando
1155 3043 1300 3109 Hendins

146 3140 282 3207 Turseli.
306 3140 361 3220 IV,
384 3159 415 3221 p.
439 3139 641 3205 uitet-docens
664 3140 793 3220 proprie
818 3158 879 3203 non
903 3139 997 3202 eliam
1021 3157 1092 3203 esee
1115 3140 1178 3203 vim
1201 3141 1300 3220 parti·

147 3236 240 3303 culae
269 3237 300 3300 in
330 3237 380 3302 his
410 3243 506 3316 etque
527 3238 559 3301 in
582 3236 652 3301 aliis
676 3237 769 3315 locis,
792 3236 982 3312 benedico,
1011 3241 1046 3300 ut
1074 3254 1133 3317 per
1155 3255 1225 3302 eam
1249 3255 1302 3300 ex·

147 3336 253 3418 ceptio
277 3333 343 3413 fiat,
366 3336 412 3398 ita
435 3339 540 3398 tamen
565 3342 600 3399 ut
622 3339 696 3414 post
718 3333 971 3399 enunciationem
994 3333 1175 3412 primariam
1201 3351 1300 3398 enun-

147 3433 243 3499 ciatio
279 3437 387 3496 mente
425 3431 499 3496 addi
526 3432 628 3511 possit
658 3448 739 3510 quae
767 3430 956 3494 contrarium
987 3430 1085 3494 habet
1112 3431 1301 3495 sententiam

146 3538 245 3609 atque
267 3529 335 3608 illa,
363 3547 458 3608 quam
487 3528 602 3591 deinde
628 3546 691 3591 non
717 3532 793 3607 nisi,
826 3528 930 3592 sedsi
960 3524 1117 3607 particula
1139 3533 1301 3606 sequetur.

147 3629 197 3692 lix
220 3644 283 3707 quo
306 3630 452 3707 apparet,
475 3624 567 3689 facile
590 3626 622 3690 in
646 3625 762 3690 talibus
787 3625 1058 3690 enunciationibus
1079 3641 1137 3704 pro
1152 3628 1213 3685 nisi
1228 3625 1302 3690 snb·

149 3725 241 3789 stitui
264 3742 357 3804 posse
387 3725 445 3785 sed.
490 3723 640 3786 Enotavit
667 3721 748 3787 tales
778 3722 865 3787 locos
887 3723 982 3787 etiam
1006 3721 1144 3785 Hessius
1166 3722 1206 3785 ad
1229 3723 1303 3786 Rei·

147 3823 208 3903 sig.
232 3822 338 3886 adnot.
362 3825 436 3884 477.
482 3820 532 3884 Sic
555 3819 657 3883 Plant.
684 3820 749 3883 Mil.
774 3820 816 3898 11,
839 3827 869 3898 4,
893 3825 933 3885 23
957 3836 1019 3899 sq.:
1044 3822 1085 3881 Te
1109 3822 1209 3881 video:
1232 3823 1303 3883 Nisi

146 3923 283 3981 mirumst
304 3921 419 3980 facinus
443 3922 519 3980 cett.
564 3917 659 3982 Poen.
682 3917 737 3996 IV,
762 3922 791 3995 2,
816 3921 873 3981 66;
905 3922 1070 3994 Numquam
1094 3920 1201 3994 edepol
1225 3938 1301 3982 mor·

147 4021 219 4081 talis
248 4021 402 4094 quisquam
428 4017 480 4076 fiet
507 4033 523 4075 e
552 4035 598 4077 me
629 4021 754 4084 certior,
787 4018 857 4077 Nisi
886 4034 951 4078 meo
980 4019 1030 4077 uni
1058 4034 1110 4078 ero
1145 4018 1301 4078 indicasse.

147 4116 276 4179 Terent.
300 4113 380 4176 Eun.
412 4111 471 4190 111,
501 4117 531 4185 4,
559 4118 593 4176 9:
633 4132 747 4189 nequeo
782 4117 855 4174 satis
890 4116 991 4174 mirari
1027 4132 1122 4189 neque
1150 4118 1301 4177 conicere:

147 4214 232 4280 Nisi,
266 4212 407 4287 quidquid
438 4218 500 4286 est,
533 4217 638 4287 procul
669 4214 738 4271 hinc
768 4212 846 4271 lubet
875 4215 958 4287 prius
990 4212 1059 4286 quid
1083 4214 1123 4272 ait
1145 4215 1302 4279 sciscitari,

147 4309 233 4388 qnod
261 4307 342 4371 bene
365 4305 508 4370 Handius
532 4307 551 4371 l.
576 4326 601 4372 c.
626 4309 671 4372 sic
699 4306 850 4386 explicat:
884 4325 1007 4386 nequeo
1035 4308 1205 4373 coniicere:
1240 4326 1303 4373 nou
