3125 5075
200 474 266 536 344
517 464 580 505 ΟΔΡ.
593 464 640 505 XV.
666 462 818 504 noenum
830 462 1081 505 mortuorum

199 657 272 729 bilo,
296 652 350 719 ubi
372 652 511 718 alterum
533 658 568 714 01
587 669 648 733 pro
671 658 769 714 tomen
790 651 931 733 positum
953 655 1013 717 eet.
1056 649 1220 716 Lindem.:
1247 651 1354 731 „oetlu

200 750 222 816 l.
245 747 353 815 diflert
374 768 394 814 a
415 766 482 829 seo.
506 757 540 811 ot
560 756 594 815 et
614 748 682 815 fere
703 749 788 814 idem
810 748 897 814 valet
918 749 1005 831 quod
1026 756 1138 819 000110,
1159 750 1320 812 mm!

289 848 319 912 b.
365 847 547 913 Praemisso
569 848 737 924 sententia,
760 847 794 911 in
817 864 881 926 qua
910 846 1030 927 aliquid
1053 864 1212 911 nonense
1233 848 1356 926 dicitur,

201 943 334 1026 ponitur
356 951 391 1006 ot
412 944 468 1022 ita,
492 951 530 1009 ut
550 945 584 1008 in
604 944 707 1009 ricem
730 950 868 1024 negatae
882 947 928 1009 rei
944 944 1122 1010 substituat
1135 944 1225 1010 aliud
1240 950 1356 1022 couno,

202 1042 340 1121 ideoque
364 1059 460 1123 saepe
484 1039 643 1122 significet
666 1049 764 1104 umen
786 1040 838 1105 vel
859 1045 973 1106 101101».
1006 1041 1076 1120 (Sic
1097 1042 1203 1107 Hand.
1226 1060 1259 1122 p.
1273 1044 1356 1116 126).

201 1138 332 1203 Terent.
356 1139 454 1203 Andr.
476 1136 532 1218 IV,
558 1145 593 1218 1,
617 1143 675 1203 55:
710 1143 819 1202 Parum
847 1142 984 1203 succedit
1012 1145 1090 1217 quod
1120 1158 1192 1217 ago:
1225 1147 1262 1201 ot
1285 1143 1359 1204 iacio

201 1239 315 1299 eedulo.

245 1340 250 1348 '
287 1351 313 1397 c.
357 1332 403 1393 At
424 1331 554 1412 ponitur
576 1333 609 1396 in
630 1333 763 1412 apodosi
781 1332 1041 1398 enunciationum
1055 1334 1313 1400 concessivarum
1328 1343 1360 1400 et

203 1429 460 1498 conditionalium
482 1429 534 1493 vel
556 1447 628 1494 cum
651 1429 822 1510 negatione
845 1429 1101 1507 coniuncturum,
1123 1430 1175 1495 rel
1197 1433 1358 1496 notionem

202 1529 298 1594 uliam
320 1526 503 1608 negativam
525 1525 577 1590 vel
597 1526 759 1607 disparem
781 1528 814 1591 in
838 1545 873 1593 se
896 1526 1090 1592 habentium.
1136 1525 1249 1605 Quare
1271 1548 1360 1594 usur·

201 1633 309 1711 patur,
331 1625 387 1691 ubi
409 1623 603 1688 antecedunt
625 1624 864 1692 coniunctiones
883 1629 951 1694 etei.
972 1643 1167 1700 owmgrcom,
1189 1630 1220 1689 ei
1238 1646 1308 1696 aon,
1329 1632 1360 1691 et

202 1729 245 1802 oi,
278 1723 364 1804 quod
392 1739 452 1802 pro
474 1724 592 1785 etiamsi
620 1720 747 1786 dicitur.
779 1721 937 1799 (Haudius
962 1740 991 1802 p.
1014 1726 1077 1786 426
1101 1727 1170 1803 sp).
1216 1722 1358 1788 caton

204 1822 243 1887 R.
267 1840 292 1885 c.
316 1824 349 1884 2:
371 1822 400 1881 ai
420 1825 483 1879 oon
505 1838 541 1882 co
564 1822 621 1894 die,
644 1826 676 1880 at
696 1823 852 1896 postridie.
897 1820 1002 1885 Plaut.
1029 1819 1203 1898 buccoll,
1229 1826 1258 1898 3,
1285 1827 1357 1887 131:

206 1922 242 1983 st
262 1920 310 1981 illi
332 1925 403 1980 eunt
423 1919 525 1992 virgeo
547 1920 624 1993 ruri,
654 1922 688 1977 ot
708 1920 781 1978 mihi
805 1927 919 1995 tergum
948 1922 1063 1980 domist
1108 1917 1165 1996 IV,
1188 1923 1221 1997 8,
1244 1922 1301 1983 46:
1316 1920 1361 1980 >Si

204 2020 260 2081 tibi
281 2016 457 2088 machaera,
488 2018 523 2075 01
543 2016 628 2076 nobie
650 2018 802 2078 veruinast
830 2019 917 2078 domi.
963 2014 1049 2078 Trin.
1072 2014 1114 2093 ΙΙ,
1138 2024 1170 2094 4,
1196 2021 1275 2081 121;
1308 2021 1360 2079 etei

203 2118 351 2179 aceleetua
373 2119 436 2189 eet,
456 2110 500 2171 Aa
520 2113 561 2172 mi
582 2113 712 2175 infidelia
736 2132 795 2175 nou
824 2122 883 2175 eet.
927 2112 1019 2176 Truc.
1046 2112 1082 2190 V,
1104 2132 1134 2176 v.
1157 2119 1209 2179 42.
1234 2115 1359 2180 Terent.

202 2212 285 2277 Eun.
307 2209 346 2289 V,
370 2212 399 2287 2,
423 2211 481 2273 27:
510 2213 538 2271 si
565 2228 620 2285 ego
648 2211 738 2287 digua
768 2213 825 2274 bac
847 2213 1027 2275 contumelio
1049 2214 1118 2273 Sum
1150 2231 1304 2290 proxume,
1329 2218 1361 2272 ot

203 2321 237 2373 to
257 2311 397 2388 indignus
420 2311 471 2385 qui
494 2308 611 2370 iaceres
633 2315 742 2369 tamen.

288 2407 318 2472 d.
363 2406 408 2467 Ac
427 2425 515 2481 1010111
536 2403 640 2468 plaut.
664 2403 780 2469 Pseud.
804 2404 836 2483 1,
860 2410 889 2483 2,
913 2412 949 2471 9:
977 2407 1021 2466 dt
1041 2406 1148 2467 faciem
1171 2426 1261 2481 quom
1283 2412 1358 2486 mpi-

203 2511 266 2571 ciae
290 2523 401 2579 eorum,
426 2506 484 2566 bau
507 2506 576 2566 mali
598 2505 744 2566 videntur.

289 2621 315 2667 e.
350 2601 400 2666 Ad
424 2602 621 2665 rhetoricum
644 2617 735 2664 usum
758 2606 898 2680 spectat,
921 2600 948 2664 si
971 2601 1107 2665 obiectio
1130 2621 1191 2682 per
1213 2612 1246 2664 ot
1267 2603 1358 2667 inler-

204 2708 267 2767 tur.
312 2700 402 2763 Haec
425 2697 562 2763 obiectio
584 2703 689 2762 autem
711 2699 830 2762 iterum
852 2699 984 2778 reprimi
1013 2705 1046 2763 ct
1068 2699 1230 2766 confutari
1252 2706 1355 2785 potest

203 2799 268 2866 alia
289 2797 451 2863 contraria
472 2796 650 2874 sententia,
684 2813 767 2874 quae
791 2813 848 2876 pcr
869 2796 1057 2876 particulam
1080 2800 1133 2858 aed
1154 2800 1358 2879 coniungitur

204 2895 323 2973 (Hand.
348 2912 377 2974 p.
401 2897 463 2958 433
486 2909 570 2972 0111,
599 2909 670 2957 cum
694 2908 757 2971 quo
781 2892 891 2957 confer
915 2893 1119 2959 Schuetziunr
1151 2894 1254 2959 doctr.
1278 2901 1356 2976 part.

201 3013 233 3076 p.
256 2998 317 3063 87).
363 2990 434 3053 Ter.
457 2988 516 3051 Aul.
538 2987 594 3060 lv,
618 2995 647 3068 2,
672 2995 727 3054 32:

246 3091 305 3151 Sed
335 3097 420 3149 estne
449 3087 544 3149 freter
574 3090 674 3149 intuo?
718 3087 777 3153 SY.
800 3092 867 3151 Nou
891 3097 946 3152 oet.
990 3089 1058 3154 DE.
1083 3093 1141 3153 Ubi
1164 3093 1251 3152 illum
1274 3094 1319 3152 in·

626 3188 741 3247 renim
764 3191 871 3264 cogito.

245 3282 305 3349 SY.
329 3285 397 3345 Scio
413 3285 463 3344 ubi
479 3287 528 3359 sit,
544 3301 645 3346 verum
663 3285 750 3346 bodie
767 3303 925 3360 numquam
941 3289 1120 3348 monstrabo.
1146 3286 1215 3350 DE.
1233 3291 1319 3363 ilem,

631 3382 796 3458 quiduis?
839 3380 899 3447 SY.
923 3387 978 3446 Ita.

245 3478 313 3544 DE.
336 3481 555 3540 Dimminuetur
578 3480 632 3539 tibi
654 3481 713 3541 iam
736 3480 901 3542 cerebrum.
932 3479 992 3544 SY.
1015 3482 1187 3544 dinomen
1205 3487 1310 3545 nescio

245 3579 331 3639 Illius
355 3579 497 3654 bominis,
520 3577 572 3637 aod
592 3579 688 3637 locum
712 3580 780 3638 nori
803 3578 855 3638 ubi
876 3580 923 3639 eit.

287 3672 307 3737 1.
354 3672 392 3735 ln
415 3671 590 3752 colloquiis,
613 3673 646 3736 in
668 3672 785 3751 quibus
807 3672 927 3753 aliquid
950 3691 1135 3741 concessum
1150 3681 1233 3756 erat,
1255 3695 1316 3757 per
1329 3682 1359 3738 at

202 3770 344 3835 conditio
367 3769 532 3846 adiicitur,
563 3786 648 3850 quac
669 3787 738 3834 rem
765 3771 894 3836 maioris
917 3774 1069 3838 momenti
1095 3772 1218 3839 indicat
1239 3781 1300 3839 aut
1319 3775 1358 3851 id,

202 3867 288 3947 quod
312 3867 506 3948 diligentius·
522 3867 732 3932 animadverti
755 3872 812 3931 aut
841 3868 1014 3935 instantius
1036 3869 1181 3935 mandari
1203 3872 1358 3937 volumus.

200 3964 267 4035 (Sic
288 3964 436 4029 Handius
459 3981 489 4044 p.
513 3969 599 4038 436).
644 3965 716 4029 Ter.
739 3965 820 4029 Eun.
844 3966 891 4044 ll,
918 3971 949 4045 1,
975 3972 1007 4031 l:
1038 3972 1114 4044 Fac,
1142 3972 1187 4030 ita
1214 3980 1248 4032 ut
1278 3974 1358 4043 iussi,

199 4066 389 4124 deducantur
422 4067 484 4127 isti.
528 4062 592 4127 ΡΑ.
623 4067 754 4127 Faciam.
801 4061 867 4125 PH.
894 4065 939 4124 Aa
972 4068 1140 4142 diligenter.
1186 4065 1251 4131 ΡΑ.
1284 4072 1358 4131 Fiet

199 4158 266 4222 PH.
290 4161 334 4220 At
355 4169 480 4223 mature.
522 4159 587 4226 PA.
610 4165 687 4223 Fiet.
734 4159 792 4224 dd.
815 4159 863 4234 11,
889 4167 973 4233 1‚,7:
997 4167 1079 4227 Leno
1102 4184 1157 4241 ego
1178 4183 1255 4226 aum.
1295 4166 1357 4230 AF.

200 4260 280 4319 Scio.
326 4256 387 4322 sl.
410 4259 455 4319 At
476 4263 535 4335 ita,
559 4268 593 4320 nt
614 4279 737 4337 nequam
761 4258 818 4319 fuit
840 4260 898 4320 lide
921 4265 1075 4339 quisquam
1099 4272 1231 4339 optuma.

286 4372 315 4434 g.
360 4354 534 4433 Sententia
558 4373 640 4435 quae
664 4355 854 4436 opponitur,
884 4363 994 4435 potest
1014 4375 1085 4422 cum
1109 4358 1251 4438 graviori
1275 4379 1359 4428 asse-

196 4450 365 4515 veratione
377 4451 525 4532 proferri.
550 4452 656 4530 Quare
671 4457 877 4534 opponuntur
893 4455 1047 4521 vocabula
1058 4460 1117 4530 pot
1129 4459 1238 4532 edepol.
1256 4458 1357 4523 Plaut.
