3125 5075
273 396 314 458 ὅθ
724 389 851 431 venun.
879 389 941 431 GAP.
955 391 981 431 Χ.

273 582 380 642 tamen
408 577 567 660 genitivus
596 596 615 641 a
642 578 748 643 dativo
776 596 829 659 eo,
863 580 946 659 quod
969 579 1020 644 bic
1043 580 1081 645 ad
1106 579 1271 645 consilium
1294 580 1424 661 quidem

272 682 368 756 aptus
398 682 461 755 est,
491 691 511 737 a
539 693 653 741 causae
681 681 790 741 autem
817 678 945 741 notione
973 696 1105 758 prorsus
1129 678 1289 744 abhorret.
1336 677 1426 756 Quae

272 773 399 856 quidem
422 774 470 837 vis
492 772 518 838 si
541 773 572 836 in
596 774 703 838 dativo
725 774 818 852 inest,
843 791 903 840 non
926 776 1022 841 debet
1043 777 1075 839 in
1099 776 1288 857 gerundium
1313 784 1347 842 et
1370 794 1428 859 ge·

273 872 441 936 rundivum
464 870 564 935 futuri
587 876 644 936 aut
665 872 789 937 consilii
812 871 1000 953 significatio
1016 873 1135 938 inferri.
1165 874 1302 939 Additur
1318 878 1428 937 autem

271 971 314 1036 ad
338 988 377 1035 ea
398 970 532 1034 maxime
555 970 653 1035 verba
676 975 709 1035 et
731 971 896 1051 adieetiva,
919 990 1000 1052 quae
1023 973 1068 1036 ita
1084 978 1159 1036 sunt
1176 978 1370 1052 comparatu,
1391 975 1429 1035 ut

272 1068 443 1134 terminum
473 1069 652 1147 requirant,
682 1075 715 1133 et
743 1069 783 1133 ad
813 1070 968 1135 dictiones
996 1069 1027 1134 in
1058 1070 1174 1149 quibus
1197 1070 1304 1135 cavis
1332 1070 1427 1148 inest,

271 1166 376 1231 rarius
398 1166 439 1230 ad
461 1166 530 1246 ipsa
552 1166 760 1232 substantiva.
790 1167 980 1250 (Weissenb.
1005 1187 1033 1248 p.
1063 1172 1123 1232 126
1146 1171 1205 1246 sq.)
1251 1168 1287 1230 ln
1312 1166 1426 1232 Marcii

273 1265 356 1329 vatis
387 1264 525 1330 carmine
555 1264 657 1329 altero
685 1265 850 1347 leguntur:
887 1270 947 1329 His
976 1269 1055 1329 ludis
1085 1268 1232 1341 redemta
1256 1268 1427 1342 precatis

272 1373 403 1441 praetor.
448 1362 551 1428 Plane.
575 1362 666 1429 Truo.
690 1363 733 1442 ΙΙ,
758 1368 788 1443 2,
811 1368 866 1428 54:
895 1385 977 1427 suom
1001 1385 1057 1426 non
1080 1369 1132 1427 ille
1155 1369 1233 1426 enim
1256 1367 1431 1425 meretrica-

272 1466 310 1526 tta
333 1466 517 1527 Moenienda'e
547 1481 607 1525 rem
643 1466 748 1538 coegit.
795 1461 860 1527 Mil.
885 1462 927 1541 ΙΙ,
951 1468 979 1538 2,
1006 1467 1080 1526 105:
1114 1469 1212 1540 Atque
1240 1465 1353 1522 bomini
1384 1465 1430 1523 in-

273 1565 445 1637 vestigando
467 1580 586 1637 operam
608 1565 677 1623 baie
699 1563 890 1623 dissimulabo
914 1562 972 1639 [me
995 1561 1090 1637 dare}
1136 1558 1232 1625 Stich.
1255 1559 1280 1636 Ι,
1314 1564 1343 1638 2,
1371 1563 1429 1623 2⁴2:

275 1663 449 1730 Eecrandc,
472 1663 544 1721 baut
565 1662 753 1723 adversando
774 1660 951 1721 amandam
977 1678 1094 1734 apaan
1117 1677 1234 1721 censeo.
1279 1655 1379 1720 Mero.
1405 1655 1429 1726 Ι,

273 1762 304 1835 2,
326 1761 384 1821 80:
415 1761 614 1819 Armemeutis
637 1759 850 1833 conplicandis,
882 1762 1083 1834 conponendis
1108 1757 1281 1818 studuimus.
1329 1754 1428 1819 Stich.

178 1913 183 1920 .
273 1853 312 1935 V,
337 1860 365 1933 3,
390 1859 423 1920 5:
460 1858 559 1917 Lata
591 1857 754 1917 sternendis
785 1858 951 1919 staduimus
988 1858 1198 1930 errandita'isqne
1232 1855 1428 1928 adaerandis.

274 1951 370 2017 Poen.
393 1952 418 2030 Ι,
442 1957 471 2032 2,
496 1958 550 2017 21:
581 1955 685 2030 Neque
713 1974 849 2030 umquam
877 1957 1003 2016 laoaado
1031 1963 1062 2015 et
1091 1955 1228 2027 fricando
1251 1955 1360 2013 scimus
1386 1954 1430 2025 sa·

274 2072 337 2115 ecre
358 2056 445 2127 finem
468 2051 525 2121 (sic
546 2051 652 2116 Herm.
676 2050 768 2115 elem.
791 2068 821 2130 p.
847 2056 931 2124 295).
979 2052 1063 2114 Asin.
1088 2050 1125 2126 V,
1150 2055 1178 2128 2,
1205 2055 1260 2114 32:
1291 2052 1371 2124 Quid
1390 2086 1428 2097 —

273 2154 352 2212 modi
384 2153 579 2227 amplexanda
616 2153 730 2225 facies?
800 2147 865 2212 Mil.
900 2148 954 2225 lv,
978 2152 1007 2226 8,
1046 2155 1076 2211 l:
1113 2154 1187 2224 Quid
1222 2149 1302 2207 modi
1334 2150 1430 2221 flendo

275 2269 386 2327 quaero
419 2252 506 2311 bodie
540 2252 654 2324 samm?
697 2246 785 2312 Pers.
817 2246 871 2325 IV,
901 2253 931 2325 4,
959 2252 1010 2310 ll:
1049 2252 1135 2309 rebus
1167 2249 1322 2308 servandis
1357 2266 1428 2307 een·

272 2352 376 2425 tuplex
398 2367 497 2409 murus
515 2354 660 2423 peramat.
706 2345 846 2410 Verbum
874 2365 933 2407 esse
956 2345 1005 2408 vel
1028 2345 1143 2409 similia
1165 2362 1260 2423 saepe
1283 2344 1324 2407 ad
1349 2344 1425 2408 sub

274 2446 414 2511 smntiva
442 2445 492 2509 vel
520 2445 677 2509 adieetiva
700 2442 810 2507 addita
832 2443 992 2507 verbalem
1016 2440 1157 2506 efficiant
1179 2443 1355 2519 notionem,
1391 2461 1429 2506 ex

276 2563 347 2625 qua,
371 2563 441 2609 cum
465 2543 635 2608 terminum
659 2543 810 2622 requirat,
834 2543 950 2621 pendet
967 2543 1092 2605 dativus
1111 2542 1301 2611 allisisseub.
1319 2542 1427 2604 adnot.

276 2646 363 2718 253).
422 2641 474 2706 Sic
498 2641 576 2705 Cato
600 2641 635 2704 R.
660 2640 696 2703 R.
727 2658 751 2703 c.
777 2645 811 2703 ss:
850 2648 929 2716 Ager
963 2641 1036 2702 oleta
1071 2643 1250 2702 coraserundo
1280 2674 1316 2683 —
1351 2644 1429 2700 alins

274 2746 366 2804 bonae
389 2745 487 2801 nnllns
510 2743 574 2815 erit,
605 2738 658 2803 ubi
683 2738 798 2801 durum
827 2736 911 2801 foret
939 2736 1125 2819 gerundium
1156 2757 1193 2800 ex
1225 2739 1428 2800 substantiva

276 2860 348 2915 aper
377 2843 486 2919 aptum
514 2854 583 2901 esse
613 2853 755 2900 censere.
799 2835 902 2900 Plaut.
936 2836 1015 2901 llud.
1045 2837 1099 2914 IV,
1129 2841 1157 2913 6,
1191 2844 1219 2899 l:
1257 2839 1428 2912 Aliquando

276 2938 457 2998 maenada
479 2941 606 3012 meliust,
630 2954 711 3009 uxor,
729 2954 859 3010 pausam
881 2938 955 3008 sieri.
1002 2935 1113 3015 Amph.
1139 2935 1163 3011 l,
1191 2941 1216 3013 l,
1243 2940 1318 2998 132:
1343 2940 1428 2996 llaec

275 3054 334 3095 nox
367 3039 469 3096 anast
499 3037 656 3097 exercenda
687 3041 780 3096 scorto
813 3037 958 3095 conducto
993 3040 1078 3096 male.
1133 3031 1202 3096 Aul.
1234 3032 1275 3108 ΙΙ,
1313 3040 1338 3109 l,
1372 3038 1429 3096 27:

277 3135 361 3207 Quod
390 3136 443 3194 tibi
474 3138 684 3210 sempiternum
713 3135 845 3194 salutare
874 3135 914 3194 sit
940 3135 1039 3194 liberis
1057 3135 1261 3208 procreandis,
1288 3165 1327 3175 —
1352 3134 1429 3192 Volo

205 3213 209 3225 ’
274 3238 306 3292 te
335 3250 455 3292 uxorem
484 3234 599 3293 domum
623 3234 740 3292 ducere.
785 3230 879 3294 Truc.
904 3230 981 3309 prol.
1006 3249 1032 3292 v.
1061 3236 1115 3292 15:
1147 3233 1206 3290 Dat
1236 3250 1357 3305 operam
1394 3248 1429 3288 ne

274 3335 314 3395 cit
346 3334 489 3405 relicuom
511 3332 657 3393 Passanda
679 3339 767 3405 atque
793 3331 954 3401 aresererada
984 3329 1032 3402 (el'.
1056 3327 1157 3390 Rudd.
1181 3346 1208 3405 p.
1236 3333 1296 3390 247
1321 3327 1429 3405 ibique

275 3429 383 3494 adnot.
407 3433 470 3503 55).
516 3429 640 3493 Terent.
664 3427 742 3490 Hec.
766 3425 802 3499 V,
828 3433 855 3504 3,
881 3431 935 3490 23:
971 3430 1017 3487 ln's
1046 3430 1133 3486 redes
1163 3432 1267 3487 anulus
1291 3428 1353 3498 dreit
1373 3429 1430 3484 iai·

277 3532 351 3590 nam
373 3529 568 3590 irtacniundis.
600 3524 700 3589 Plani.
724 3524 811 3588 Peru.
835 3523 894 3604 ΙΙΙ,
920 3531 948 3601 3,
972 3530 1025 3587 23:
1049 3526 1240 3597 Referundae
1262 3545 1317 3599 ego
1335 3527 1430 3584 babeo

278 3629 406 3701 linguam
430 3631 531 3686 natam
552 3627 676 3699 gratiae.

362 3730 391 3786 4.
436 3727 613 3785 Acmsatiuo
640 3720 786 3802 gerundii
810 3720 906 3783 elium
931 3719 1145 3785 accusativum
1171 3721 1285 3785 obiecti
1310 3722 1431 3785 addere

278 3827 406 3885 veteres
437 3821 622 3898 noluerunt,
653 3837 692 3883 ne
724 3818 805 3882 idem
836 3837 928 3882 casus
955 3819 1003 3882 bis
1034 3824 1206 3897 poneretur
1234 3838 1272 3882 er
1295 3818 1432 3882 diversis

277 3919 459 3984 notionibus
482 3936 655 3999 suspensus
671 3916 866 3997 plerumque,
891 3925 923 3980 et
946 3922 981 3979 ut
997 3935 1060 3981 una
1074 3919 1197 3981 ratione
1220 3924 1253 3980 et
1268 3936 1383 3980 nornen
1400 3923 1433 3980 et

277 4016 467 4097 gerundium
485 4015 817 4096 comprehenderetur,
841 4015 1050 4094 gerundivum
1066 4015 1291 4094 praeferebant
1311 4015 1431 4093 (Weis-

276 4115 366 4180 senb.
390 4137 418 4192 p.
447 4113 529 4196 116).
575 4114 607 4179 Si
630 4115 670 4178 ad
694 4113 791 4177 verba
814 4113 942 4178 additur
965 4132 1028 4178 acc.
1054 4114 1229 4195 gerumlivi
1262 4113 1343 4176 beue
1367 4112 1431 4176 dis·

277 4213 467 4277 cernendum
491 4216 541 4277 est
564 4212 646 4277 inter
669 4231 707 4277 ea
730 4212 847 4286 verba,
880 4212 995 4290 quibus
1025 4211 1101 4290 ipsis
1125 4211 1289 4275 consilium
1315 4211 1433 4273 indica-

277 4315 340 4389 tur,
371 4312 423 4376 ubi
455 4313 628 4376 cavendum
652 4319 710 4389 est,
741 4330 781 4375 ue
803 4310 884 4374 bane
910 4310 1070 4373 notionem
1094 4311 1125 4371 in
1149 4309 1359 4389 gerundivum
1384 4308 1433 4370 in·

276 4404 372 4488 ieras,
395 4411 478 4489 quod
500 4409 579 4475 nibil
601 4410 660 4473 nisi
683 4409 783 4490 ipsius
806 4408 853 4472 rei
875 4408 1179 4472 administrationem
1203 4404 1371 4488 siguificat,
1394 4413 1429 4470 et
