3125 5075
169 2459 174 2569 1

169 2632 173 2667 1

496 356 583 394 CASUS
598 355 868 395 scitanturtvouunt.
884 377 907 383 -
922 357 1059 394 uetusti.
1296 365 1357 420 217

199 528 382 598 promum
400 526 468 593 itit
491 527 534 605 11,
557 532 587 607 2,
608 533 662 594 59;
696 530 811 606 Lepide
839 531 896 591 hoc
924 532 1059 593 succedit
1087 534 1142 592 aab
1170 548 1278 592 manto
1305 548 1357 591 ue·

200 630 390 799 mm·
412 723 508 790 Ennii
522 724 626 789 annal.
642 723 663 788 l.
680 725 767 806 XIV,
790 723 827 789 fr.
846 731 879 789 2:
903 730 983 788 volut
1002 744 1090 801 seper
1103 729 1234 803 impetus
1249 728 1355 806 1111111.

284 822 400 884 stetten
424 820 461 898 Q.
483 820 604 887 Fabios
625 821 736 888 Pictor
758 841 808 904 ap.
832 822 913 888 Gell.
937 821 977 902 X,
1002 828 1041 887 15
1064 821 1196 903 (legger.
1219 841 1250 903 p.
1266 825 1356 898 1071:

205 922 346 998 Unguium
367 922 468 983 Dialia
495 929 528 983 et
555 924 658 997 capilli
689 925 822 998 regmina
849 924 948 983 subter
974 925 1111 981 arborem
1138 922 1252 994 reticem
1273 930 1357 983 terra

209 1027 392 1179 mum.
435 1113 540 1179 Pluut
562 1114 662 1180 Mero.
686 1132 714 1179 v.
738 1120 815 1181 354:
845 1125 928 1178 trent
951 1135 1043 1179 mure.
1088 1112 1153 1179 Mil.
1176 1113 1219 1193 ΙΙ,
1248 1120 1277 1195 5,
1301 1119 1356 1180 58;

213 1221 368 1275 monemur
390 1217 554 1276 transtinet
576 1220 661 1275 trano
676 1216 833 1289 parietem.

286 1311 403 1374 011111.
450 1308 530 1375 otto
553 1309 589 1374 R
612 1310 650 1375 R
673 1329 699 1375 c.
727 1316 779 1375 18:
810 1316 856 1374 uti
878 1317 982 1373 contre
1004 1330 1059 1372 ore
1080 1313 1173 1384 sieut,
1197 1308 1258 1374 nisi
1279 1309 1310 1374 h.
1334 1308 1354 1373 l.

169 1402 172 1422 '
218 1421 273 1469 eum
293 1406 486 1474 Schneidero
507 1410 660 1472 mercem
681 1408 885 1473 scribendum
909 1415 967 1473 eet.
1012 1407 1107 1472 Euuii
1129 1406 1231 1470 annal.
1254 1406 1273 1470 1.
1299 1406 1354 1488 VI,

219 1499 342 1583 1131.
370 1509 429 1571 181
462 1524 523 1587 oq:
554 1514 659 1569 coemo
680 1510 851 1569 commonere
873 1503 915 1583 (h.
938 1524 965 1570 e.
994 1504 1226 1581 obtrectantes)
1254 1509 1355 1568 Verba

221 1598 293 1678 [tut]
314 1608 445 1667 obscena
466 1605 612 1682 profatus.

284 1704 369 1776 urea
386 1718 450 1767 uno
465 1705 591 1767 tantum
606 1701 677 1767 loco
693 1700 955 1782 significationem
973 1698 1072 1767 habet
1085 1700 1229 1779 localem,
1249 1700 1353 1765 Plaut.

223 1792 292 1862 Truc
314 1797 357 1877 11,
379 1804 410 1878 4,
436 1804 491 1878 52,
526 1800 581 1865 ubi
603 1800 807 1865 scribendum
835 1804 892 1865 aut
914 1816 985 1862 cum
1008 1798 1138 1862 Bothio:
1178 1803 1353 1862 tonstricem

221 1892 300 1956 sum
314 1900 443 1973 Novisti,
466 1905 585 1961 nostrus
608 1918 683 1975 quae
699 1917 778 1959 uuuc
798 1916 870 1974 erga
889 1901 971 1960 cedis
986 1900 1085 1972 hebet,
1109 1902 1252 1961 autenm
1268 1896 1354 1961 Hau·

220 1986 256 2054 tio
272 1991 406 2058 Tursell.
428 1994 472 2074 ΙΙ,
494 2012 523 2075 p.
547 2000 623 2061 438:
662 2005 683 2057 t.
708 1999 736 2058 S.
760 2017 788 2058 n.
811 2004 960 2072 nostram,
989 2013 1064 2072 quae
1087 1999 1154 2057 med
1176 2015 1249 2072 erga
1270 1999 1353 2057 nediu

220 2088 298 2167 hebet,
319 2089 350 2153 h.
373 2109 401 2156 e
425 2110 443 2157 e
464 2093 602 2174 regione.
649 2093 688 2157 lu
710 2093 759 2157 ed.
783 2091 937 2157 Gronovii
960 2096 1022 2155 est:
1052 2101 1073 2152 t.
1098 2094 1128 2154 S.
1151 2097 1188 2154 N.
1211 2102 1352 2167 nostrum,

219 2204 273 2259 cue
292 2193 381 2252 modo
404 2209 476 2267 erge
498 2193 587 2254 codes
610 2192 710 2253 habet
733 2190 772 2255 In
788 2190 877 2255 codd.
894 2188 981 2253 Cam.
1003 2189 1122 2269 legitur
1143 2210 1236 2265 quen.
1262 2192 1353 2252 Medo

217 2283 371 2360 proiectum
396 2292 447 2353 est
468 2288 620 2368 nLipsio.
665 2288 791 2353 Deinde
814 2288 854 2352 de
869 2287 975 2352 animo
991 2285 1117 2365 dicitur,
1141 2293 1175 2350 et
1196 2288 1236 2352 de
1252 2288 1353 2351 amico

216 2386 238 2443 et
253 2383 288 2447 de
310 2383 429 2449 hostili.
473 2385 560 2451 Asin.
586 2388 611 2465 1,
636 2392 663 2463 1,
688 2391 725 2451 5:
748 2389 853 2464 Siquid
874 2387 941 2446 med
960 2405 1032 2461 erpa
1052 2385 1110 2463 [tu]
1134 2387 1221 2447 hodie
1246 2387 1352 2447 fulsum

216 2478 314 2546 tueris.
359 2480 433 2547 Aul.
455 2481 510 2563 IV,
537 2488 585 2563 10,
609 2489 665 2550 621
698 2488 730 2548 si
753 2488 825 2564 quid
847 2504 901 2563 ego
924 2486 972 2545 ted
993 2503 1065 2559 erpo
1087 2486 1260 2561 imprudens
1281 2502 1353 2561 pec·

215 2583 478 2658 enumeratam
500 2588 583 2644 tuam
606 2584 664 2659 (sic
687 2583 815 2659 Goell·)·
860 2581 950 2664 Capt.
972 2582 1015 2660 ΙΙ,
1041 2588 1069 2661 l,
1091 2586 1148 2646 48:
1179 2585 1238 2644 Per
1258 2583 1352 2643 fcrtu-

169 2704 171 2709 ·
214 2693 261 2739 nau
282 2683 431 2742 incertum
450 2689 482 2742 et
495 2700 552 2758 per
571 2686 630 2743 mei
650 2689 676 2743 te
696 2701 768 2758 erpa
789 2684 953 2743 bonitatem
972 2684 1068 2757 patris
1090 2684 1206 2757 Perque
1231 2700 1352 2742 conser-

211 2776 303 2838 ritium.
336 2781 366 2856 3,
391 2782 447 2843 56:
470 2780 502 2841 Si
525 2799 580 2858 ego
602 2785 672 2842 item
696 2799 857 2842 memorem
880 2798 955 2854 quae
978 2798 1024 2840 me
1045 2798 1115 2855 erpa
1138 2783 1231 2840 multa
1253 2780 1352 2839 fecisti

211 2870 280 2936 bene.
326 2874 370 2955 11,
398 2880 427 2956 2,
461 2881 534 2942 100:
570 2898 614 2940 me
643 2898 710 2942 esse
739 2883 798 2940 scit
831 2897 902 2951 erpa
930 2895 961 2938 ee
988 2879 1172 2938 benevolum.
1221 2877 1348 2940 Terent.

210 2965 311 3039 fleant
335 2973 379 3053 11,
402 2978 433 3052 3,
456 2979 513 3040 24:
550 2979 625 3038 Nem
649 2986 681 3038 et
702 2980 793 3039 vituet
815 2979 918 3038 eadem
941 2984 973 3036 et
995 2981 1108 3036 unimus
1132 2982 1158 3035 te
1177 2993 1249 3050 erpo
1271 2976 1350 3035 idem

211 3083 236 3128 tc
254 3071 319 3133 1111.
362 3071 480 3136 Heaut.
503 3071 530 3153 I,
554 3078 583 3152 2,
610 3080 662 3138 15:
686 3079 815 3136 animum
838 3077 950 3136 amicae
972 3093 1003 3135 ee
1025 3092 1098 3149 erpa
1119 3081 1152 3134 ut
1175 3077 1214 3133 sit
1237 3091 1317 3134 suae.

279 3173 390 3232 nerra.
435 3169 530 3235 Ennii
552 3171 725 3236 Alexandri
746 3171 785 3236 fr.
810 3177 840 3250 8,
862 3191 892 3234 v.
916 3175 972 3235 83:
1004 3180 1173 3233 extreme.
1219 3168 1351 3232 Medeae

217 3265 297 3331 culis
311 3266 351 3331 fr.
369 3270 406 3330 2:
431 3270 508 3344 Quid
527 3273 571 3332 eic
593 3278 622 3333 te
643 3278 730 3332 extra
744 3273 826 3332 aedis
848 3273 1016 3330 exanimata
1036 3269 1194 3330 eliminas?
1226 3265 1353 3331 Terent

219 3355 273 3427 Htc.
296 3363 351 3443 lv,
378 3371 405 3444 1,
429 3371 485 3430 48;
519 3387 557 3429 ue
578 3373 721 3431 extulisse
753 3374 839 3430 cetra
868 3369 951 3428 cedit
976 3385 1100 3442 puerum
1125 3383 1246 3440 usquam
1269 3367 1353 3424 velis.

219 3452 317 3529 Phomn
341 3463 369 3543 Ι,
391 3469 421 3542 2,
444 3469 501 3529 48;
536 3469 640 3543 Neque
663 3476 752 3529 uotuo
776 3485 873 3543 neque
897 3473 1040 3540 cognatus
1062 3470 1147 3523 cetra
1174 3481 1268 3522 ortam
1290 3462 1354 3519 eni-

223 3559 292 3620 edoet
312 3565 475 3639 Quisquam
498 3565 613 3628 oderat.

283 3662 382 3734 Infra.
428 3659 555 3726 Terent.
579 3661 661 3725 Eun.
685 3660 746 3741 ΙΙΙ,
770 3664 800 3739 2,
825 3664 882 3726 36;
909 3663 988 3721 Tace
1013 3668 1061 3734 tn,
1084 3677 1171 3734 quem
1194 3677 1248 3735 ego
1269 3658 1355 3730 infra

169 3728 176 3799 1
227 3748 321 3821 tium
343 3761 440 3820 mie
461 3768 543 3836 puto.
657 3808 661 3815 .

282 3855 377 3917 Intra.
423 3856 518 3921 Ennii
538 3856 641 3922 annal.
664 3855 684 3921 l.
708 3854 735 3936 I,
758 3853 797 3920 fr.
822 3859 872 3934 72,
894 3872 922 3917 v,
941 3858 1017 3919 118:
1041 3857 1085 3916 Tu
1107 3855 1274 3929 produxisti
1298 3871 1353 3913 nos

229 3942 283 4010 utra
303 3956 424 4016 luminis
446 3972 524 4018 orae.
569 3954 588 4019 Ι.
611 3953 681 4034 XV,
703 3952 742 4018 fr.
767 3960 796 4030 2,
821 3971 847 4017 v.
872 3957 949 4019 391:
984 3956 1064 4014 intra
1093 3971 1202 4012 muros.
1247 3947 1351 4012 Plout.

230 4033 294 4112 Most
312 4070 341 4115 v.
367 4053 465 4115 1064:
488 4055 568 4115 iutra
590 4055 691 4117 limen.
735 4052 832 4117 Mero.
856 4051 882 4130 Ι,
906 4057 935 4129 2,
959 4055 1014 4114 75;
1039 4053 1120 4111 intra
1141 4067 1255 4111 navem.

285 4144 385 4223 Sumo.
432 4147 470 4212 lu
492 4149 588 4214 Ennii
609 4155 841 4232 epigrammate
864 4153 883 4213 3
910 4165 960 4228 up.
985 4145 1117 4212 Vahlen.
1148 4164 1179 4226 p.
1206 4149 1264 4209 163
1288 4147 1351 4208 est:

169 4272 172 4311 t
232 4237 314 4305 tecle
339 4248 493 4308 exoriente
520 4265 613 4322 repro
639 4251 768 4310 Maeotis
791 4247 919 4323 paludes
948 4249 1043 4307 Nemo
1071 4253 1118 4307 est
1144 4246 1218 4308 cett.
1249 4240 1352 4307 Plaut.

169 4380 171 4411 ι
232 4321 291 4399 Pers,
308 4339 345 4420 V,
367 4346 398 4424 2,
420 4347 478 4410 38:
502 4349 552 4423 qui
574 4364 667 4421 ettpra
689 4364 744 4408 noe
765 4347 891 4407 habitat
