<?xml version="1.0" encoding="UTF-8"?>
<!DOCTYPE html PUBLIC "-//W3C//DTD XHTML 1.0 Transitional//EN"
    "http://www.w3.org/TR/xhtml1/DTD/xhtml1-transitional.dtd">
<html xmlns="http://www.w3.org/1999/xhtml" xml:lang="en" lang="en">
 <head>
  <title>
</title>
<meta http-equiv="Content-Type" content="text/html;charset=utf-8" />
  <meta name='ocr-system' content='tesseract 3.04.00' />
  <meta name='ocr-capabilities' content='ocr_page ocr_carea ocr_par ocr_line ocrx_word'/>
</head>
<body>
  <div class='ocr_page' id='page_1' title='image "./syntaxispriscor00holtgoog_0466.png"; bbox 0 0 3125 5075; ppageno 0'>
   <div class='ocr_carea' id='block_1_1' title="bbox 457 388 1343 453">
    <p class='ocr_par' dir='ltr' id='par_1_1' title="bbox 457 388 1343 453">
     <span class='ocr_line' id='line_1_1' title="bbox 457 388 1343 453; baseline -0.01 -21"><span class='ocrx_word' id='word_1_1' title='bbox 457 394 521 433; x_wconf 73' lang='lat' dir='ltr'><strong>NOT.</strong></span> <span class='ocrx_word' id='word_1_2' title='bbox 538 392 638 431; x_wconf 74' lang='lat' dir='ltr'><strong>Peren.</strong></span> <span class='ocrx_word' id='word_1_3' title='bbox 654 391 682 429; x_wconf 80' lang='grc' dir='ltr'><strong>ΙΙΙ</strong></span> <span class='ocrx_word' id='word_1_4' title='bbox 698 391 773 431; x_wconf 79' lang='lat' dir='ltr'><strong>UNIV.</strong></span> <span class='ocrx_word' id='word_1_5' title='bbox 789 390 887 430; x_wconf 75' lang='lat' dir='ltr'><strong>SPECT.</strong></span> <span class='ocrx_word' id='word_1_6' title='bbox 900 410 926 418; x_wconf 97' lang='lat'>-</span> <span class='ocrx_word' id='word_1_7' title='bbox 940 388 1094 429; x_wconf 74' lang='lat' dir='ltr'><strong>novenum.</strong></span> <span class='ocrx_word' id='word_1_8' title='bbox 1325 396 1343 453; x_wconf 73' lang='grc'><strong>7</strong></span> 
     </span>
    </p>
   </div>
   <div class='ocr_carea' id='block_1_2' title="bbox 186 575 1348 3311">
    <p class='ocr_par' dir='ltr' id='par_1_2' title="bbox 188 575 1348 955">
     <span class='ocr_line' id='line_1_2' title="bbox 281 575 1343 659; baseline -0.009 -11"><span class='ocrx_word' id='word_1_9' title='bbox 281 581 376 648; x_wconf 85' lang='lat' dir='ltr'><strong>Truc</strong></span> <span class='ocrx_word' id='word_1_10' title='bbox 398 581 436 659; x_wconf 79' lang='lat' dir='ltr'>V,</span> <span class='ocrx_word' id='word_1_11' title='bbox 458 602 487 646; x_wconf 83' lang='lat' dir='ltr'><strong>v·</strong></span> <span class='ocrx_word' id='word_1_12' title='bbox 513 586 568 646; x_wconf 84' lang='lat'><strong>18:</strong></span> <span class='ocrx_word' id='word_1_13' title='bbox 592 588 734 659; x_wconf 83' lang='lat' dir='ltr'><strong>paromst.</strong></span> <span class='ocrx_word' id='word_1_14' title='bbox 779 579 827 643; x_wconf 92' lang='lat' dir='ltr'><strong>De</strong></span> <span class='ocrx_word' id='word_1_15' title='bbox 849 582 929 654; x_wconf 79' lang='lat' dir='ltr'><strong>potia</strong></span> <span class='ocrx_word' id='word_1_16' title='bbox 958 582 991 642; x_wconf 88' lang='lat' dir='ltr'><strong>et</strong></span> <span class='ocrx_word' id='word_1_17' title='bbox 1014 585 1083 658; x_wconf 83' lang='lat' dir='ltr'><strong>pote</strong></span> <span class='ocrx_word' id='word_1_18' title='bbox 1106 576 1178 641; x_wconf 88' lang='lat' dir='ltr'><strong>vide</strong></span> <span class='ocrx_word' id='word_1_19' title='bbox 1200 575 1343 640; x_wconf 86' lang='lat' dir='ltr'><strong>Perizon.</strong></span> 
     </span>
     <span class='ocr_line' id='line_1_3' title="bbox 189 673 1345 760; baseline -0.012 -10"><span class='ocrx_word' id='word_1_20' title='bbox 189 681 233 750; x_wconf 72' lang='lat' dir='ltr'><strong>ul</strong></span> <span class='ocrx_word' id='word_1_21' title='bbox 259 679 370 748; x_wconf 78' lang='lat' dir='ltr'><strong>Senot.</strong></span> <span class='ocrx_word' id='word_1_22' title='bbox 398 680 530 746; x_wconf 85' lang='lat' dir='ltr'><strong>Minerv.</strong></span> <span class='ocrx_word' id='word_1_23' title='bbox 557 697 588 760; x_wconf 87' lang='lat' dir='ltr'><strong>p.</strong></span> <span class='ocrx_word' id='word_1_24' title='bbox 617 684 689 756; x_wconf 83' lang='grc'>215,</span> <span class='ocrx_word' id='word_1_25' title='bbox 717 676 771 756; x_wconf 90' lang='lat' dir='ltr'><strong>qui</strong></span> <span class='ocrx_word' id='word_1_26' title='bbox 799 673 895 741; x_wconf 81' lang='lat' dir='ltr'><strong>affert</strong></span> <span class='ocrx_word' id='word_1_27' title='bbox 921 675 1035 758; x_wconf 86' lang='lat' dir='ltr'><strong>Amph.</strong></span> <span class='ocrx_word' id='word_1_28' title='bbox 1062 674 1105 754; x_wconf 93' lang='lat' dir='ltr'><strong>Il,</strong></span> <span class='ocrx_word' id='word_1_29' title='bbox 1130 679 1159 754; x_wconf 92' lang='grc'><strong>2,</strong></span> <span class='ocrx_word' id='word_1_30' title='bbox 1183 677 1240 739; x_wconf 82' lang='lat'><strong>61:</strong></span> <span class='ocrx_word' id='word_1_31' title='bbox 1286 675 1345 750; x_wconf 81' lang='lat' dir='ltr'><strong>Qui</strong></span> 
     </span>
     <span class='ocr_line' id='line_1_4' title="bbox 188 774 1348 856; baseline -0.009 -11"><span class='ocrx_word' id='word_1_32' title='bbox 188 785 272 845; x_wconf 74' lang='lat' dir='ltr'><strong>ictuc</strong></span> <span class='ocrx_word' id='word_1_33' title='bbox 298 782 378 856; x_wconf 76' lang='lat' dir='ltr'><strong>potio</strong></span> <span class='ocrx_word' id='word_1_34' title='bbox 406 784 447 840; x_wconf 78' lang='lat' dir='ltr'><strong>act</strong></span> <span class='ocrx_word' id='word_1_35' title='bbox 476 779 542 840; x_wconf 85' lang='lat' dir='ltr'><strong>ficri</strong></span> <span class='ocrx_word' id='word_1_36' title='bbox 570 779 633 837; x_wconf 84' lang='grc'><strong>-2</strong></span> <span class='ocrx_word' id='word_1_37' title='bbox 681 775 752 840; x_wconf 92' lang='lat' dir='ltr'><strong>Anl.</strong></span> <span class='ocrx_word' id='word_1_38' title='bbox 781 774 823 853; x_wconf 87' lang='grc' dir='ltr'><strong>ΙΙ,</strong></span> <span class='ocrx_word' id='word_1_39' title='bbox 858 780 884 855; x_wconf 92' lang='grc'><strong>1,</strong></span> <span class='ocrx_word' id='word_1_40' title='bbox 915 780 969 840; x_wconf 87' lang='lat'><strong>19:</strong></span> <span class='ocrx_word' id='word_1_41' title='bbox 998 793 1064 836; x_wconf 86' lang='lat' dir='ltr'><strong>uam</strong></span> <span class='ocrx_word' id='word_1_42' title='bbox 1093 777 1175 836; x_wconf 81' lang='lat' dir='ltr'><strong>nulla</strong></span> <span class='ocrx_word' id='word_1_43' title='bbox 1196 776 1278 852; x_wconf 75' lang='lat' dir='ltr'><strong>potu</strong></span> <span class='ocrx_word' id='word_1_44' title='bbox 1303 778 1348 835; x_wconf 76' lang='lat' dir='ltr'><strong>aa</strong></span> 
     </span>
     <span class='ocr_line' id='line_1_5' title="bbox 189 870 1190 955; baseline -0.009 -12"><span class='ocrx_word' id='word_1_45' title='bbox 189 881 273 955; x_wconf 76' lang='lat' dir='ltr'><strong>eligi.</strong></span> <span class='ocrx_word' id='word_1_46' title='bbox 318 876 434 942; x_wconf 81' lang='lat' dir='ltr'><strong>eseuu.</strong></span> <span class='ocrx_word' id='word_1_47' title='bbox 459 874 482 953; x_wconf 92' lang='lat' dir='ltr'><strong>l,</strong></span> <span class='ocrx_word' id='word_1_48' title='bbox 508 880 536 950; x_wconf 91' lang='lat'><strong>3,</strong></span> <span class='ocrx_word' id='word_1_49' title='bbox 561 880 611 939; x_wconf 83' lang='lat'><strong>34.</strong></span> <span class='ocrx_word' id='word_1_50' title='bbox 656 875 698 940; x_wconf 85' lang='lat' dir='ltr'><strong>Et</strong></span> <span class='ocrx_word' id='word_1_51' title='bbox 720 874 751 938; x_wconf 89' lang='lat' dir='ltr'><strong>iu</strong></span> <span class='ocrx_word' id='word_1_52' title='bbox 774 872 890 953; x_wconf 80' lang='lat' dir='ltr'><strong>plurali</strong></span> <span class='ocrx_word' id='word_1_53' title='bbox 912 872 1006 936; x_wconf 84' lang='lat' dir='ltr'><strong>Poou.</strong></span> <span class='ocrx_word' id='word_1_54' title='bbox 1031 870 1056 949; x_wconf 89' lang='grc' dir='ltr'><strong>Ι,</strong></span> <span class='ocrx_word' id='word_1_55' title='bbox 1079 875 1109 948; x_wconf 90' lang='grc'><strong>2,</strong></span> <span class='ocrx_word' id='word_1_56' title='bbox 1135 875 1190 934; x_wconf 83' lang='lat'><strong>17:</strong></span> 
     </span>
    </p>

    <p class='ocr_par' dir='ltr' id='par_1_3' title="bbox 363 974 1147 1054">
     <span class='ocr_line' id='line_1_6' title="bbox 363 974 1147 1054; baseline -0.004 -19"><span class='ocrx_word' id='word_1_57' title='bbox 363 978 465 1054; x_wconf 78' lang='lat' dir='ltr'><strong>Apage</strong></span> <span class='ocrx_word' id='word_1_58' title='bbox 488 980 538 1049; x_wconf 85' lang='lat' dir='ltr'>sis,</span> <span class='ocrx_word' id='word_1_59' title='bbox 562 976 662 1048; x_wconf 80' lang='lat' dir='ltr'><strong>negoti</strong></span> <span class='ocrx_word' id='word_1_60' title='bbox 683 978 823 1049; x_wconf 87' lang='lat' dir='ltr'><strong>quantum</strong></span> <span class='ocrx_word' id='word_1_61' title='bbox 847 974 877 1031; x_wconf 94' lang='lat' dir='ltr'><strong>iu</strong></span> <span class='ocrx_word' id='word_1_62' title='bbox 901 974 1024 1034; x_wconf 86' lang='lat' dir='ltr'><strong>muliere</strong></span> <span class='ocrx_word' id='word_1_63' title='bbox 1046 978 1147 1032; x_wconf 80' lang='lat' dir='ltr'><strong>unaet:</strong></span> 
     </span>
    </p>

    <p class='ocr_par' dir='ltr' id='par_1_4' title="bbox 364 1072 1009 1145">
     <span class='ocr_line' id='line_1_7' title="bbox 364 1072 1009 1145; baseline -0.008 -12"><span class='ocrx_word' id='word_1_64' title='bbox 364 1074 422 1134; x_wconf 86' lang='lat' dir='ltr'><strong>Sed</strong></span> <span class='ocrx_word' id='word_1_65' title='bbox 444 1091 515 1132; x_wconf 87' lang='lat' dir='ltr'><strong>vcro</strong></span> <span class='ocrx_word' id='word_1_66' title='bbox 538 1074 622 1145; x_wconf 86' lang='lat' dir='ltr'><strong>duae,</strong></span> <span class='ocrx_word' id='word_1_67' title='bbox 646 1081 692 1131; x_wconf 85' lang='lat' dir='ltr'><strong>sat</strong></span> <span class='ocrx_word' id='word_1_68' title='bbox 714 1072 787 1142; x_wconf 82' lang='lat' dir='ltr'><strong>ecio,</strong></span> <span class='ocrx_word' id='word_1_69' title='bbox 808 1072 934 1131; x_wconf 85' lang='lat' dir='ltr'><strong>maximo</strong></span> <span class='ocrx_word' id='word_1_70' title='bbox 958 1072 1009 1129; x_wconf 92' lang='lat' dir='ltr'><strong>uui</strong></span> 
     </span>
    </p>

    <p class='ocr_par' dir='ltr' id='par_1_5' title="bbox 186 1169 1346 3311">
     <span class='ocr_line' id='line_1_8' title="bbox 364 1169 1107 1246; baseline -0.003 -15"><span class='ocrx_word' id='word_1_71' title='bbox 364 1172 479 1246; x_wconf 85' lang='lat' dir='ltr'><strong>Populo</strong></span> <span class='ocrx_word' id='word_1_72' title='bbox 500 1170 632 1230; x_wconf 80' lang='lat' dir='ltr'>cuilubet</span> <span class='ocrx_word' id='word_1_73' title='bbox 654 1171 721 1243; x_wconf 77' lang='lat' dir='ltr'><strong>pluo</strong></span> <span class='ocrx_word' id='word_1_74' title='bbox 744 1169 817 1228; x_wconf 82' lang='lat' dir='ltr'><strong>satis</strong></span> <span class='ocrx_word' id='word_1_75' title='bbox 839 1169 911 1229; x_wconf 74' lang='lat' dir='ltr'><strong>darc</strong></span> <span class='ocrx_word' id='word_1_76' title='bbox 928 1169 1010 1244; x_wconf 75' lang='lat' dir='ltr'><strong>potia</strong></span> <span class='ocrx_word' id='word_1_77' title='bbox 1030 1174 1107 1230; x_wconf 72' lang='lat' dir='ltr'><strong>aaut.</strong></span> 
     </span>
     <span class='ocr_line' id='line_1_9' title="bbox 186 1263 1338 1345; baseline -0.004 -11"><span class='ocrx_word' id='word_1_78' title='bbox 186 1267 289 1336; x_wconf 65' lang='lat' dir='ltr'><strong>Meet.</strong></span> <span class='ocrx_word' id='word_1_79' title='bbox 322 1266 357 1344; x_wconf 91' lang='lat' dir='ltr'><strong>l,</strong></span> <span class='ocrx_word' id='word_1_80' title='bbox 392 1272 427 1342; x_wconf 88' lang='grc'><strong>3,</strong></span> <span class='ocrx_word' id='word_1_81' title='bbox 459 1269 500 1331; x_wconf 87' lang='grc'><strong>99</strong></span> <span class='ocrx_word' id='word_1_82' title='bbox 542 1263 706 1341; x_wconf 73' lang='lat' dir='ltr'><strong>(Sanctius</strong></span> <span class='ocrx_word' id='word_1_83' title='bbox 746 1282 775 1345; x_wconf 91' lang='lat' dir='ltr'><strong>p.</strong></span> <span class='ocrx_word' id='word_1_84' title='bbox 807 1268 899 1340; x_wconf 75' lang='lat' dir='ltr'><strong>862l:</strong></span> <span class='ocrx_word' id='word_1_85' title='bbox 952 1267 1037 1339; x_wconf 83' lang='lat' dir='ltr'><strong>Vah,</strong></span> <span class='ocrx_word' id='word_1_86' title='bbox 1076 1267 1145 1341; x_wconf 76' lang='lat' dir='ltr'><strong>quid</strong></span> <span class='ocrx_word' id='word_1_87' title='bbox 1185 1268 1239 1328; x_wconf 88' lang='lat' dir='ltr'><strong>illa</strong></span> <span class='ocrx_word' id='word_1_88' title='bbox 1269 1275 1338 1344; x_wconf 70' lang='lat' dir='ltr'><strong>poe</strong></span> 
     </span>
     <span class='ocr_line' id='line_1_10' title="bbox 192 1359 1342 1445; baseline 0.001 -17"><span class='ocrx_word' id='word_1_89' title='bbox 192 1371 279 1445; x_wconf 76' lang='lat' dir='ltr'><strong>peine</strong></span> <span class='ocrx_word' id='word_1_90' title='bbox 310 1368 447 1443; x_wconf 82' lang='lat' dir='ltr'><strong>quiquam</strong></span> <span class='ocrx_word' id='word_1_91' title='bbox 473 1368 596 1426; x_wconf 90' lang='lat' dir='ltr'><strong>muliere</strong></span> <span class='ocrx_word' id='word_1_92' title='bbox 627 1364 842 1425; x_wconf 76' lang='lat' dir='ltr'><strong>memoranter?</strong></span> <span class='ocrx_word' id='word_1_93' title='bbox 885 1359 989 1426; x_wconf 83' lang='lat' dir='ltr'><strong>casia</strong></span> <span class='ocrx_word' id='word_1_94' title='bbox 1014 1360 1055 1440; x_wconf 89' lang='lat' dir='ltr'><strong>ll,</strong></span> <span class='ocrx_word' id='word_1_95' title='bbox 1083 1367 1113 1440; x_wconf 93' lang='lat'><strong>3,</strong></span> <span class='ocrx_word' id='word_1_96' title='bbox 1138 1366 1156 1425; x_wconf 88' lang='grc'>2</span> <span class='ocrx_word' id='word_1_97' title='bbox 1184 1362 1342 1440; x_wconf 85' lang='lat' dir='ltr'><strong>(Perizou.</strong></span> 
     </span>
     <span class='ocr_line' id='line_1_11' title="bbox 196 1458 1341 1546; baseline -0.003 -18"><span class='ocrx_word' id='word_1_98' title='bbox 196 1463 340 1546; x_wconf 77' lang='lat' dir='ltr'>p351):</span> <span class='ocrx_word' id='word_1_99' title='bbox 384 1465 447 1525; x_wconf 83' lang='lat' dir='ltr'><strong>Nec</strong></span> <span class='ocrx_word' id='word_1_100' title='bbox 471 1468 540 1538; x_wconf 83' lang='lat' dir='ltr'><strong>pcto</strong></span> <span class='ocrx_word' id='word_1_101' title='bbox 567 1461 625 1534; x_wconf 76' lang='lat' dir='ltr'><strong>[sic</strong></span> <span class='ocrx_word' id='word_1_102' title='bbox 650 1469 738 1525; x_wconf 83' lang='lat' dir='ltr'><strong>recte</strong></span> <span class='ocrx_word' id='word_1_103' title='bbox 760 1458 896 1524; x_wconf 87' lang='lat' dir='ltr'><strong>Bothius</strong></span> <span class='ocrx_word' id='word_1_104' title='bbox 918 1459 1013 1524; x_wconf 90' lang='lat' dir='ltr'><strong>metri</strong></span> <span class='ocrx_word' id='word_1_105' title='bbox 1037 1477 1150 1538; x_wconf 86' lang='lat' dir='ltr'><strong>causa;</strong></span> <span class='ocrx_word' id='word_1_106' title='bbox 1179 1463 1228 1541; x_wconf 85' lang='lat' dir='ltr'><strong>Ag</strong></span> <span class='ocrx_word' id='word_1_107' title='bbox 1250 1464 1341 1538; x_wconf 83' lang='lat' dir='ltr'><strong>potin)</strong></span> 
     </span>
     <span class='ocr_line' id='line_1_12' title="bbox 195 1554 1342 1640; baseline -0.003 -14"><span class='ocrx_word' id='word_1_108' title='bbox 195 1563 353 1640; x_wconf 76' lang='lat' dir='ltr'><strong>quicquum</strong></span> <span class='ocrx_word' id='word_1_109' title='bbox 376 1560 600 1633; x_wconf 74' lang='lat' dir='ltr'><strong>conmemoran,</strong></span> <span class='ocrx_word' id='word_1_110' title='bbox 620 1558 698 1635; x_wconf 88' lang='lat' dir='ltr'><strong>quod</strong></span> <span class='ocrx_word' id='word_1_111' title='bbox 719 1561 788 1635; x_wconf 87' lang='lat' dir='ltr'><strong>plus</strong></span> <span class='ocrx_word' id='word_1_112' title='bbox 804 1554 875 1620; x_wconf 74' lang='lat' dir='ltr'><strong>eolis</strong></span> <span class='ocrx_word' id='word_1_113' title='bbox 892 1560 1017 1634; x_wconf 83' lang='lat' dir='ltr'><strong>plusque</strong></span> <span class='ocrx_word' id='word_1_114' title='bbox 1033 1561 1144 1635; x_wconf 82' lang='lat' dir='ltr'><strong>leporis</strong></span> <span class='ocrx_word' id='word_1_115' title='bbox 1160 1594 1198 1603; x_wconf 95' lang='lat'>-</span> <span class='ocrx_word' id='word_1_116' title='bbox 1216 1561 1342 1622; x_wconf 60' lang='lat' dir='ltr'><strong>Habeat„</strong></span> 
     </span>
     <span class='ocr_line' id='line_1_13' title="bbox 192 1655 1344 1735; baseline -0.002 -13"><span class='ocrx_word' id='word_1_117' title='bbox 192 1655 323 1724; x_wconf 77' lang='lat' dir='ltr'><strong>Terent.</strong></span> <span class='ocrx_word' id='word_1_118' title='bbox 353 1656 486 1735; x_wconf 81' lang='lat' dir='ltr'><strong>Adelph.</strong></span> <span class='ocrx_word' id='word_1_119' title='bbox 514 1655 570 1733; x_wconf 86' lang='lat' dir='ltr'><strong>lv,</strong></span> <span class='ocrx_word' id='word_1_120' title='bbox 603 1659 629 1733; x_wconf 93' lang='lat'>1,</span> <span class='ocrx_word' id='word_1_121' title='bbox 661 1661 695 1719; x_wconf 79' lang='lat'><strong>5:</strong></span> <span class='ocrx_word' id='word_1_122' title='bbox 744 1659 791 1717; x_wconf 88' lang='lat' dir='ltr'><strong>lta</strong></span> <span class='ocrx_word' id='word_1_123' title='bbox 818 1655 861 1729; x_wconf 82' lang='lat' dir='ltr'><strong>fit,</strong></span> <span class='ocrx_word' id='word_1_124' title='bbox 895 1663 926 1715; x_wconf 91' lang='lat' dir='ltr'><strong>et</strong></span> <span class='ocrx_word' id='word_1_125' title='bbox 958 1660 1034 1718; x_wconf 83' lang='lat' dir='ltr'><strong>istoc</strong></span> <span class='ocrx_word' id='word_1_126' title='bbox 1070 1659 1166 1733; x_wconf 83' lang='lat' dir='ltr'>siquid</span> <span class='ocrx_word' id='word_1_127' title='bbox 1194 1660 1274 1733; x_wconf 75' lang='lat' dir='ltr'><strong>poen</strong></span> <span class='ocrx_word' id='word_1_128' title='bbox 1302 1662 1344 1719; x_wconf 73' lang='lat' dir='ltr'><strong>cel</strong></span> 
     </span>
     <span class='ocr_line' id='line_1_14' title="bbox 189 1751 1345 1833; baseline 0.001 -16"><span class='ocrx_word' id='word_1_129' title='bbox 189 1759 316 1820; x_wconf 83' lang='lat' dir='ltr'><strong>rectius.</strong></span> <span class='ocrx_word' id='word_1_130' title='bbox 361 1754 416 1833; x_wconf 85' lang='lat' dir='ltr'>IV,</span> <span class='ocrx_word' id='word_1_131' title='bbox 437 1761 468 1832; x_wconf 78' lang='lat'>4,</span> <span class='ocrx_word' id='word_1_132' title='bbox 494 1759 532 1819; x_wconf 88' lang='grc'><strong>18</strong></span> <span class='ocrx_word' id='word_1_133' title='bbox 559 1751 711 1822; x_wconf 81' lang='lat' dir='ltr'><strong>(Perizon.</strong></span> <span class='ocrx_word' id='word_1_134' title='bbox 735 1771 766 1833; x_wconf 88' lang='lat' dir='ltr'><strong>p.</strong></span> <span class='ocrx_word' id='word_1_135' title='bbox 791 1757 884 1829; x_wconf 83' lang='lat'>851):</span> <span class='ocrx_word' id='word_1_136' title='bbox 916 1754 985 1815; x_wconf 85' lang='lat' dir='ltr'><strong>fieri</strong></span> <span class='ocrx_word' id='word_1_137' title='bbox 1006 1758 1157 1832; x_wconf 72' lang='lat' dir='ltr'><strong>pareest,</strong></span> <span class='ocrx_word' id='word_1_138' title='bbox 1186 1765 1218 1817; x_wconf 91' lang='lat' dir='ltr'><strong>ut</strong></span> <span class='ocrx_word' id='word_1_139' title='bbox 1247 1773 1345 1831; x_wconf 80' lang='lat' dir='ltr'><strong>neque</strong></span> 
     </span>
     <span class='ocr_line' id='line_1_15' title="bbox 189 1851 1343 1932; baseline 0.001 -17"><span class='ocrx_word' id='word_1_140' title='bbox 189 1863 289 1918; x_wconf 74' lang='lat' dir='ltr'><strong>ucat.</strong></span> <span class='ocrx_word' id='word_1_141' title='bbox 334 1852 377 1930; x_wconf 90' lang='lat' dir='ltr'><strong>Il,</strong></span> <span class='ocrx_word' id='word_1_142' title='bbox 399 1858 430 1931; x_wconf 89' lang='lat'><strong>3,</strong></span> <span class='ocrx_word' id='word_1_143' title='bbox 457 1857 507 1915; x_wconf 94' lang='lat' dir='ltr'><strong>ll:</strong></span> <span class='ocrx_word' id='word_1_144' title='bbox 538 1855 588 1913; x_wconf 91' lang='lat' dir='ltr'><strong>Nil</strong></span> <span class='ocrx_word' id='word_1_145' title='bbox 604 1858 674 1927; x_wconf 79' lang='lat' dir='ltr'><strong>pote</strong></span> <span class='ocrx_word' id='word_1_146' title='bbox 694 1872 794 1928; x_wconf 83' lang='lat' dir='ltr'><strong>supra,</strong></span> <span class='ocrx_word' id='word_1_147' title='bbox 817 1851 872 1916; x_wconf 91' lang='lat' dir='ltr'><strong>ubi</strong></span> <span class='ocrx_word' id='word_1_148' title='bbox 894 1871 960 1915; x_wconf 86' lang='lat' dir='ltr'><strong>esse</strong></span> <span class='ocrx_word' id='word_1_149' title='bbox 983 1852 1133 1918; x_wconf 82' lang='lat' dir='ltr'><strong>omissum</strong></span> <span class='ocrx_word' id='word_1_150' title='bbox 1156 1861 1214 1925; x_wconf 66' lang='lat' dir='ltr'><strong>est„</strong></span> <span class='ocrx_word' id='word_1_151' title='bbox 1229 1873 1259 1916; x_wconf 80' lang='lat' dir='ltr'><strong>v,</strong></span> <span class='ocrx_word' id='word_1_152' title='bbox 1276 1853 1295 1932; x_wconf 65' lang='grc' dir='ltr'><strong>ξ</strong></span> <span class='ocrx_word' id='word_1_153' title='bbox 1315 1859 1343 1917; x_wconf 96' lang='grc'><strong>1.</strong></span> 
     </span>
     <span class='ocr_line' id='line_1_16' title="bbox 189 1948 1340 2030; baseline 0 -14"><span class='ocrx_word' id='word_1_154' title='bbox 189 1951 299 2016; x_wconf 85' lang='lat' dir='ltr'><strong>Plaut.</strong></span> <span class='ocrx_word' id='word_1_155' title='bbox 324 1948 414 2030; x_wconf 81' lang='lat' dir='ltr'><strong>Copt.</strong></span> <span class='ocrx_word' id='word_1_156' title='bbox 439 1950 463 2030; x_wconf 90' lang='lat'>1,</span> <span class='ocrx_word' id='word_1_157' title='bbox 488 1954 516 2028; x_wconf 87' lang='lat'>2,</span> <span class='ocrx_word' id='word_1_158' title='bbox 539 1955 572 2013; x_wconf 85' lang='lat'><strong>9:</strong></span> <span class='ocrx_word' id='word_1_159' title='bbox 618 1952 697 2012; x_wconf 83' lang='lat' dir='ltr'><strong>Satis</strong></span> <span class='ocrx_word' id='word_1_160' title='bbox 720 1963 766 2012; x_wconf 84' lang='lat' dir='ltr'><strong>esc</strong></span> <span class='ocrx_word' id='word_1_161' title='bbox 789 1976 830 2003; x_wconf 87' lang='lat'>=</span> <span class='ocrx_word' id='word_1_162' title='bbox 853 1949 1079 2016; x_wconf 82' lang='lat' dir='ltr'><strong>conclamatum</strong></span> <span class='ocrx_word' id='word_1_163' title='bbox 1103 1958 1153 2018; x_wconf 86' lang='lat' dir='ltr'><strong>cst</strong></span> <span class='ocrx_word' id='word_1_164' title='bbox 1167 1951 1340 2018; x_wconf 85' lang='lat' dir='ltr'><strong>secuudum</strong></span> 
     </span>
     <span class='ocr_line' id='line_1_17' title="bbox 187 2045 1346 2130; baseline -0.003 -17"><span class='ocrx_word' id='word_1_165' title='bbox 187 2048 400 2130; x_wconf 79' lang='lat' dir='ltr'><strong>scaligerum.</strong></span> <span class='ocrx_word' id='word_1_166' title='bbox 449 2046 532 2110; x_wconf 88' lang='lat' dir='ltr'><strong>Men.</strong></span> <span class='ocrx_word' id='word_1_167' title='bbox 561 2064 589 2108; x_wconf 89' lang='lat' dir='ltr'><strong>v.</strong></span> <span class='ocrx_word' id='word_1_168' title='bbox 619 2050 676 2110; x_wconf 88' lang='grc' dir='ltr'><strong>62Ι</strong></span> <span class='ocrx_word' id='word_1_169' title='bbox 710 2051 741 2110; x_wconf 87' lang='lat' dir='ltr'><strong>et</strong></span> <span class='ocrx_word' id='word_1_170' title='bbox 771 2045 827 2126; x_wconf 91' lang='lat' dir='ltr'>IV,</span> <span class='ocrx_word' id='word_1_171' title='bbox 857 2053 885 2125; x_wconf 96' lang='grc'><strong>2,</strong></span> <span class='ocrx_word' id='word_1_172' title='bbox 916 2053 971 2115; x_wconf 85' lang='lat'><strong>92:</strong></span> <span class='ocrx_word' id='word_1_173' title='bbox 1003 2048 1091 2114; x_wconf 79' lang='lat' dir='ltr'><strong>saan’</strong></span> <span class='ocrx_word' id='word_1_174' title='bbox 1119 2052 1174 2112; x_wconf 89' lang='lat' dir='ltr'><strong>hoc</strong></span> <span class='ocrx_word' id='word_1_175' title='bbox 1201 2058 1246 2114; x_wconf 81' lang='lat' dir='ltr'><strong>cst</strong></span> <span class='ocrx_word' id='word_1_176' title='bbox 1271 2049 1346 2111; x_wconf 79' lang='lat' dir='ltr'><strong>tibi?</strong></span> 
     </span>
     <span class='ocr_line' id='line_1_18' title="bbox 189 2144 1344 2226; baseline -0.002 -14"><span class='ocrx_word' id='word_1_177' title='bbox 189 2146 309 2212; x_wconf 78' lang='lat' dir='ltr'><strong>Bacch.</strong></span> <span class='ocrx_word' id='word_1_178' title='bbox 333 2164 362 2211; x_wconf 84' lang='lat' dir='ltr'><strong>v.</strong></span> <span class='ocrx_word' id='word_1_179' title='bbox 385 2151 462 2211; x_wconf 78' lang='lat'>834:</span> <span class='ocrx_word' id='word_1_180' title='bbox 506 2150 560 2208; x_wconf 85' lang='lat' dir='ltr'><strong>Sat</strong></span> <span class='ocrx_word' id='word_1_181' title='bbox 582 2155 636 2207; x_wconf 86' lang='lat' dir='ltr'><strong>est.</strong></span> <span class='ocrx_word' id='word_1_182' title='bbox 682 2144 809 2208; x_wconf 86' lang='lat' dir='ltr'><strong>Terent.</strong></span> <span class='ocrx_word' id='word_1_183' title='bbox 841 2144 937 2208; x_wconf 88' lang='lat' dir='ltr'><strong>Andr.</strong></span> <span class='ocrx_word' id='word_1_184' title='bbox 967 2145 1021 2225; x_wconf 88' lang='lat' dir='ltr'>IV,</span> <span class='ocrx_word' id='word_1_185' title='bbox 1045 2151 1073 2226; x_wconf 82' lang='lat'>2,</span> <span class='ocrx_word' id='word_1_186' title='bbox 1098 2152 1154 2212; x_wconf 88' lang='grc'><strong>22;</strong></span> <span class='ocrx_word' id='word_1_187' title='bbox 1200 2150 1272 2210; x_wconf 83' lang='lat' dir='ltr'><strong>Dico</strong></span> <span class='ocrx_word' id='word_1_188' title='bbox 1295 2150 1344 2211; x_wconf 92' lang='lat' dir='ltr'><strong>hic</strong></span> 
     </span>
     <span class='ocr_line' id='line_1_19' title="bbox 188 2241 1341 2324; baseline -0.002 -16"><span class='ocrx_word' id='word_1_189' title='bbox 188 2249 231 2308; x_wconf 75' lang='lat' dir='ltr'><strong>ni</strong></span> <span class='ocrx_word' id='word_1_190' title='bbox 253 2253 288 2308; x_wconf 82' lang='lat' dir='ltr'><strong>ot</strong></span> <span class='ocrx_word' id='word_1_191' title='bbox 308 2247 382 2308; x_wconf 71' lang='lat' dir='ltr'><strong>aare</strong></span> <span class='ocrx_word' id='word_1_192' title='bbox 402 2248 442 2307; x_wconf 79' lang='lat' dir='ltr'><strong>eit</strong></span> <span class='ocrx_word' id='word_1_193' title='bbox 461 2263 575 2306; x_wconf 86' lang='lat' dir='ltr'><strong>vercor.</strong></span> <span class='ocrx_word' id='word_1_194' title='bbox 620 2241 745 2306; x_wconf 88' lang='lat' dir='ltr'><strong>Phorm.</strong></span> <span class='ocrx_word' id='word_1_195' title='bbox 768 2241 812 2319; x_wconf 93' lang='grc' dir='ltr'>ΙΙ,</span> <span class='ocrx_word' id='word_1_196' title='bbox 836 2248 864 2321; x_wconf 88' lang='grc'><strong>3,</strong></span> <span class='ocrx_word' id='word_1_197' title='bbox 887 2246 941 2308; x_wconf 86' lang='grc'><strong>89;</strong></span> <span class='ocrx_word' id='word_1_198' title='bbox 965 2244 1046 2306; x_wconf 70' lang='lat' dir='ltr'><strong>Satis</strong></span> <span class='ocrx_word' id='word_1_199' title='bbox 1068 2248 1125 2306; x_wconf 88' lang='lat' dir='ltr'><strong>iam</strong></span> <span class='ocrx_word' id='word_1_200' title='bbox 1148 2248 1341 2324; x_wconf 83' lang='lat' dir='ltr'><strong>verborumot,</strong></span> 
     </span>
     <span class='ocr_line' id='line_1_20' title="bbox 189 2338 1341 2424; baseline -0.005 -14"><span class='ocrx_word' id='word_1_201' title='bbox 189 2342 233 2410; x_wconf 82' lang='lat' dir='ltr'><strong>de</strong></span> <span class='ocrx_word' id='word_1_202' title='bbox 256 2359 321 2422; x_wconf 89' lang='lat' dir='ltr'><strong>quo</strong></span> <span class='ocrx_word' id='word_1_203' title='bbox 343 2341 412 2407; x_wconf 91' lang='lat' dir='ltr'><strong>loco</strong></span> <span class='ocrx_word' id='word_1_204' title='bbox 434 2341 537 2405; x_wconf 88' lang='lat' dir='ltr'><strong>Rudd.</strong></span> <span class='ocrx_word' id='word_1_205' title='bbox 560 2341 634 2406; x_wconf 85' lang='lat' dir='ltr'><strong>inst.</strong></span> <span class='ocrx_word' id='word_1_206' title='bbox 656 2339 700 2418; x_wconf 91' lang='grc' dir='ltr'>ΙΙ,</span> <span class='ocrx_word' id='word_1_207' title='bbox 722 2360 752 2421; x_wconf 88' lang='lat' dir='ltr'><strong>p.</strong></span> <span class='ocrx_word' id='word_1_208' title='bbox 771 2346 801 2418; x_wconf 83' lang='lat'>7,</span> <span class='ocrx_word' id='word_1_209' title='bbox 823 2338 929 2404; x_wconf 87' lang='lat' dir='ltr'><strong>adnot.</strong></span> <span class='ocrx_word' id='word_1_210' title='bbox 956 2347 1009 2406; x_wconf 78' lang='lat' dir='ltr'><strong>lt:</strong></span> <span class='ocrx_word' id='word_1_211' title='bbox 1035 2341 1158 2422; x_wconf 80' lang='lat' dir='ltr'><strong>,possis</strong></span> <span class='ocrx_word' id='word_1_212' title='bbox 1172 2341 1341 2424; x_wconf 82' lang='lat' dir='ltr'><strong>explicare,</strong></span> 
     </span>
     <span class='ocr_line' id='line_1_21' title="bbox 190 2435 1341 2518; baseline -0.002 -12"><span class='ocrx_word' id='word_1_213' title='bbox 190 2439 253 2506; x_wconf 81' lang='lat' dir='ltr'><strong>Est</strong></span> <span class='ocrx_word' id='word_1_214' title='bbox 275 2456 331 2504; x_wconf 85' lang='lat' dir='ltr'><strong>res</strong></span> <span class='ocrx_word' id='word_1_215' title='bbox 352 2439 521 2508; x_wconf 87' lang='lat' dir='ltr'><strong>verborum</strong></span> <span class='ocrx_word' id='word_1_216' title='bbox 544 2438 586 2502; x_wconf 88' lang='lat' dir='ltr'><strong>ud</strong></span> <span class='ocrx_word' id='word_1_217' title='bbox 608 2438 798 2503; x_wconf 83' lang='lat' dir='ltr'><strong>satietatem</strong></span> <span class='ocrx_word' id='word_1_218' title='bbox 843 2436 911 2501; x_wconf 83' lang='lat' dir='ltr'>Nisi</span> <span class='ocrx_word' id='word_1_219' title='bbox 926 2435 1009 2503; x_wconf 85' lang='lat' dir='ltr'><strong>forte</strong></span> <span class='ocrx_word' id='word_1_220' title='bbox 1025 2442 1100 2503; x_wconf 76' lang='lat' dir='ltr'><strong>sucu</strong></span> <span class='ocrx_word' id='word_1_221' title='bbox 1114 2446 1164 2506; x_wconf 84' lang='lat' dir='ltr'><strong>est</strong></span> <span class='ocrx_word' id='word_1_222' title='bbox 1178 2439 1341 2518; x_wconf 84' lang='lat' dir='ltr'><strong>antiquum</strong></span> 
     </span>
     <span class='ocr_line' id='line_1_22' title="bbox 191 2535 1340 2621; baseline -0.003 -17"><span class='ocrx_word' id='word_1_223' title='bbox 191 2539 396 2617; x_wconf 77' lang='lat' dir='ltr'>adjectivum,</span> <span class='ocrx_word' id='word_1_224' title='bbox 422 2539 501 2602; x_wconf 88' lang='lat' dir='ltr'><strong>uude</strong></span> <span class='ocrx_word' id='word_1_225' title='bbox 526 2536 758 2617; x_wconf 81' lang='lat' dir='ltr'><strong>comparativus</strong></span> <span class='ocrx_word' id='word_1_226' title='bbox 780 2540 881 2605; x_wconf 74' lang='lat' dir='ltr'><strong>sotim,</strong></span> <span class='ocrx_word' id='word_1_227' title='bbox 904 2535 1015 2600; x_wconf 91' lang='lat' dir='ltr'><strong>eodem</strong></span> <span class='ocrx_word' id='word_1_228' title='bbox 1035 2538 1139 2608; x_wconf 85' lang='lat' dir='ltr'><strong>modo,</strong></span> <span class='ocrx_word' id='word_1_229' title='bbox 1157 2555 1219 2621; x_wconf 91' lang='lat' dir='ltr'><strong>quo</strong></span> <span class='ocrx_word' id='word_1_230' title='bbox 1234 2542 1340 2617; x_wconf 68' lang='lat' dir='ltr'><strong>mocio,</strong></span> 
     </span>
     <span class='ocr_line' id='line_1_23' title="bbox 192 2633 1343 2715; baseline -0.002 -15"><span class='ocrx_word' id='word_1_231' title='bbox 192 2635 279 2700; x_wconf 69' lang='lat' dir='ltr'><strong>nulle</strong></span> <span class='ocrx_word' id='word_1_232' title='bbox 313 2636 547 2715; x_wconf 81' lang='lat' dir='ltr'><strong>comparativus</strong></span> <span class='ocrx_word' id='word_1_233' title='bbox 580 2637 693 2714; x_wconf 75' lang='lat' dir='ltr'><strong>orator,</strong></span> <span class='ocrx_word' id='word_1_234' title='bbox 731 2633 805 2697; x_wconf 91' lang='lat' dir='ltr'><strong>olim</strong></span> <span class='ocrx_word' id='word_1_235' title='bbox 839 2635 1029 2699; x_wconf 79' lang='lat' dir='ltr'><strong>adiecturum</strong></span> <span class='ocrx_word' id='word_1_236' title='bbox 1062 2634 1160 2700; x_wconf 84' lang='lat' dir='ltr'><strong>luisse</strong></span> <span class='ocrx_word' id='word_1_237' title='bbox 1194 2636 1343 2701; x_wconf 86' lang='lat' dir='ltr'><strong>observat</strong></span> 
     </span>
     <span class='ocr_line' id='line_1_24' title="bbox 193 2732 1344 2814; baseline -0.002 -16"><span class='ocrx_word' id='word_1_238' title='bbox 193 2735 340 2799; x_wconf 87' lang='lat' dir='ltr'><strong>Perizou.</strong></span> <span class='ocrx_word' id='word_1_239' title='bbox 368 2735 409 2814; x_wconf 94' lang='grc' dir='ltr'>ΙΙ,</span> <span class='ocrx_word' id='word_1_240' title='bbox 443 2739 491 2810; x_wconf 87' lang='lat'>10,</span> <span class='ocrx_word' id='word_1_241' title='bbox 524 2732 567 2797; x_wconf 84' lang='lat' dir='ltr'><strong>l.“</strong></span> <span class='ocrx_word' id='word_1_242' title='bbox 620 2733 662 2795; x_wconf 84' lang='lat' dir='ltr'><strong>Et</strong></span> <span class='ocrx_word' id='word_1_243' title='bbox 688 2732 733 2795; x_wconf 88' lang='lat' dir='ltr'><strong>sic</strong></span> <span class='ocrx_word' id='word_1_244' title='bbox 764 2733 860 2796; x_wconf 91' lang='lat' dir='ltr'><strong>etiam</strong></span> <span class='ocrx_word' id='word_1_245' title='bbox 894 2732 926 2794; x_wconf 90' lang='lat' dir='ltr'><strong>iu</strong></span> <span class='ocrx_word' id='word_1_246' title='bbox 949 2736 1130 2799; x_wconf 81' lang='lat' dir='ltr'><strong>accusativo</strong></span> <span class='ocrx_word' id='word_1_247' title='bbox 1153 2735 1271 2799; x_wconf 81' lang='lat' dir='ltr'><strong>(lictum</strong></span> <span class='ocrx_word' id='word_1_248' title='bbox 1295 2737 1344 2797; x_wconf 85' lang='lat' dir='ltr'><strong>est</strong></span> 
     </span>
     <span class='ocr_line' id='line_1_25' title="bbox 188 2830 1344 2917; baseline 0.003 -19"><span class='ocrx_word' id='word_1_249' title='bbox 188 2832 297 2898; x_wconf 76' lang='lat' dir='ltr'><strong>eruut.</strong></span> <span class='ocrx_word' id='word_1_250' title='bbox 325 2833 417 2898; x_wconf 84' lang='lat' dir='ltr'><strong>Truc.</strong></span> <span class='ocrx_word' id='word_1_251' title='bbox 444 2831 499 2908; x_wconf 87' lang='lat' dir='ltr'>IV,</span> <span class='ocrx_word' id='word_1_252' title='bbox 523 2836 555 2909; x_wconf 89' lang='lat'><strong>3,</strong></span> <span class='ocrx_word' id='word_1_253' title='bbox 582 2836 635 2897; x_wconf 81' lang='lat'><strong>18:</strong></span> <span class='ocrx_word' id='word_1_254' title='bbox 662 2833 735 2892; x_wconf 79' lang='lat' dir='ltr'><strong>sotis</strong></span> <span class='ocrx_word' id='word_1_255' title='bbox 765 2850 798 2895; x_wconf 88' lang='lat' dir='ltr'><strong>es</strong></span> <span class='ocrx_word' id='word_1_256' title='bbox 826 2832 915 2895; x_wconf 78' lang='lat' dir='ltr'><strong>fassa.</strong></span> <span class='ocrx_word' id='word_1_257' title='bbox 961 2830 1085 2895; x_wconf 86' lang='lat' dir='ltr'><strong>Terent.</strong></span> <span class='ocrx_word' id='word_1_258' title='bbox 1115 2834 1211 2898; x_wconf 87' lang='lat' dir='ltr'><strong>Andr.</strong></span> <span class='ocrx_word' id='word_1_259' title='bbox 1236 2835 1291 2915; x_wconf 84' lang='grc' dir='ltr'>ΙΙΙ,</span> <span class='ocrx_word' id='word_1_260' title='bbox 1314 2842 1344 2917; x_wconf 92' lang='grc'><strong>2,</strong></span> 
     </span>
     <span class='ocr_line' id='line_1_26' title="bbox 189 2925 1343 3011; baseline 0.003 -14"><span class='ocrx_word' id='word_1_261' title='bbox 189 2936 249 2997; x_wconf 83' lang='grc'><strong>27;</strong></span> <span class='ocrx_word' id='word_1_262' title='bbox 284 2952 342 2993; x_wconf 90' lang='lat' dir='ltr'><strong>uon</strong></span> <span class='ocrx_word' id='word_1_263' title='bbox 375 2936 449 2993; x_wconf 75' lang='lat' dir='ltr'><strong>sotis</strong></span> <span class='ocrx_word' id='word_1_264' title='bbox 482 2933 582 2992; x_wconf 88' lang='lat' dir='ltr'><strong>habes.</strong></span> <span class='ocrx_word' id='word_1_265' title='bbox 635 2926 715 2991; x_wconf 88' lang='lat' dir='ltr'><strong>Eun.</strong></span> <span class='ocrx_word' id='word_1_266' title='bbox 743 2925 803 3005; x_wconf 92' lang='grc' dir='ltr'><strong>ΙΠ,</strong></span> <span class='ocrx_word' id='word_1_267' title='bbox 835 2930 865 3007; x_wconf 95' lang='grc'><strong>2,</strong></span> <span class='ocrx_word' id='word_1_268' title='bbox 895 2934 952 2994; x_wconf 80' lang='lat'>32:</span> <span class='ocrx_word' id='word_1_269' title='bbox 985 2941 1032 2991; x_wconf 84' lang='lat' dir='ltr'><strong>sat</strong></span> <span class='ocrx_word' id='word_1_270' title='bbox 1059 2933 1157 3011; x_wconf 86' lang='lat' dir='ltr'><strong>habet,</strong></span> <span class='ocrx_word' id='word_1_271' title='bbox 1191 2935 1244 2999; x_wconf 93' lang='lat' dir='ltr'><strong>nbi</strong></span> <span class='ocrx_word' id='word_1_272' title='bbox 1273 2936 1343 3000; x_wconf 88' lang='lat' dir='ltr'><strong>vide</strong></span> 
     </span>
     <span class='ocr_line' id='line_1_27' title="bbox 190 3025 1343 3113; baseline 0.003 -20"><span class='ocrx_word' id='word_1_273' title='bbox 190 3028 331 3109; x_wconf 82' lang='lat' dir='ltr'><strong>Ruhnk,</strong></span> <span class='ocrx_word' id='word_1_274' title='bbox 354 3027 392 3093; x_wconf 87' lang='lat' dir='ltr'><strong>of.</strong></span> <span class='ocrx_word' id='word_1_275' title='bbox 416 3027 526 3091; x_wconf 87' lang='lat' dir='ltr'><strong>Breuri</strong></span> <span class='ocrx_word' id='word_1_276' title='bbox 547 3026 587 3089; x_wconf 89' lang='lat' dir='ltr'><strong>ad</strong></span> <span class='ocrx_word' id='word_1_277' title='bbox 609 3025 689 3105; x_wconf 93' lang='lat' dir='ltr'><strong>Nep.</strong></span> <span class='ocrx_word' id='word_1_278' title='bbox 714 3030 786 3103; x_wconf 86' lang='grc'>227,</span> <span class='ocrx_word' id='word_1_279' title='bbox 817 3025 871 3105; x_wconf 92' lang='lat' dir='ltr'><strong>qui</strong></span> <span class='ocrx_word' id='word_1_280' title='bbox 893 3028 1032 3107; x_wconf 79' lang='lat' dir='ltr'><strong>explicat</strong></span> <span class='ocrx_word' id='word_1_281' title='bbox 1055 3035 1128 3093; x_wconf 82' lang='lat' dir='ltr'><strong>satis</strong></span> <span class='ocrx_word' id='word_1_282' title='bbox 1151 3035 1261 3094; x_wconf 83' lang='lat' dir='ltr'><strong>habere</strong></span> <span class='ocrx_word' id='word_1_283' title='bbox 1285 3051 1343 3113; x_wconf 87' lang='lat' dir='ltr'><strong>per</strong></span> 
     </span>
     <span class='ocr_line' id='line_1_28' title="bbox 188 3122 1342 3204; baseline -0.002 -13"><span class='ocrx_word' id='word_1_284' title='bbox 188 3122 329 3203; x_wconf 72' lang='grc' dir='ltr'>ἀγαπᾶν,</span> <span class='ocrx_word' id='word_1_285' title='bbox 352 3129 535 3191; x_wconf 85' lang='lat' dir='ltr'><strong>contentum</strong></span> <span class='ocrx_word' id='word_1_286' title='bbox 558 3141 638 3187; x_wconf 83' lang='lat' dir='ltr'><strong>esse.</strong></span> <span class='ocrx_word' id='word_1_287' title='bbox 682 3123 787 3186; x_wconf 87' lang='lat' dir='ltr'><strong>Plaut.</strong></span> <span class='ocrx_word' id='word_1_288' title='bbox 810 3122 896 3186; x_wconf 85' lang='lat' dir='ltr'><strong>Triu.</strong></span> <span class='ocrx_word' id='word_1_289' title='bbox 920 3124 946 3203; x_wconf 94' lang='grc' dir='ltr'><strong>Ι,</strong></span> <span class='ocrx_word' id='word_1_290' title='bbox 970 3132 1000 3204; x_wconf 93' lang='grc'><strong>2,</strong></span> <span class='ocrx_word' id='word_1_291' title='bbox 1024 3134 1081 3193; x_wconf 88' lang='grc'><strong>93;</strong></span> <span class='ocrx_word' id='word_1_292' title='bbox 1118 3133 1194 3204; x_wconf 81' lang='lat' dir='ltr'><strong>Quid</strong></span> <span class='ocrx_word' id='word_1_293' title='bbox 1216 3137 1342 3198; x_wconf 64' lang='lat' dir='ltr'><strong>secutast.</strong></span> 
     </span>
     <span class='ocr_line' id='line_1_29' title="bbox 188 3223 1341 3311; baseline 0.004 -20"><span class='ocrx_word' id='word_1_294' title='bbox 188 3224 272 3291; x_wconf 81' lang='lat' dir='ltr'><strong>cato</strong></span> <span class='ocrx_word' id='word_1_295' title='bbox 294 3223 330 3289; x_wconf 74' lang='lat' dir='ltr'>R</span> <span class='ocrx_word' id='word_1_296' title='bbox 354 3225 389 3288; x_wconf 80' lang='lat' dir='ltr'><strong>R·</strong></span> <span class='ocrx_word' id='word_1_297' title='bbox 414 3241 439 3288; x_wconf 85' lang='lat' dir='ltr'><strong>c.</strong></span> <span class='ocrx_word' id='word_1_298' title='bbox 464 3227 499 3285; x_wconf 74' lang='grc' dir='ltr'><strong>δι</strong></span> <span class='ocrx_word' id='word_1_299' title='bbox 544 3224 619 3283; x_wconf 83' lang='lat' dir='ltr'><strong>Nam</strong></span> <span class='ocrx_word' id='word_1_300' title='bbox 647 3240 697 3282; x_wconf 80' lang='lat' dir='ltr'><strong>ren</strong></span> <span class='ocrx_word' id='word_1_301' title='bbox 727 3225 908 3284; x_wconf 76' lang='lat' dir='ltr'><strong>rusticatio</strong></span> <span class='ocrx_word' id='word_1_302' title='bbox 934 3231 984 3287; x_wconf 78' lang='lat' dir='ltr'><strong>est.</strong></span> <span class='ocrx_word' id='word_1_303' title='bbox 1029 3225 1132 3290; x_wconf 87' lang='lat' dir='ltr'><strong>Plant.</strong></span> <span class='ocrx_word' id='word_1_304' title='bbox 1162 3228 1276 3310; x_wconf 85' lang='lat' dir='ltr'><strong>Amph.</strong></span> <span class='ocrx_word' id='word_1_305' title='bbox 1298 3231 1341 3311; x_wconf 93' lang='grc' dir='ltr'><strong>ΙΙ,</strong></span> 
     </span>
    </p>
   </div>
   <div class='ocr_carea' id='block_1_3' title="bbox 193 3317 1467 3404">
    <p class='ocr_par' dir='ltr' id='par_1_6' title="bbox 193 3317 1467 3404">
     <span class='ocr_line' id='line_1_30' title="bbox 193 3317 1467 3404; baseline -0.005 -16"><span class='ocrx_word' id='word_1_306' title='bbox 193 3330 220 3404; x_wconf 89' lang='grc' dir='ltr'><strong>Ι,</strong></span> <span class='ocrx_word' id='word_1_307' title='bbox 244 3327 301 3386; x_wconf 83' lang='lat'><strong>57:</strong></span> <span class='ocrx_word' id='word_1_308' title='bbox 348 3322 397 3383; x_wconf 81' lang='lat' dir='ltr'><strong>Sic</strong></span> <span class='ocrx_word' id='word_1_309' title='bbox 423 3340 498 3397; x_wconf 80' lang='lat' dir='ltr'><strong>sam,</strong></span> <span class='ocrx_word' id='word_1_310' title='bbox 525 3328 558 3379; x_wconf 90' lang='lat' dir='ltr'><strong>ut</strong></span> <span class='ocrx_word' id='word_1_311' title='bbox 585 3319 676 3381; x_wconf 85' lang='lat' dir='ltr'><strong>vides.</strong></span> <span class='ocrx_word' id='word_1_312' title='bbox 721 3317 815 3382; x_wconf 86' lang='lat' dir='ltr'><strong>Most.</strong></span> <span class='ocrx_word' id='word_1_313' title='bbox 844 3317 870 3397; x_wconf 91' lang='lat'>1,</span> <span class='ocrx_word' id='word_1_314' title='bbox 900 3325 927 3399; x_wconf 91' lang='lat'>1,</span> <span class='ocrx_word' id='word_1_315' title='bbox 952 3326 1008 3385; x_wconf 86' lang='lat'><strong>68:</strong></span> <span class='ocrx_word' id='word_1_316' title='bbox 1054 3327 1132 3385; x_wconf 88' lang='lat' dir='ltr'><strong>Dum</strong></span> <span class='ocrx_word' id='word_1_317' title='bbox 1159 3329 1274 3390; x_wconf 86' lang='lat' dir='ltr'><strong>interea</strong></span> <span class='ocrx_word' id='word_1_318' title='bbox 1301 3332 1344 3392; x_wconf 79' lang='lat' dir='ltr'><strong>nic</strong></span> <span class='ocrx_word' id='word_1_319' title='bbox 1459 3370 1467 3395; x_wconf 90' lang='lat'>,</span> 
     </span>
    </p>
   </div>
   <div class='ocr_carea' id='block_1_4' title="bbox 185 3418 1346 4482">
    <p class='ocr_par' dir='ltr' id='par_1_7' title="bbox 185 3418 1346 4482">
     <span class='ocr_line' id='line_1_31' title="bbox 187 3418 1343 3506; baseline 0.004 -21"><span class='ocrx_word' id='word_1_320' title='bbox 187 3425 235 3485; x_wconf 72' lang='lat' dir='ltr'><strong>eit.</strong></span> <span class='ocrx_word' id='word_1_321' title='bbox 283 3419 338 3499; x_wconf 79' lang='lat' dir='ltr'><strong>lv,</strong></span> <span class='ocrx_word' id='word_1_322' title='bbox 362 3425 391 3498; x_wconf 89' lang='lat'>3,</span> <span class='ocrx_word' id='word_1_323' title='bbox 413 3424 470 3483; x_wconf 83' lang='lat'><strong>40:</strong></span> <span class='ocrx_word' id='word_1_324' title='bbox 514 3420 597 3479; x_wconf 81' lang='lat' dir='ltr'><strong>Haec</strong></span> <span class='ocrx_word' id='word_1_325' title='bbox 627 3435 676 3479; x_wconf 87' lang='lat' dir='ltr'><strong>res</strong></span> <span class='ocrx_word' id='word_1_326' title='bbox 702 3418 745 3478; x_wconf 78' lang='lat' dir='ltr'><strong>sic</strong></span> <span class='ocrx_word' id='word_1_327' title='bbox 772 3423 822 3486; x_wconf 86' lang='lat' dir='ltr'><strong>est,</strong></span> <span class='ocrx_word' id='word_1_328' title='bbox 850 3428 883 3479; x_wconf 89' lang='lat' dir='ltr'><strong>ut</strong></span> <span class='ocrx_word' id='word_1_329' title='bbox 909 3438 999 3483; x_wconf 85' lang='lat' dir='ltr'><strong>uarro</strong></span> <span class='ocrx_word' id='word_1_330' title='bbox 1022 3424 1084 3506; x_wconf 77' lang='lat' dir='ltr'><strong>tibi.</strong></span> <span class='ocrx_word' id='word_1_331' title='bbox 1127 3421 1225 3488; x_wconf 89' lang='lat' dir='ltr'><strong>Merc.</strong></span> <span class='ocrx_word' id='word_1_332' title='bbox 1248 3425 1289 3501; x_wconf 89' lang='lat'>11,</span> <span class='ocrx_word' id='word_1_333' title='bbox 1316 3431 1343 3506; x_wconf 91' lang='lat'>1,</span> 
     </span>
     <span class='ocr_line' id='line_1_32' title="bbox 187 3513 1341 3592; baseline 0.001 -8"><span class='ocrx_word' id='word_1_334' title='bbox 187 3524 246 3587; x_wconf 74' lang='lat'><strong>42:</strong></span> <span class='ocrx_word' id='word_1_335' title='bbox 271 3521 316 3582; x_wconf 81' lang='lat' dir='ltr'><strong>sic</strong></span> <span class='ocrx_word' id='word_1_336' title='bbox 339 3528 393 3581; x_wconf 80' lang='lat' dir='ltr'><strong>cot.</strong></span> <span class='ocrx_word' id='word_1_337' title='bbox 437 3515 552 3580; x_wconf 79' lang='lat' dir='ltr'><strong>Pseud.</strong></span> <span class='ocrx_word' id='word_1_338' title='bbox 568 3513 611 3592; x_wconf 96' lang='grc' dir='ltr'><strong>ΙΙ,</strong></span> <span class='ocrx_word' id='word_1_339' title='bbox 629 3519 657 3592; x_wconf 87' lang='grc'><strong>3,</strong></span> <span class='ocrx_word' id='word_1_340' title='bbox 675 3520 729 3577; x_wconf 91' lang='lat'><strong>11:</strong></span> <span class='ocrx_word' id='word_1_341' title='bbox 754 3524 802 3577; x_wconf 83' lang='lat' dir='ltr'><strong>aet</strong></span> <span class='ocrx_word' id='word_1_342' title='bbox 823 3517 959 3592; x_wconf 86' lang='lat' dir='ltr'><strong>profecto</strong></span> <span class='ocrx_word' id='word_1_343' title='bbox 982 3519 1038 3579; x_wconf 90' lang='lat' dir='ltr'><strong>hoc</strong></span> <span class='ocrx_word' id='word_1_344' title='bbox 1056 3522 1098 3581; x_wconf 79' lang='lat' dir='ltr'><strong>sic</strong></span> <span class='ocrx_word' id='word_1_345' title='bbox 1113 3524 1176 3584; x_wconf 77' lang='lat' dir='ltr'><strong>crit.</strong></span> <span class='ocrx_word' id='word_1_346' title='bbox 1215 3521 1341 3589; x_wconf 76' lang='lat' dir='ltr'><strong>Terent</strong></span> 
     </span>
     <span class='ocr_line' id='line_1_33' title="bbox 188 3612 1346 3695; baseline 0.005 -17"><span class='ocrx_word' id='word_1_347' title='bbox 188 3617 286 3683; x_wconf 84' lang='lat' dir='ltr'><strong>Andr.</strong></span> <span class='ocrx_word' id='word_1_348' title='bbox 310 3615 336 3694; x_wconf 94' lang='grc' dir='ltr'><strong>Ι,</strong></span> <span class='ocrx_word' id='word_1_349' title='bbox 363 3621 390 3694; x_wconf 96' lang='grc'><strong>1,</strong></span> <span class='ocrx_word' id='word_1_350' title='bbox 413 3620 467 3679; x_wconf 82' lang='lat'>35:</span> <span class='ocrx_word' id='word_1_351' title='bbox 514 3612 564 3673; x_wconf 75' lang='lat' dir='ltr'><strong>Sic</strong></span> <span class='ocrx_word' id='word_1_352' title='bbox 591 3614 653 3676; x_wconf 80' lang='lat' dir='ltr'><strong>rito</strong></span> <span class='ocrx_word' id='word_1_353' title='bbox 675 3619 747 3676; x_wconf 83' lang='lat' dir='ltr'><strong>crat.</strong></span> <span class='ocrx_word' id='word_1_354' title='bbox 793 3612 835 3691; x_wconf 93' lang='grc' dir='ltr'><strong>ΙΙ,</strong></span> <span class='ocrx_word' id='word_1_355' title='bbox 857 3618 887 3693; x_wconf 91' lang='grc'><strong>3,</strong></span> <span class='ocrx_word' id='word_1_356' title='bbox 914 3619 964 3679; x_wconf 90' lang='lat'>13:</span> <span class='ocrx_word' id='word_1_357' title='bbox 1009 3620 1121 3695; x_wconf 82' lang='lat' dir='ltr'><strong>Nempe</strong></span> <span class='ocrx_word' id='word_1_358' title='bbox 1144 3621 1201 3681; x_wconf 88' lang='lat' dir='ltr'><strong>hoc</strong></span> <span class='ocrx_word' id='word_1_359' title='bbox 1222 3624 1265 3683; x_wconf 80' lang='lat' dir='ltr'><strong>cic</strong></span> <span class='ocrx_word' id='word_1_360' title='bbox 1285 3641 1346 3684; x_wconf 79' lang='lat' dir='ltr'><strong>cmc</strong></span> 
     </span>
     <span class='ocr_line' id='line_1_34' title="bbox 190 3710 1344 3797; baseline 0.004 -20"><span class='ocrx_word' id='word_1_361' title='bbox 190 3719 307 3797; x_wconf 89' lang='lat' dir='ltr'><strong>opinor.</strong></span> <span class='ocrx_word' id='word_1_362' title='bbox 353 3711 411 3789; x_wconf 91' lang='lat' dir='ltr'><strong>lll,</strong></span> <span class='ocrx_word' id='word_1_363' title='bbox 435 3714 464 3790; x_wconf 91' lang='grc'><strong>3,</strong></span> <span class='ocrx_word' id='word_1_364' title='bbox 488 3714 543 3773; x_wconf 91' lang='grc'><strong>22;</strong></span> <span class='ocrx_word' id='word_1_365' title='bbox 571 3710 710 3772; x_wconf 75' lang='lat' dir='ltr'><strong>Profecto</strong></span> <span class='ocrx_word' id='word_1_366' title='bbox 732 3712 775 3775; x_wconf 79' lang='lat' dir='ltr'><strong>sic</strong></span> <span class='ocrx_word' id='word_1_367' title='bbox 796 3717 845 3774; x_wconf 78' lang='lat' dir='ltr'><strong>est.</strong></span> <span class='ocrx_word' id='word_1_368' title='bbox 883 3710 949 3777; x_wconf 86' lang='lat' dir='ltr'><strong>CH.</strong></span> <span class='ocrx_word' id='word_1_369' title='bbox 987 3716 1036 3777; x_wconf 87' lang='lat' dir='ltr'><strong>Sic</strong></span> <span class='ocrx_word' id='word_1_370' title='bbox 1059 3717 1171 3792; x_wconf 88' lang='lat' dir='ltr'><strong>hercle,</strong></span> <span class='ocrx_word' id='word_1_371' title='bbox 1194 3727 1226 3779; x_wconf 91' lang='lat' dir='ltr'><strong>ut</strong></span> <span class='ocrx_word' id='word_1_372' title='bbox 1248 3721 1344 3782; x_wconf 74' lang='lat' dir='ltr'><strong>dicem</strong></span> 
     </span>
     <span class='ocr_line' id='line_1_35' title="bbox 193 3807 1346 3894; baseline 0.003 -17"><span class='ocrx_word' id='word_1_373' title='bbox 193 3816 253 3877; x_wconf 73' lang='lat' dir='ltr'><strong>tlh&#39;u</strong></span> <span class='ocrx_word' id='word_1_374' title='bbox 299 3810 360 3891; x_wconf 92' lang='grc' dir='ltr'>ΙΙΙ,</span> <span class='ocrx_word' id='word_1_375' title='bbox 383 3816 413 3887; x_wconf 89' lang='grc'><strong>4,</strong></span> <span class='ocrx_word' id='word_1_376' title='bbox 436 3813 469 3873; x_wconf 87' lang='grc'><strong>9;</strong></span> <span class='ocrx_word' id='word_1_377' title='bbox 514 3809 565 3869; x_wconf 76' lang='lat' dir='ltr'><strong>Sic</strong></span> <span class='ocrx_word' id='word_1_378' title='bbox 586 3827 636 3882; x_wconf 84' lang='lat' dir='ltr'><strong>res</strong></span> <span class='ocrx_word' id='word_1_379' title='bbox 659 3815 709 3871; x_wconf 83' lang='lat' dir='ltr'><strong>cst.</strong></span> <span class='ocrx_word' id='word_1_380' title='bbox 754 3807 792 3885; x_wconf 91' lang='lat' dir='ltr'>V,</span> <span class='ocrx_word' id='word_1_381' title='bbox 814 3815 846 3887; x_wconf 85' lang='lat'>4,</span> <span class='ocrx_word' id='word_1_382' title='bbox 871 3814 919 3874; x_wconf 87' lang='grc'><strong>16.</strong></span> <span class='ocrx_word' id='word_1_383' title='bbox 947 3810 1073 3877; x_wconf 87' lang='lat' dir='ltr'><strong>Phorm.</strong></span> <span class='ocrx_word' id='word_1_384' title='bbox 1096 3812 1122 3894; x_wconf 94' lang='grc' dir='ltr'><strong>Ι,</strong></span> <span class='ocrx_word' id='word_1_385' title='bbox 1146 3819 1174 3892; x_wconf 88' lang='grc'><strong>2,</strong></span> <span class='ocrx_word' id='word_1_386' title='bbox 1196 3820 1250 3880; x_wconf 84' lang='grc' dir='ltr'><strong>2οε</strong></span> <span class='ocrx_word' id='word_1_387' title='bbox 1296 3817 1346 3880; x_wconf 75' lang='lat' dir='ltr'><strong>Sic</strong></span> 
     </span>
     <span class='ocr_line' id='line_1_36' title="bbox 187 3904 1343 3990; baseline 0.005 -16"><span class='ocrx_word' id='word_1_388' title='bbox 187 3918 228 3975; x_wconf 78' lang='lat' dir='ltr'><strong>cet</strong></span> <span class='ocrx_word' id='word_1_389' title='bbox 248 3913 409 3986; x_wconf 79' lang='lat' dir='ltr'><strong>ingenium.</strong></span> <span class='ocrx_word' id='word_1_390' title='bbox 454 3904 514 3982; x_wconf 93' lang='grc' dir='ltr'>ΙΙΙ,</span> <span class='ocrx_word' id='word_1_391' title='bbox 538 3909 567 3984; x_wconf 90' lang='grc'><strong>2,</strong></span> <span class='ocrx_word' id='word_1_392' title='bbox 591 3909 649 3970; x_wconf 84' lang='lat'><strong>42:</strong></span> <span class='ocrx_word' id='word_1_393' title='bbox 674 3908 717 3967; x_wconf 86' lang='lat' dir='ltr'><strong>sic</strong></span> <span class='ocrx_word' id='word_1_394' title='bbox 740 3926 813 3971; x_wconf 84' lang='lat' dir='ltr'><strong>snm.</strong></span> <span class='ocrx_word' id='word_1_395' title='bbox 858 3905 934 3974; x_wconf 81' lang='lat' dir='ltr'><strong>Heu.</strong></span> <span class='ocrx_word' id='word_1_396' title='bbox 957 3908 1016 3989; x_wconf 93' lang='grc' dir='ltr'>ΙΙΙ,</span> <span class='ocrx_word' id='word_1_397' title='bbox 1037 3915 1132 3990; x_wconf 87' lang='grc'>5,10.</span> <span class='ocrx_word' id='word_1_398' title='bbox 1176 3912 1290 3979; x_wconf 85' lang='lat' dir='ltr'><strong>Bacch.</strong></span> <span class='ocrx_word' id='word_1_399' title='bbox 1314 3934 1343 3979; x_wconf 85' lang='lat' dir='ltr'><strong>v.</strong></span> 
     </span>
     <span class='ocr_line' id='line_1_37' title="bbox 187 4002 1344 4091; baseline 0.001 -17"><span class='ocrx_word' id='word_1_400' title='bbox 187 4014 265 4074; x_wconf 78' lang='lat' dir='ltr'><strong>oto:</strong></span> <span class='ocrx_word' id='word_1_401' title='bbox 312 4011 376 4070; x_wconf 82' lang='lat' dir='ltr'><strong>Nec</strong></span> <span class='ocrx_word' id='word_1_402' title='bbox 406 4010 507 4082; x_wconf 85' lang='lat' dir='ltr'><strong>placet</strong></span> <span class='ocrx_word' id='word_1_403' title='bbox 535 4021 590 4065; x_wconf 86' lang='lat' dir='ltr'><strong>uec</strong></span> <span class='ocrx_word' id='word_1_404' title='bbox 619 4008 758 4067; x_wconf 76' lang='lat' dir='ltr'><strong>temerant.</strong></span> <span class='ocrx_word' id='word_1_405' title='bbox 804 4002 917 4088; x_wconf 83' lang='lat' dir='ltr'><strong>Amph.</strong></span> <span class='ocrx_word' id='word_1_406' title='bbox 948 4007 1028 4087; x_wconf 90' lang='lat' dir='ltr'><strong>prol.</strong></span> <span class='ocrx_word' id='word_1_407' title='bbox 1056 4027 1085 4072; x_wconf 83' lang='lat' dir='ltr'><strong>v.</strong></span> <span class='ocrx_word' id='word_1_408' title='bbox 1113 4015 1185 4076; x_wconf 84' lang='lat'>104:</span> <span class='ocrx_word' id='word_1_409' title='bbox 1216 4031 1269 4091; x_wconf 75' lang='lat' dir='ltr'><strong>ego</strong></span> <span class='ocrx_word' id='word_1_410' title='bbox 1292 4031 1344 4075; x_wconf 80' lang='lat' dir='ltr'><strong>roe</strong></span> 
     </span>
     <span class='ocr_line' id='line_1_38' title="bbox 190 4102 1343 4189; baseline 0.004 -19"><span class='ocrx_word' id='word_1_411' title='bbox 190 4111 309 4173; x_wconf 73' lang='lat' dir='ltr'><strong>norisne</strong></span> <span class='ocrx_word' id='word_1_412' title='bbox 339 4106 432 4169; x_wconf 81' lang='lat' dir='ltr'><strong>credo</strong></span> <span class='ocrx_word' id='word_1_413' title='bbox 458 4105 515 4165; x_wconf 89' lang='lat' dir='ltr'><strong>iam</strong></span> <span class='ocrx_word' id='word_1_414' title='bbox 544 4105 578 4163; x_wconf 80' lang='lat' dir='ltr'><strong>ul</strong></span> <span class='ocrx_word' id='word_1_415' title='bbox 603 4102 643 4161; x_wconf 77' lang='lat' dir='ltr'><strong>ott</strong></span> <span class='ocrx_word' id='word_1_416' title='bbox 669 4119 752 4163; x_wconf 83' lang='lat' dir='ltr'><strong>meua</strong></span> <span class='ocrx_word' id='word_1_417' title='bbox 782 4111 879 4181; x_wconf 82' lang='lat' dir='ltr'><strong>pater.</strong></span> <span class='ocrx_word' id='word_1_418' title='bbox 925 4103 985 4183; x_wconf 87' lang='grc' dir='ltr'><strong>ΙΠ,</strong></span> <span class='ocrx_word' id='word_1_419' title='bbox 1008 4113 1038 4185; x_wconf 84' lang='lat'>4,</span> <span class='ocrx_word' id='word_1_420' title='bbox 1061 4113 1090 4173; x_wconf 84' lang='lat'><strong>9.</strong></span> <span class='ocrx_word' id='word_1_421' title='bbox 1135 4107 1224 4188; x_wconf 82' lang='lat' dir='ltr'><strong>eapc</strong></span> <span class='ocrx_word' id='word_1_422' title='bbox 1247 4108 1290 4189; x_wconf 89' lang='grc' dir='ltr'><strong>ΙΙ,</strong></span> <span class='ocrx_word' id='word_1_423' title='bbox 1316 4115 1343 4187; x_wconf 94' lang='grc'><strong>1,</strong></span> 
     </span>
     <span class='ocr_line' id='line_1_39' title="bbox 187 4198 1342 4282; baseline 0.001 -10"><span class='ocrx_word' id='word_1_424' title='bbox 187 4208 237 4273; x_wconf 83' lang='grc'><strong>39.</strong></span> <span class='ocrx_word' id='word_1_425' title='bbox 282 4202 399 4271; x_wconf 84' lang='lat' dir='ltr'><strong>Bacch.</strong></span> <span class='ocrx_word' id='word_1_426' title='bbox 427 4198 486 4271; x_wconf 88' lang='grc' dir='ltr'><strong>ΠΙ,</strong></span> <span class='ocrx_word' id='word_1_427' title='bbox 514 4202 545 4277; x_wconf 90' lang='grc'><strong>2,</strong></span> <span class='ocrx_word' id='word_1_428' title='bbox 574 4200 626 4262; x_wconf 88' lang='grc'><strong>16;</strong></span> <span class='ocrx_word' id='word_1_429' title='bbox 671 4198 757 4259; x_wconf 85' lang='lat' dir='ltr'><strong>Sisuc</strong></span> <span class='ocrx_word' id='word_1_430' title='bbox 788 4220 881 4264; x_wconf 91' lang='lat' dir='ltr'><strong>necue</strong></span> <span class='ocrx_word' id='word_1_431' title='bbox 909 4209 942 4264; x_wconf 77' lang='lat' dir='ltr'><strong>ut</strong></span> <span class='ocrx_word' id='word_1_432' title='bbox 969 4223 1029 4268; x_wconf 80' lang='lat' dir='ltr'><strong>cccc</strong></span> <span class='ocrx_word' id='word_1_433' title='bbox 1057 4217 1183 4282; x_wconf 84' lang='lat' dir='ltr'><strong>oportet.</strong></span> <span class='ocrx_word' id='word_1_434' title='bbox 1226 4206 1342 4272; x_wconf 78' lang='lat' dir='ltr'><strong>Bacch.</strong></span> 
     </span>
     <span class='ocr_line' id='line_1_40' title="bbox 186 4303 1343 4382; baseline 0.004 -17"><span class='ocrx_word' id='word_1_435' title='bbox 186 4320 214 4369; x_wconf 80' lang='lat' dir='ltr'><strong>n.</strong></span> <span class='ocrx_word' id='word_1_436' title='bbox 245 4306 323 4367; x_wconf 83' lang='lat'>662:</span> <span class='ocrx_word' id='word_1_437' title='bbox 351 4308 387 4364; x_wconf 76' lang='lat' dir='ltr'><strong>ut</strong></span> <span class='ocrx_word' id='word_1_438' title='bbox 414 4313 638 4377; x_wconf 83' lang='lat' dir='ltr'><strong>quaequomque</strong></span> <span class='ocrx_word' id='word_1_439' title='bbox 668 4314 716 4360; x_wconf 84' lang='lat' dir='ltr'><strong>res</strong></span> <span class='ocrx_word' id='word_1_440' title='bbox 745 4303 795 4359; x_wconf 79' lang='lat' dir='ltr'><strong>cst.</strong></span> <span class='ocrx_word' id='word_1_441' title='bbox 842 4316 870 4359; x_wconf 86' lang='lat' dir='ltr'><strong>v.</strong></span> <span class='ocrx_word' id='word_1_442' title='bbox 901 4303 977 4364; x_wconf 79' lang='lat'><strong>725:</strong></span> <span class='ocrx_word' id='word_1_443' title='bbox 1021 4306 1116 4367; x_wconf 82' lang='lat' dir='ltr'><strong>Nimis</strong></span> <span class='ocrx_word' id='word_1_444' title='bbox 1145 4303 1219 4382; x_wconf 92' lang='lat' dir='ltr'><strong>[hic]</strong></span> <span class='ocrx_word' id='word_1_445' title='bbox 1247 4308 1343 4371; x_wconf 80' lang='lat' dir='ltr'><strong>bellue</strong></span> 
     </span>
     <span class='ocr_line' id='line_1_41' title="bbox 185 4394 1342 4482; baseline -0.001 -17"><span class='ocrx_word' id='word_1_446' title='bbox 185 4408 275 4481; x_wconf 71' lang='lat' dir='ltr'><strong>atquc</strong></span> <span class='ocrx_word' id='word_1_447' title='bbox 303 4408 338 4465; x_wconf 71' lang='lat' dir='ltr'><strong>ot</strong></span> <span class='ocrx_word' id='word_1_448' title='bbox 366 4418 426 4465; x_wconf 79' lang='lat' dir='ltr'><strong>esec</strong></span> <span class='ocrx_word' id='word_1_449' title='bbox 453 4411 587 4461; x_wconf 84' lang='lat' dir='ltr'><strong>maxume</strong></span> <span class='ocrx_word' id='word_1_450' title='bbox 617 4394 755 4468; x_wconf 83' lang='lat' dir='ltr'><strong>optabam</strong></span> <span class='ocrx_word' id='word_1_451' title='bbox 786 4403 892 4463; x_wconf 79' lang='lat' dir='ltr'><strong>locust</strong></span> <span class='ocrx_word' id='word_1_452' title='bbox 938 4398 1032 4465; x_wconf 82' lang='lat' dir='ltr'><strong>nost.</strong></span> <span class='ocrx_word' id='word_1_453' title='bbox 1058 4419 1087 4466; x_wconf 87' lang='lat' dir='ltr'><strong>v.</strong></span> <span class='ocrx_word' id='word_1_454' title='bbox 1117 4405 1186 4467; x_wconf 82' lang='lat'><strong>149.</strong></span> <span class='ocrx_word' id='word_1_455' title='bbox 1210 4405 1269 4467; x_wconf 82' lang='lat'><strong>901</strong></span> <span class='ocrx_word' id='word_1_456' title='bbox 1295 4418 1342 4482; x_wconf 77' lang='lat' dir='ltr'><strong>oq.</strong></span> 
     </span>
    </p>
   </div>
   <div class='ocr_carea' id='block_1_5' title="bbox 0 0 1568 5075">
    <p class='ocr_par' dir='ltr' id='par_1_8' title="bbox 0 0 1568 5075">
     <span class='ocr_line' id='line_1_42' title="bbox 0 0 1568 5075; baseline 0 0"><span class='ocrx_word' id='word_1_457' title='bbox 0 0 1568 5075; x_wconf 95' lang='lat' dir='ltr'><strong> </strong></span> 
     </span>
    </p>
   </div>
  </div>
 </body>
</html>
