3125 5075
575 371 724 412 moenalus
761 371 995 416 caementatum.
1297 384 1360 447 323

197 572 283 622 sura
304 554 365 620 vol.
388 556 434 621 IV
446 556 564 623 Handii
580 558 753 625 Tursellini
774 560 809 626 in
820 560 923 627 Iahnii
938 561 1042 627 annal.
1068 566 1166 638 lese,
1189 560 1251 625 rol.
1275 562 1361 637 LIX,

201 659 283 719 sect.
306 657 342 729 1,
364 672 395 735 p.
422 658 481 719 152
504 672 632 736 semper
651 659 807 740 praeponi
827 659 1031 741 negationem
1060 658 1245 725 obtestandi
1266 675 1361 724 voea-

201 748 280 816 bulo
303 753 415 827 mele,
436 750 484 818 sie
504 751 606 816 Plaut.
622 754 709 819 Asin.
730 755 775 836 Π,
787 762 817 833 4,
832 763 888 822 44:
910 759 981 820 Noa
995 759 1140 820 berelais
1161 758 1360 832 provideram.

203 845 334 912 Terent.
358 847 455 912 Andr.
478 848 512 927 1,
533 853 569 928 2,
593 854 652 915 23:
676 854 746 914 Noa
768 856 865 916 hercle
886 858 1041 932 intellego.
1085 853 1132 919 11).
1161 852 1219 931 IV,
1247 859 1282 932 4,
1305 856 1360 925 36:

201 947 276 1007 Nora
297 947 394 1007 berete
416 947 518 1009 faciet.
562 948 643 1013 Eun.
667 947 705 1028 V,
729 952 768 1029 8,
792 955 826 1014 2:
849 954 942 1013 Nm
964 954 1060 1013 aare
1081 954 1243 1028 quisquam.

292 1046 343 1108 el.
380 1042 430 1106 De
451 1062 520 1113 nec,
542 1044 802 1123 neaeflandius
823 1047 857 1111 in
879 1046 1058 1113 Tursellino
1080 1053 1105 1111 t
1127 1044 1184 1124 IV,
1204 1064 1234 1126 p.
1257 1050 1297 1111 92
1313 1063 1360 1125 sq.

202 1138 285 1204 baec
311 1138 424 1204 habet:
454 1143 533 1220 „Na
562 1125 661 1221 quod]
690 1150 727 1207 ut
757 1142 1059 1222 demonstravimus,
1088 1143 1201 1208 maiori
1229 1161 1302 1209 cum
1329 1143 1362 1207 vi

203 1241 319 1315 negat,
341 1238 514 1318 assumpsit
534 1237 677 1305 litteram
692 1260 708 1302 c
722 1258 785 1304 non
805 1240 953 1306 modoad
966 1241 1233 1306 corroborandam
1249 1257 1360 1305 vocem

198 1337 265 1397 aut
284 1333 326 1397 ad
348 1333 533 1400 evitandum
555 1334 694 1414 hiatum,
717 1338 775 1401 sed
797 1355 869 1403 cum
893 1336 1132 1418 significationis
1154 1338 1361 1402 incremento.

203 1430 267 1496 Est
288 1430 374 1496 enim
394 1429 472 1496 illud
504 1431 790 1497 demonstrativum
811 1454 857 1510 oc,
891 1437 978 1515 qood
1009 1435 1106 1499 etiam
1140 1434 1173 1498 in
1204 1437 1280 1502 illic,
1309 1437 1360 1508 oie,

204 1534 291 1605 tunc,
312 1546 393 1589 aene
407 1534 552 1608 apparet
589 1527 684 1593 Aliud
700 1548 815 1595 nomen
837 1539 887 1597 est
902 1551 996 1606 nepus
1009 1550 1049 1596 ex
1063 1550 1100 1593 ac
1114 1534 1149 1596 et
1161 1549 1217 1605 pue
1230 1528 1360 1596 lactum.

202 1628 270 1703 <luc
291 1629 399 1690 autem
422 1643 493 1690 cum
516 1629 583 1700 pals
605 1632 776 1707 cognatum
798 1646 861 1692 non
890 1628 984 1693 modo
1014 1628 1158 1709 copulat,
1185 1628 1361 1693 sedetiam

205 1739 267 1803 per
294 1740 382 1803 eam,
409 1739 493 1801 quae
523 1722 552 1786 ei
580 1723 691 1789 innata
720 1731 786 1803 est,
816 1727 983 1792 relativam
1005 1730 1154 1789 naturam
1177 1724 1362 1804 aequationi

204 1820 351 1884 inserut.
395 1818 502 1897 Quare
523 1839 615 1895 arque
636 1819 797 1902 significat
818 1823 911 1888 modo
933 1829 962 1884 et
983 1842 1021 1883 ae
1042 1822 1109 1887 sive
1131 1828 1245 1900 aava,
1267 1820 1361 1885 modo

200 1920 299 1979 dim
318 1935 388 1981 non.
432 1915 598 1982 Habemus
619 1917 720 1997 igitur
740 1919 821 1984 duas
842 1918 976 1998 formas,
1004 1919 1140 1983 alteram
1161 1918 1363 1983 demonstra·

203 2014 305 2079 tivam
326 2033 397 2095 nco,
420 2014 555 2080 alteram
575 2013 742 2081 relativam
762 2035 873 2095 moe,
895 2034 978 2096 quae
993 2031 1184 2096 quamquem
1199 2015 1233 2079 in
1252 2012 1363 2080 multis

204 2111 372 2192 propriam
406 2112 467 2177 sibi
500 2112 661 2177 vindicant
699 2113 982 2195 significationem,
1021 2118 1130 2177 tamen
1170 2129 1234 2178 non
1266 2112 1361 2177 modo

205 2212 342 2288 propter
362 2206 484 2274 lormae
509 2208 758 2290 similitudinem,
774 2211 832 2276 sed
854 2210 895 2275 ob
910 2210 1012 2290 ipsam
1033 2209 1253 2289 cognationem
1267 2208 1362 2274 facile

204 2310 359 2385 poterant
391 2305 478 2370 inter
507 2324 543 2370 se
576 2308 765 2372 commutari
794 2313 828 2372 et
856 2323 953 2386 saepe
975 2325 996 2371 a
1022 2306 1234 2385 scriptoribus
1264 2306 1362 2370 etiam

206 2407 423 2468 commutatae
446 2407 529 2468 sunt

294 2514 323 2563 a
348 2501 431 2580 „Nec
442 2500 599 2580 maioris
615 2505 687 2566 erat
696 2500 877 2583 negationis
892 2498 1082 2566 vocabulum
1096 2503 1131 2564 et
1145 2497 1362 2579 usurpabatur

207 2612 269 2678 pro
301 2614 353 2677 ae,
387 2596 471 2676 quod
505 2617 578 2663 cum
610 2599 724 2663 maiori
754 2599 786 2663 vi
807 2617 866 2679 pro
888 2617 949 2660 aaa
970 2598 1045 2678 poni
1067 2597 1201 2662 solebat.
1246 2595 1362 2672 Itaque

206 2692 296 2773 apud
310 2693 447 2759 comicos
468 2694 613 2774 aliosque
635 2700 748 2776 poetas
764 2696 861 2760 etium
883 2695 1023 2760 medium
1044 2694 1077 2758 in
1093 2692 1237 2758 oratione
1258 2690 1363 2757 locum

202 2789 336 2855 obtinet
355 2796 390 2854 et
411 2807 483 2854 cum
505 2792 642 2872 singulis
664 2793 844 2860 nominibus
864 2791 1084 2873 coniungitur,
1107 2783 1210 2871 ιι1μὴ.
1245 2787 1297 2853 Sic
1310 2805 1364 2848 aaa

207 2893 288 2950 recto
314 2887 485 2953 dicebatur
507 2906 566 2968 pro
587 2893 685 2961 mole,
713 2909 768 2952 aec
796 2887 951 2965 opbaoaa.“
974 2889 1038 2961 (Sic
1064 2886 1209 2952 Handlus
1236 2902 1267 2965 p.
1296 2883 1362 2958 96).

208 2983 264 3051 Sic
290 2989 343 3050 est
368 2984 400 3048 in
427 2984 499 3066 lege
531 2986 703 3052 tribunicia
731 3005 784 3066 ap.
818 2986 951 3052 Festum
984 3003 1033 3049 vv.
1066 2987 1164 3046 abab
1196 2987 1231 3046 et
1262 3000 1363 3044 acca.-

206 3084 438 3160 parieotdaaec
460 3092 535 3145 osto.
581 3082 716 3165 Saepius
737 3084 770 3149 in
792 3083 875 3163 legg.
898 3081 962 3146 1111
984 3081 1073 3147 tabb.
1111 3079 1163 3144 Sic
1184 3079 1249 3143 tab·
1273 3078 1311 3158 V,
1326 3076 1364 3142 ir.

209 3184 245 3246 ὃς
267 3183 317 3242 oui
340 3199 411 3243 auus
434 3182 523 3242 berea
545 3198 598 3241 nec
619 3186 675 3257 eit,
698 3182 775 3245 item
790 3178 829 3244 11.
846 3186 875 3244 5.
892 3185 920 3243 7.
936 3176 1026 3256 vul,
1045 3180 1092 3240 16.
1129 3173 1210 3238 Vide
1231 3174 1366 3239 Festum

207 3292 240 3340 ι.
261 3295 325 3340 τωο.
369 3275 449 3340 eata
471 3275 508 3341 R·
532 3277 569 3341 st
593 3297 619 3342 c·
645 3284 721 3342 141:
744 3282 829 3340 biars
851 3285 954 3352 peter,
982 3278 1009 3337 si
1035 3274 1108 3349 quid
1131 3274 1186 3333 tibi
1214 3274 1245 3332 in
1267 3273 1364 3334 illisce

204 3375 455 3439 moutamssibos
476 3378 660 3438 lactentibus
681 3393 777 3449 mque
804 3375 990 3437 satisfactum
1018 3375 1067 3433 eit.
1111 3368 1175 3433 lb:
1203 3370 1283 3445 quod
1309 3370 1366 3430 tibi

209 3474 302 3533 illoeo
323 3489 418 3546 porco
443 3489 536 3546 aequa
564 3473 752 3535 satisfactum
782 3480 837 3534 est
881 3468 985 3535 Pleut.
1013 3468 1100 3534 nain.
1123 3464 1156 3544 1,
1181 3470 1214 3543 3,
1239 3468 1273 3529 3:
1302 3465 1366 3528 Noc

209 3574 290 3629 recte
312 3585 389 3643 quae
412 3577 445 3628 tu
466 3572 497 3629 in
518 3588 573 3631 nos
604 3573 688 3632 diois.
734 3567 784 3647 II,
812 3573 846 3644 4,
877 3571 933 3632 65:
964 3570 996 3628 ni
1023 3569 1074 3628 isti
1098 3581 1151 3624 aec
1175 3569 1252 3623 rece
1280 3563 1365 3625 dicis.

208 3662 328 3730 Bacch·
352 3663 383 3742 l,
408 3668 437 3742 2,
464 3670 517 3727 ll:
542 3669 585 3729 Tu
608 3669 827 3730 demersere
854 3667 938 3727 dieis.
982 3661 1037 3739 IV,
1059 3668 1096 3740 4,
1119 3665 1174 3725 83:
1202 3661 1366 3722 chrosalm

209 3764 285 3824 mibi
307 3780 540 3839 usquequaque
562 3767 694 3841 loquitur
714 3782 767 3825 aec
788 3768 874 3827 recto.
911 3761 1008 3825 Most.
1024 3759 1054 3836 l,
1078 3763 1113 3837 3,
1135 3759 1193 3821 83:
1215 3757 1368 3818 Necrette

210 3862 240 3923 si
261 3861 310 3921 illi
331 3861 459 3937 dixeris,
489 3863 549 3922 iam
578 3871 698 3923 ecastor
725 3863 888 3936 vapulabis.
933 3856 1047 3921 Pseud.
1071 3854 1126 3933 IV,
1149 3856 1185 3922 6,
1208 3857 1264 3918 23:
1289 3856 1367 3916 Nam

208 3959 320 4033 quami
341 3956 436 4018 refert
458 3961 487 4018 ei
508 3976 561 4020 aec
581 3964 657 4020 recta
683 3960 784 4020 dicere
807 3955 863 4035 (=
879 3953 961 4018 mele
976 3953 1092 4032 dicere,
1107 3945 1185 4013 κατὰ
1201 3946 1365 4030 λιτότητα).

211 4050 310 4117 Peen.
332 4050 393 4130 111,
418 4058 452 4132 l,
479 4058 534 4119 13:
560 4057 592 4117 Si
613 4072 666 4115 nec
686 4061 762 4115 recte
785 4057 860 4116 dicis
881 4056 977 4116 nobis.

299 4149 329 4214 b.
362 4148 400 4214 In
428 4151 647 4231 coniungenda
673 4151 824 4230 negativa
845 4149 1004 4215 sententia
1024 4147 1131 4212 Latini
1154 4145 1365 4227 negationem,

205 4263 296 4327 uuae
320 4252 421 4311 totam
445 4249 699 4313 enunciationem
723 4247 921 4324 moderatur,
944 4246 985 4310 ab
1008 4246 1097 4308 initio
1120 4249 1242 4323 ponunt
1264 4257 1367 4318 eaque

207 4361 288 4410 eum
310 4343 481 4426 copulandi
502 4344 665 4424 particula
686 4346 854 4409 commissa
872 4361 929 4423 pro
952 4349 979 4404 et
999 4362 1059 4403 coa
1085 4342 1194 4406 dicum
1220 4357 1311 4414 mooe
1332 4342 1368 4401 et

1134 4436 1200 4502 21*
