3125 5075
201 318 262 380 194
636 305 764 346 neuun.
793 305 856 345 cur.
871 305 919 347 nnn.

201 501 381 582 memineris,
404 498 475 557 dom
497 499 587 558 vitem
610 498 703 575 oioes,
736 494 821 574 quod
848 493 1027 575 exemplum
1060 498 1170 560 mnnen
1200 493 1297 560 vulde
1321 493 1362 560 in·

200 602 323 662 certum
346 598 407 675 est,
429 609 527 673 quum
549 590 627 658 mihi
649 590 776 672 quidem
799 594 966 654 mentireris
989 590 1098 672 potius
1119 589 1270 660 futurum
1297 611 1363 658 erc

199 698 286 759 ctum
309 709 404 774 quem
426 687 505 771 peri.
528 690 609 754 coni.
640 707 711 756 esse
726 689 881 756 videatur.
926 695 956 762 4,
979 691 1036 754 64:
1062 691 1132 754 Scio
1156 709 1216 772 ego
1238 690 1363 754 otidum

199 810 307 866 meum,
338 797 371 851 nt
398 807 475 864 quae
501 789 614 865 rogitet,
643 807 713 850 vere
742 798 776 850 nt
805 791 912 865 eccepi
946 792 1080 866 eloquar.
1135 785 1223 854 lind.
1254 785 1303 867 ΙΙ,
1336 793 1362 868 2,

202 891 324 953 7-1οε
348 889 550 964 Ecquemnsm
573 883 697 964 [Hodie]
720 886 945 950 adulescentem
968 894 1092 948 strenus
1107 885 1200 962 fecie.
1225 889 1361 950 rubicun-

201 990 280 1074 dum,
301 985 408 1049 fortem
432 1018 475 1027 —
497 985 613 1047 vidistis
635 985 694 1046 huc
716 986 829 1059 venire,
852 985 911 1062 Qui
933 986 989 1046 tris
1021 1001 1123 1048 eccum
1151 985 1296 1048 homines
1317 985 1364 1046 des

201 1090 284 1168 cerei.
329 1101 357 1148 v.
383 1086 436 1146 14:
460 1082 533 1144 Cum
554 1083 642 1144 istius
666 1082 745 1143 modi
768 1083 930 1145 virtutibus
953 1084 1113 1158 operisque
1138 1090 1232 1146 nutus
1248 1085 1302 1158 peti
1321 1083 1365 1150 tii,

202 1185 278 1244 Eum
301 1183 419 1260 quidem
445 1178 482 1242 sd
499 1180 709 1242 carnuficsmst
731 1182 855 1256 sequius
870 1198 958 1257 quum
975 1181 1013 1242 ed
1027 1179 1178 1240 Venerem
1196 1198 1366 1244 connecte.

203 1267 233 1358 3,
257 1283 313 1342 7οε
337 1284 378 1340 At
400 1295 455 1358 ego
478 1280 568 1339 etiem
591 1275 692 1354 (scio),
714 1276 766 1351 qui
787 1278 976 1354 speraverint
998 1296 1081 1354 spem
1103 1278 1270 1354 decepisse
1294 1281 1364 1340 nnnl·

202 1385 258 1442 tos.
302 1394 331 1439 v,
356 1381 411 1440 74:
433 1377 509 1437 Nem
532 1377 711 1453 extempulo,
732 1377 761 1438 si
781 1376 882 1438 serbis
904 1378 966 1438 suis
977 1381 1115 1450 peterem,
1133 1377 1264 1439 daturos
1285 1376 1366 1438 dixit

204 1480 234 1540 6.
266 1477 319 1539 10:
356 1473 478 1538 Utinam
510 1471 569 1550 [tu]
589 1472 683 1548 prius
715 1479 863 1550 quomis
892 1475 987 1536 oculis
1014 1474 1153 1534 uidissem
1180 1475 1261 1536 meis
1289 1475 1367 1536 llulo

201 1575 337 1656 crncistu
359 1572 390 1632 in
412 1571 516 1654 Sicilie
536 1574 716 1647 portitores.
762 1588 792 1634 v,
818 1573 873 1634 15:
896 1573 1038 1650 Deosque
1054 1572 1229 1634 inmortalis
1245 1589 1366 1648 queem,

202 1671 273 1744 dum
298 1671 392 1745 mous,
421 1671 464 1730 nti
491 1671 595 1731 Omnis
623 1672 666 1730 tui
692 1671 799 1733 similis
826 1670 961 1746 hospites
991 1670 1104 1731 hubecs
1135 1671 1202 1730 tibi.
1259 1667 1314 1748 lv,
1337 1673 1364 1746 2,

204 1771 258 1833 20:
282 1769 357 1829 Num
381 1785 436 1844 eqo
459 1785 547 1844 nnuc,
569 1767 619 1843 qui
643 1769 760 1844 inpiger
784 1766 836 1846 ini,
858 1771 981 1846 repperi
1003 1769 1043 1828 mi
1064 1769 1152 1843 piger
1174 1776 1211 1828 ut
1234 1769 1264 1828 si
1284 1768 1367 1828 ociis

205 1869 269 1929 sinn.
314 1859 514 1942 scitule,
540 1868 595 1928 12:
619 1867 686 1928 Psti
707 1867 770 1927 Nos
793 1873 915 1943 oportet
943 1866 1021 1940 quod
1045 1866 1097 1926 ille
1124 1865 1234 1938 faciut.
1282 1863 1365 1928 Triu.

203 1961 246 2042 ΙΙ,
269 1966 298 2038 2,
323 1964 380 2025 67;
403 1963 478 2023 bene
500 1965 529 2024 si
551 1965 647 2026 emico
668 1964 785 2038 feeerit,
808 1965 853 2024 Ne
876 1965 978 2042 pigeat
1000 1964 1123 2026 fecisse:
1147 1970 1181 2024 nt
1196 1966 1302 2040 potins
1317 1982 1366 2040 pu·

206 2063 286 2137 dest,
306 2062 334 2121 si
353 2059 550 2134 confeceris.
594 2059 687 2125 Truc.
710 2059 876 2141 ll,1‚1c:
904 2063 1044 2139 Quisquis
1067 2068 1156 2122 venet
1186 2059 1251 2137 (sic
1276 2057 1365 2125 Botn

205 2155 301 2240 iulg.
325 2159 434 2221 ueniat.
457 2156 518 2221 vid.
543 2156 676 2224 Ritschl.
699 2156 875 2240 prolegom.
900 2158 932 2223 in
955 2157 1129 2223 Trinumm.
1152 2175 1183 2237 p.
1214 2156 1304 2240 162).
1328 2155 1366 2234 11,

209 2262 237 2336 1,
263 2259 300 2320 16
323 2272 386 2335 sq.:

249 2356 442 2417 Meretricem
465 2355 532 2418 isse
555 2353 681 2415 similem
704 2356 798 2416 sentis
821 2355 981 2417 condecet:

290 2455 466 2532 Quemquem
488 2453 636 2514 hominem
659 2449 801 2528 altiperit,
824 2453 961 2528 proiecto
984 2460 1035 2512 ant
1056 2455 1167 2512 malurn
1190 2465 1246 2514 sut

895 2550 1034 2611 domnum
1057 2552 1132 2611 duri.

207 2669 237 2715 v.
264 2654 319 2716 19:
346 2653 433 2724 Quin,
461 2648 512 2709 uti
535 2650 576 2709 nil
600 2648 660 2722 det,
689 2667 744 2723 pro
767 2648 955 2724 infrequente
979 2652 1077 2709 mittet
1100 2652 1227 2711 milities
1245 2652 1363 2712 domurn.

206 2768 234 2813 v.
258 2752 313 2811 21:
336 2750 440 2825 Nugae
456 2755 534 2821 sunt,
557 2748 624 2819 nisi,
648 2746 734 2807 modo
757 2763 843 2819 quom
865 2744 988 2824 dederit,
1011 2748 1082 2806 dere
1106 2750 1164 2807 ism
1188 2748 1295 2810 lubeat
1316 2748 1361 2807 de·

207 2866 275 2909 nuo.
320 2863 349 2907 v.
373 2844 675 2917 23:1tumtateat,
699 2850 759 2903 tum
784 2851 863 2904 umet
887 2841 931 2923 (Ῐο
955 2840 1045 2926 [unqe
1069 2842 1143 2913 elii.
1167 2849 1198 2923 4,
1223 2849 1284 2909 3⁶2:

379 2942 438 3002 Sed
461 2943 539 3018 qnod
562 2960 616 3019 ego
639 2941 754 3002 fecinue
777 2942 877 3002 audivi
900 2943 1061 3003 adveniens
1084 2950 1175 3016 tuom,

376 3040 462 3117 Quod
483 3047 515 3099 tu
537 3041 586 3100 hic
608 3057 655 3099 me
679 3040 803 3100 absente
828 3040 895 3100 noui
918 3042 1018 3116 negoti
1038 3040 1189 3115 posueris?

207 3158 235 3204 v.
259 3141 316 3202 45:
341 3136 383 3207 Si,
405 3138 482 3213 quod
498 3139 690 3213 peperissem,
720 3137 750 3197 id
773 3138 928 3199 eduwren
956 3156 991 3199 sc
1022 3137 1168 3198 tollereris:
1199 3140 1288 3201 Bone
1315 3156 1362 3201 sne

206 3239 377 3299 habiturum
400 3254 445 3297 me
469 3237 577 3296 omniu.
623 3252 652 3297 v.
678 3238 735 3298 ts:
759 3237 811 3309 Ut,
834 3235 952 3309 quando
975 3238 1066 3298 otium
1089 3236 1155 3296 Tibi
1178 3238 1229 3304 sit,
1261 3239 1299 3298 cd
1320 3255 1361 3297 nne

205 3339 329 3396 revises.
353 3336 382 3411 6,
405 3340 460 3397 43:
483 3334 538 3411 Ne,
562 3334 613 3392 ille
633 3334 811 3408 priusquam
834 3335 930 3411 spolio
951 3335 1060 3412 sopiat,
1085 3335 1131 3393 hic
1156 3354 1212 3395 nos
1237 3337 1362 3396 extinxit

205 3432 308 3495 temes.
333 3436 362 3509 t,
387 3432 444 3495 33:

574 3530 642 3601 Dic,
665 3528 703 3588 ob
724 3528 785 3589 iste
807 3529 893 3602 done,
916 3547 992 3605 quae

247 3629 295 3691 Ad
318 3645 365 3688 me
387 3627 510 3701 miserit,
534 3644 580 3687 ms
601 3628 685 3686 illum
708 3627 856 3687 hominem
879 3645 979 3690 umore
1002 3631 1161 3705 plurimum
1179 3632 1322 3693 omniurn

207 3724 259 3791 Sic
281 3722 418 3789 Goeller.
442 3721 536 3803 Vulg.
560 3726 597 3785 ob
620 3724 695 3784 haec
718 3727 752 3788 et
773 3743 820 3785 me
843 3726 926 3786 illum
943 3743 1043 3787 sunere
1058 3729 1220 3802 plurimum
1237 3732 1362 3791 omnium

206 3825 364 3886 hominum.
408 3818 448 3897 V,
471 3839 500 3885 v.
524 3824 558 3884 9:
581 3816 688 3883 Minus
716 3830 807 3900 vetet,
831 3824 1013 3897 priusquam
1037 3842 1130 3901 penes
1153 3844 1221 3887 sese
1247 3828 1361 3905 iuuet,

206 3922 365 3999 quidquem
388 3919 521 3981 credere.
567 3916 683 3982 Csecil.
699 3916 780 3983 Stat.
803 3917 944 3985 Plocium
960 3918 998 3984 fr.
1017 3926 1044 4001 l,
1059 3939 1087 3985 v.
1107 3926 1167 3987 144
1183 3939 1247 4002 sq:
1272 3927 1361 3987 Ferre

206 4022 249 4082 ite
275 4037 321 4081 me
353 4036 428 4079 uxor
450 4025 481 4079 et
508 4017 604 4079 terune
634 4024 665 4076 et
693 4015 782 4080 isctis
806 4016 880 4080 iecit
901 4022 942 4083 Ut
964 4022 992 4082 si
1014 4024 1136 4100 mecon,
1160 4030 1264 4083 temen
1287 4022 1361 4084 indi·

206 4118 282 4179 oium
302 4118 366 4179 sinn.
410 4112 449 4179 fr.
472 4118 504 4190 2,
526 4133 553 4179 v.
581 4117 656 4179 162:
679 4116 721 4177 Ut
742 4118 882 4179 devenies
905 4121 976 4192 volt,
999 4117 1079 4195 quod
1099 4118 1174 4181 ioris
1192 4121 1356 4195 poenes.

204 4212 330 4279 Terent.
355 4210 453 4277 Andr.
475 4210 502 4292 Ι,
528 4218 556 4291 1,
581 4216 655 4278 133;
679 4232 802 4290 opcrsm
825 4218 863 4276 do
887 4246 926 4259 -
951 4221 1117 4279 scelerutns
1140 4219 1244 4281 Durus
1262 4216 1357 4296 siquid

204 4314 314 4377 consili
343 4313 451 4387 Habet,
483 4324 515 4373 ut
545 4322 700 4373 consumet
730 4332 818 4388 nunc,
846 4330 934 4385 ᾳιιοοι
962 4316 1003 4375 nil
1026 4316 1122 4377 eboni
1144 4316 1216 4378 doli.
1249 4320 1279 4397 2,
1303 4318 1357 4381 29:
