3125 5075
583 388 729 431 nocrmnn
743 386 976 431 anarrcununutt
1294 392 1356 454 375

206 581 261 644 ubi
284 584 343 641 atet
365 580 497 658 dicitur,
527 580 577 644 uis
599 579 802 662 cogitationis
825 579 1027 645 contineatur
1047 578 1081 642 in
1103 574 1261 642 affirmata
1282 593 1354 639 sen-

206 679 322 749 tentia,
344 679 398 744 ubi
421 683 527 743 autern
550 681 578 739 ci
598 696 673 748 rama,
695 677 727 741 in
750 682 883 758 negata,
906 695 945 742 ex
968 695 1030 757 qua
1052 676 1154 740 altera
1175 673 1354 739 deducitur.

205 774 290 841 Illud
313 782 363 842 est
383 781 478 852 capita
500 795 562 838 rem
583 795 643 836 eoa
664 795 742 839 case:
770 773 830 840 hoc
858 780 909 841 est
929 778 993 837 coli
1022 778 1150 852 copitarc
1177 792 1239 835 rem
1261 770 1352 835 cssc.“

205 873 243 937 In
266 875 489 939 distributione
512 874 587 937 item
612 890 729 953 sequar
751 872 922 942 Haudium.

291 990 318 1036 a.
363 972 425 1036 Per
446 975 506 1034 artat
527 968 724 1051 significatur
747 972 909 1053 exceptio,
937 989 1019 1053 quae
1047 972 1087 1035 ad
1117 970 1255 1048 aliquam
1283 986 1356 1032 sen·

203 1072 337 1135 tentiam
360 1070 490 1135 accedit
535 1068 685 1134 Ponimus
706 1068 846 1150 aliquam
868 1089 936 1135 rem
960 1087 1031 1134 esse
1053 1069 1106 1134 uel
1126 1065 1196 1132 fieri
1219 1084 1279 1131 non
1295 1081 1355 1144 per

205 1169 463 1247 consequentiam
488 1186 525 1231 cx
548 1166 630 1231 alius
651 1168 697 1231 rei
721 1168 915 1243 conditione,
939 1168 994 1231 sed
1018 1168 1079 1243 itu,
1102 1173 1139 1230 ut
1161 1164 1355 1245 reprimatur

203 1266 252 1344 id,
275 1267 377 1345 quod,
407 1268 433 1330 si
456 1270 520 1346 est,
542 1266 644 1345 ipsam
668 1283 733 1329 rem
757 1265 810 1329 vel
831 1266 877 1345 id,
905 1265 990 1345 quod
1013 1266 1130 1330 dictum
1155 1268 1241 1342 erat,
1271 1258 1356 1324 tollit

204 1365 254 1428 vel
282 1364 415 1444 impedit
442 1364 492 1428 vel
519 1368 653 1429 coercet
699 1362 793 1427 Ennii
821 1362 924 1427 annal.
954 1363 1014 1428 inc.
1042 1363 1127 1428 sedis
1156 1359 1268 1444 fragm·
1299 1365 1356 1425 35:

203 1468 263 1540 Qui
285 1467 378 1525 vincit
400 1481 457 1525 nou
480 1471 528 1523 est
548 1465 645 1523 victor
670 1463 847 1524 asstrictus
875 1463 994 1525 latetur.
1037 1459 1141 1525 Plaut.
1165 1460 1251 1524 Asin.
1274 1458 1299 1536 Ι,
1327 1464 1354 1538 l,

204 1566 260 1626 8⁶2:
283 1564 365 1622 Tene
389 1579 444 1636 ego
467 1559 655 1633 defraudem,
678 1563 747 1636 quoi
770 1564 828 1637 ipsi
851 1562 925 1622 nihil
948 1567 995 1621 est
1017 1562 1047 1620 in
1069 1578 1167 1634 manu,
1189 1561 1260 1621 Nisi
1282 1560 1353 1635 quid

201 1670 236 1721 tu
258 1679 349 1735 porro
372 1679 492 1721 uxorem
514 1657 763 1720 defraudaveris?
791 1656 888 1721 Poen.
912 1656 967 1735 IV,
990 1662 1019 1732 2,
1044 1661 1099 1720 92:
1124 1663 1163 1718 At
1185 1662 1264 1718 enim
1280 1658 1355 1717 nibil

201 1768 259 1829 est,
283 1759 352 1831 nisi,
376 1760 443 1818 dum
468 1759 556 1833 calet,
579 1759 635 1818 boc
657 1759 764 1832 agitur.
809 1754 903 1819 Truc.
926 1753 974 1834 ΙΙ,
1000 1759 1032 1833 l,
1055 1759 1114 1819 21:
1147 1758 1250 1832 Nugae
1274 1763 1356 1831 sunt,

200 1858 271 1929 nisi,
294 1859 381 1917 modo
408 1874 494 1932 quom
518 1857 644 1929 dederit,
667 1857 738 1916 dare
766 1856 825 1916 iam
854 1857 955 1916 lubeat
982 1856 1088 1916 denuo.
1132 1850 1170 1929 V,
1194 1858 1251 1917 31:
1279 1856 1355 1915 Nam

201 1973 370 2030 quanquam
383 1951 497 2027 bella's,
510 1956 588 2013 malo
601 1952 691 2026 tno’s,
704 1954 764 2012 cisi
777 1960 875 2013 tecum
886 1956 976 2029 aliqui
986 1954 1102 2029 gaudeo
1116 1950 1178 2021 (sic
1190 1949 1354 2030 Goeller).

289 2052 317 2114 b.
362 2050 533 2114 Contracta
555 2050 621 2114 sive
643 2048 790 2113 breviata
809 2048 955 2113 oratione
986 2048 1164 2114 coniunctio
1185 2048 1224 2125 „in
1254 2050 1355 2113 vicem

202 2149 347 2213 adverbii
369 2148 456 2213 cedit
478 2154 510 2211 et
526 2165 605 2225 eam,
629 2163 725 2227 quam
746 2147 840 2210 modo
862 2147 1011 2226 diximus,
1035 2147 1249 2225 exceptionem
1273 2147 1355 2210 indi·

203 2254 256 2312 cat
278 2246 474 2328 simpliciter,
498 2250 534 2309 ut
556 2245 598 2309 sit
612 2250 738 2319 eccepto.
771 2243 862 2309 Unde
885 2244 992 2310 variae
1014 2244 1172 2309 exsistunt
1195 2243 1354 2325 ellipticae

201 2347 331 2410 formae.
377 2344 413 2408 ln
441 2345 480 2408 iis
503 2343 673 2423 praecipue
702 2342 859 2405 notandae
884 2347 959 2405 suut
987 2342 1163 2407 sententiae
1189 2343 1353 2414 relativae.

205 2444 387 2525 Negatione
410 2440 586 2522 praemissa
609 2438 806 2505 collocantur
831 2439 986 2505 vocabula
1011 2460 1070 2500 non
1091 2442 1167 2519 abi,
1194 2444 1271 2505 nibil
1294 2450 1355 2508 crisa·

201 2544 336 2623 aliaque.
366 2541 434 2617 (Sic
462 2539 605 2605 Handius
632 2557 662 2619 p.
690 2536 777 2618 222).
821 2538 940 2603 Fabius
964 2539 1072 2602 Pictor
1097 2555 1146 2618 ap.
1176 2540 1294 2623 Agger.
1322 2565 1353 2626 p.

205 2648 281 2706 107:
305 2646 451 2719 Capillum
477 2642 581 2713 Dialis,
604 2641 665 2699 cisi
687 2641 738 2715 qui
753 2640 830 2699 liber
846 2640 933 2699 homo
948 2647 1004 2712 est,
1028 2657 1085 2698 non
1102 2639 1249 2704 detonset.
1273 2641 1353 2709 Cato

202 2738 241 2800 R.
265 2738 301 2800 R.
325 2758 350 2803 c·
374 2744 408 2802 5:
431 2742 504 2800 Rem
529 2742 656 2800 divinam
679 2738 739 2797 atsi
761 2738 969 2812 compitalibus
985 2739 1015 2796 in
1032 2739 1160 2812 compito
1174 2744 1228 2800 aut
1242 2743 1270 2800 in
1288 2742 1353 2807 loro

201 2850 238 2891 uc
260 2831 360 2891 faciat.
392 2830 426 2893 C.
449 2836 500 2898 ts:
522 2839 622 2896 Nuces
644 2839 748 2913 pineas
772 2835 957 2896 adeundam
981 2835 1108 2913 modum,
1130 2837 1190 2898 otei
1212 2843 1352 2915 tanquam

202 2933 293 2991 alium
317 2930 418 3004 serito,
442 2943 523 3006 quae
546 2929 592 2993 ita
612 2930 693 2995 bene
716 2931 854 3010 explicat
875 2930 1031 2996 Handius:
1061 2932 1186 3009 „serito
1209 2933 1240 2998 iu
1270 2953 1353 3002 eum-

202 3027 273 3090 dem
296 3025 434 3102 modum,
457 3043 520 3090 uno
543 3024 603 3090 hoc
625 3033 767 3106 excepto,
792 3034 827 3092 ut
848 3026 903 3091 liat
924 3029 1008 3092 sicut
1034 3029 1067 3092 in
1090 3029 1193 3095 allio.“
1239 3032 1272 3096 C·
1297 3040 1353 3100 77:

203 3129 350 3200 Quantum
379 3130 461 3188 uoles
489 3144 544 3200 pro
571 3129 705 3198 ratione,
732 3128 776 3187 ita
806 3130 849 3186 uti
877 3129 1018 3202 placenta
1043 3129 1093 3201 fit,
1124 3132 1226 3199 eadem
1256 3137 1355 3196 omnia

202 3224 304 3294 tacito,
326 3225 386 3284 cisi
409 3225 467 3285 alio
490 3226 576 3285 modo
599 3226 700 3297 tirrpito
724 3227 754 3284 in
777 3228 842 3286 solo
864 3233 970 3287 tracta.
1001 3223 1034 3289 O.
1059 3229 1114 3290 89:
1136 3229 1251 3288 Eodem
1267 3234 1353 3293 modo

200 3341 337 3383 anserem
360 3325 442 3400 alito,
464 3323 524 3384 aiei
538 3325 621 3398 prius
645 3325 714 3384 dato
736 3325 838 3384 bibere
862 3333 894 3383 et
916 3326 1013 3385 bisin
1037 3325 1093 3385 die.
1139 3321 1171 3387 Ο.
1197 3330 1272 3389 157;
1296 3331 1353 3403 Qui

202 3423 246 3482 sic
269 3431 412 3496 purgatus
439 3424 507 3496 erit,
530 3422 646 3482 diutina
673 3423 843 3484 ualetudine
866 3433 983 3496 utetur,
1015 3440 1109 3498 neque
1133 3426 1210 3485 ullus
1233 3429 1354 3490 morbus

200 3522 311 3591 ueniet,
334 3519 394 3580 nist
417 3538 470 3581 sua
492 3521 589 3596 culpa
633 3514 737 3582 Plaut
761 3516 839 3584 Cist.
863 3517 895 3597 1,
920 3523 1033 3597 1,89:
1062 3521 1123 3581 atsi
1145 3524 1263 3597 quidem
1287 3543 1353 3585 cum

200 3619 444 3691 Alcesimarcho,
475 3620 600 3679 nemine.
651 3615 765 3682 Bacch.
795 3614 842 3696 ΙΙ,
867 3620 902 3696 2,
932 3621 966 3680 2:
993 3620 1115 3681 Homini
1147 3622 1243 3683 amico
1274 3625 1355 3698 quiet

200 3719 312 3777 amicus
334 3719 379 3778 ita
401 3718 443 3776 uti
466 3733 571 3776 nomen
594 3717 730 3791 possidet
750 3717 821 3777 Nisi
849 3718 921 3778 deos
944 3717 972 3776 ei
994 3719 1036 3778 nil
1059 3723 1226 3793 praestare.
1271 3718 1353 3783 Rud.

200 3811 249 3892 ΙΙ,
270 3819 307 3891 4,
332 3817 388 3878 2οε
424 3813 508 3890 [Nisi
535 3816 636 3879 multis
656 3813 809 3876 blanditiis
830 3833 848 3875 a
877 3831 923 3875 me
945 3822 1031 3891 gutta
1053 3833 1111 3877 non
1133 3816 1208 3878 terri
1229 3816 1353 3894 potest]

200 3909 256 3990 IV,
278 3918 309 3986 t,
331 3917 387 3976 48:
410 3915 466 3974 Hic
489 3910 571 3988 [ego]
593 3911 652 3972 rasi
675 3913 711 3973 de
733 3914 874 3987 opinione
890 3921 1003 3974 eertum
1019 3915 1061 3975 nil
1084 3915 1150 3975 dico
1166 3916 1231 3976 tibi.
1260 3913 1352 3978 True

199 4009 247 4088 11,
274 4015 301 4088 1,
325 4013 380 4073 20:
403 4013 508 4086 Neque
531 4012 589 4070 erit
611 4012 766 4086 quisquam
789 4028 915 4086 unquam
939 4013 1050 4086 probus
1074 4020 1199 4090 amator,
1220 4013 1282 4074 ais-i
1303 4014 1354 4088 qui

199 4126 233 4168 re
255 4110 407 4169 inimicust
429 4126 509 4170 suae.
553 4105 609 4185 lv,
633 4111 662 4185 3,
686 4111 743 4170 27:
775 4108 853 4169 Care
875 4117 923 4182 tn,
947 4111 1009 4170 nisi
1031 4111 1108 4186 quod
1130 4118 1160 4171 te
1183 4128 1273 4186 rogo,
1298 4112 1353 4169 mit

199 4204 327 4269 Terent.
350 4204 449 4269 Andr.
472 4202 534 4282 III,
559 4209 593 4284 2,
617 4209 672 4270 39:
699 4208 771 4280 Quis
794 4208 884 4281 igitur
907 4224 974 4267 eum
997 4209 1035 4269 ab
1057 4211 1111 4269 ille
1132 4210 1279 4269 obstruxit
1293 4208 1355 4268 nisi

200 4303 278 4379 ego?
322 4301 435 4380 ΝΛ,
462 4307 516 4367 14:
542 4307 620 4366 hanc
647 4305 707 4366 nisi
729 4322 808 4365 mors
838 4307 878 4364 mi
900 4305 1011 4365 adimet
1032 4324 1127 4368 nemo.
1174 4302 1250 4370 Hec.
1274 4303 1299 4381 Ι,
1323 4308 1356 4373 2.

200 4403 256 4465 67:
279 4419 347 4462 nam
370 4418 457 4462 nemo
479 4403 517 4463 ad
540 4411 570 4463 te
593 4406 675 4465 venit
696 4403 766 4465 Nisi
789 4404 913 4479 cupiens
936 4405 988 4467 tui.
