3125 5075
201 368 262 426 188
651 355 806 396 SUBSTANT.
821 356 884 398 CAP.
899 356 939 398 rn.

200 537 340 612 etantur,
375 549 458 612 quae
485 548 557 595 curn
583 531 708 597 actione
735 531 862 598 demum
884 549 987 613 eaque
1014 532 1154 598 durante
1179 536 1337 598 msountu

200 638 233 696 et
253 630 447 709 formantur,
470 635 667 710 quapropter
689 628 754 694 tale
777 630 951 706 obiectum,
974 636 1089 711 utpote
1109 634 1199 695 motu
1222 647 1337 711 progrr

200 731 307 794 diente
330 727 456 792 demum
481 732 596 806 ortam,
619 735 688 793 tum
708 745 835 808 quoque
855 734 962 794 manet
983 729 1153 805 obiectum,
1175 744 1250 793 curn
1264 744 1337 807 prae

200 826 305 891 dicato
321 824 460 889 noriam
476 823 547 903 ipsa
561 826 645 890 actio
661 831 777 904 motus,
798 826 855 890 sed
871 826 1009 907 qualitas
1024 825 1160 891 subiecti
1180 842 1222 889 ea
1242 823 1337 890 effect

201 926 252 998 (ut
265 928 378 998 hapso,
401 922 493 999 mars)
517 922 569 986 vel
589 924 722 988 verbum
744 923 776 987 id
798 925 882 1003 quod
902 928 992 990 motu
1014 922 1163 988 effectum
1185 928 1238 988 est
1260 923 1337 1005 sign

201 1017 300 1086 ticans
323 1023 373 1096 (ut
395 1024 513 1090 abeam,
535 1023 627 1091 etism,
649 1020 701 1095 al.)
725 1021 920 1101 exprimitur.
965 1021 1158 1087 Distantiam
1181 1021 1216 1085 in
1238 1020 1337 1087 talibu

201 1122 337 1199 apparet
357 1118 582 1200 progressione
605 1117 750 1184 effectam
772 1137 862 1198 esse,
894 1120 1042 1199 quoniam
1069 1136 1141 1185 cum
1170 1135 1210 1184 ea
1237 1125 1273 1183 et
1301 1135 1337 1199 pa

202 1235 273 1281 earn
295 1218 455 1293 nascitur,
479 1233 579 1296 quare
602 1217 697 1281 etiarn
719 1218 902 1283 accusativo
925 1218 1126 1298 exprimitur,
1149 1233 1232 1295 cum,
1254 1216 1285 1281 si
1307 1215 1337 1280 ili

203 1314 307 1379 solum
329 1319 366 1378 ut
388 1312 567 1378 differentia
589 1314 724 1378 duorum
747 1315 887 1381 locorum
911 1320 1089 1397 spectatur,
1122 1318 1159 1379 ut
1185 1330 1289 1393 supra
1315 1330 1336 1376 v

203 1412 319 1491 dimus,
342 1411 501 1478 ablativus
523 1417 670 1492 ponatur.
694 1413 786 1478 Actio
809 1414 998 1494 productiva
1021 1418 1054 1478 et
1075 1411 1240 1493 receptiva
1262 1428 1337 1491 saep

204 1509 236 1574 in
258 1509 471 1577 locutionibus
494 1510 663 1575 admodum
685 1511 769 1576 inter
796 1528 832 1576 se
860 1512 1004 1593 cognatis
1026 1514 1263 1591 permutantur.
1310 1508 1337 1575 Si

203 1608 391 1687 productiva
419 1615 469 1673 est
497 1608 580 1672 actio
611 1609 643 1672 in
676 1609 808 1675 talibus:
845 1613 906 1672 tria
929 1613 1016 1672 mono
1035 1629 1169 1685 poscam
1195 1610 1337 1670 amount

201 1709 326 1781 triptota
352 1725 446 1769 annos
473 1710 583 1776 vicere,
616 1708 779 1788 receptiva
812 1707 845 1772 in
871 1707 934 1772 his:
967 1713 1058 1771 totum
1085 1710 1211 1768 mem
1238 1708 1337 1767 dom

203 1806 324 1865 tertiam
346 1809 471 1865 oetatem
492 1808 559 1866 oioo
582 1812 615 1869 et
636 1806 770 1869 maxime
794 1805 825 1870 in
851 1804 1063 1870 locutionibus
1089 1804 1225 1885 passivis
1247 1803 1292 1868 ab
1314 1802 1335 1867 h

202 1899 361 1980 formatis,
395 1919 476 1981 quae
500 1922 519 1966 a
540 1901 643 1982 poetis
668 1908 877 1983 usurpantur,
911 1902 1001 1967 velut
1029 1906 1117 1964 tertio
1137 1903 1251 1964 vivitur
1272 1905 1337 1965 acta

206 1997 376 2078 inquibus
404 1998 465 2062 iam
493 2000 565 2079 plus
592 2001 677 2064 inest
707 2017 802 2079 quarn
832 2001 983 2081 temporis
1010 2000 1237 2082 perpetuitatis
1266 1999 1335 2064 noti

204 2096 291 2159 notio
320 2098 532 2162 consumendi.
577 2097 684 2162 Etiam
719 2098 976 2162 coniunctionum
1011 2096 1244 2163 adverbialium
1284 2100 1337 2160 dar

206 2213 297 2269 quum
318 2193 418 2258 torma
440 2196 641 2261 accusativus
662 2199 713 2259 est
734 2197 890 2275 temporis
913 2197 1148 2276 perpetuitatis.

291 2291 416 2356 Deinde
438 2294 524 2374 quod
545 2294 662 2358 attinet
682 2293 722 2357 ad
745 2294 901 2359 actionem
923 2296 1071 2356 intensiva
1097 2293 1222 2357 ratione
1251 2312 1291 2358 se
1314 2310 1337 2358 α·

203 2389 391 2470 plicantem,
424 2390 456 2453 in
478 2388 538 2456 hoc
561 2409 679 2470 genere
701 2390 904 2456 accusativus
932 2390 1140 2455 directionem
1168 2391 1337 2471 exprimen

206 2488 262 2566 qui
283 2488 456 2568 respondet
478 2487 519 2552 ad
541 2486 839 2568 interrogationem:
863 2507 955 2565 saoce
977 2490 1017 2549 ad
1039 2506 1124 2564 ocem
1144 2490 1298 2563 modom?
1321 2505 1337 2555 a

205 2602 269 2650 acc.
293 2585 355 2650 loci
378 2586 593 2666 metaphorice
619 2586 752 2666 positus.
798 2586 870 2651 Huc
899 2586 1062 2666 pertinent
1087 2587 1248 2647 admodum
1272 2592 1309 2650 et
1329 2609 1337 2649 r

205 2702 278 2758 quo,
305 2699 388 2762 quae
411 2701 481 2747 curn
511 2686 551 2744 od
572 2689 606 2748 et
626 2704 717 2760 usquc
739 2685 908 2748 coniuncta
934 2683 1086 2748 maiorem
1108 2683 1171 2747 vim
1192 2683 1337 2764 accipiar

206 2779 245 2843 In
266 2780 368 2844 altero
392 2797 509 2862 genere
533 2781 663 2860 obiecti,
697 2782 781 2861 quod
809 2782 1006 2861 respondens
1033 2780 1211 2844 extensioni
1239 2781 1274 2845 in
1298 2781 1337 2846 lo

91 2926 94 2931 ,
207 2878 461 2956 progressionem
478 2878 608 2959 gradus,
631 2883 732 2944 totam
748 2885 941 2956 quantitatem
960 2881 1131 2940 interiores
1147 2876 1337 2958 complectar

205 2971 364 3054 significat
385 2980 421 3039 et
442 2977 631 3055 exprimitur
653 2980 851 3053 accusativo,
881 2977 935 3058 qui
965 2974 1138 3055 respondet
1158 2977 1200 3040 ad
1224 2975 1337 3042 interr·

204 3072 349 3151 gotiones
378 3078 555 3148 qooamma,
590 3094 680 3149 quom
715 3079 874 3146 multumt,
908 3073 1097 3155 metaphora
1125 3073 1256 3153 quidem
1290 3074 1336 3140 ite

205 3186 276 3234 esse
298 3174 414 3250 potest,
439 3171 589 3237 sedeam
613 3192 683 3237 esse
707 3191 770 3237 non
794 3173 1007 3239 necessarium
1028 3177 1086 3237 est
1115 3170 1189 3234 Huc
1212 3179 1337 3251 specta

203 3268 376 3332 accusativi
395 3268 596 3336 adverbiales
617 3274 751 3339 muttum,
771 3277 917 3346 quantam
932 3268 1087 3347 multique
1101 3267 1215 3332 horum
1232 3270 1337 3334 simile

202 3382 265 3444 quo
288 3366 447 3431 referendi
469 3373 545 3432 sunt
567 3370 663 3432 etiarn
686 3374 755 3437 tom,
778 3387 879 3443 quom,
901 3386 982 3447 quae
1002 3368 1108 3430 omnia
1127 3357 1337 3431 maiorem‘vn

202 3460 323 3526 habent
344 3479 439 3542 quam
462 3464 593 3530 ablativi
616 3465 728 3530 similis
751 3463 998 3545 significationis.
1023 3465 1114 3529 Actio
1136 3470 1256 3543 autern,
1282 3482 1337 3546 qua

202 3560 234 3623 iu
258 3559 308 3625 his
338 3563 497 3641 cernitur,
530 3564 697 3628 maximam
727 3569 853 3643 partem
883 3568 934 3627 est
961 3562 1162 3641 productiva,
1197 3580 1283 3643 quae
1310 3580 1337 3626 rc

203 3659 299 3722 etiam
325 3676 421 3722 causa
445 3677 515 3723 esse
538 3660 681 3739 videtur,
710 3679 768 3724 cur
790 3658 941 3724 adverbia
963 3660 1256 3739 comparativorum
1279 3677 1337 3725 sen

202 3775 261 3834 per
290 3767 323 3820 et
351 3758 620 3835 superlativorum
653 3776 749 3838 saepe
778 3757 912 3822 formam
944 3757 1198 3822 accusativorum
1232 3757 1337 3837 generi

201 3856 348 3919 neutrius
363 3853 511 3934 habeant,
528 3855 683 3936 siquidem
695 3856 798 3920 maior
810 3854 930 3936 gradus
943 3853 1075 3920 effectus
1090 3855 1219 3919 videtur
1236 3856 1337 3920 action

200 3950 368 4016 intensiva.

284 4049 429 4115 Alterum
453 4057 537 4132 erat,
571 4051 599 4115 si
626 4051 710 4116 actio
741 4049 913 4116 secundum
943 4053 1115 4126 beatitatem
1140 4049 1337 4129 spectabatur

200 4145 294 4223 Quod
321 4165 424 4228 genus
450 4149 569 4214 iterum
597 4149 784 4229 bipartitum
813 4166 884 4213 esse
911 4148 1056 4213 vidimus.
1100 4145 1245 4211 Primum
1276 4148 1337 4213 enir

199 4245 284 4310 actio
306 4244 352 4310 ita
374 4264 408 4311 se
433 4247 593 4329 explicare
614 4251 738 4326 potest,
773 4251 810 4311 ut
831 4245 966 4311 interior
988 4244 1078 4326 quasi
1106 4244 1156 4309 vis
1185 4249 1220 4309 et
1242 4251 1337 4311 natur

198 4340 267 4406 eius
288 4343 323 4406 in
343 4345 484 4410 medium
507 4345 698 4427 proteratur.
744 4345 836 4423 Quod
864 4343 919 4408 ubi
941 4341 990 4421 fit,
1025 4342 1160 4424 cogitari
1181 4348 1305 4423 potest,
