3125 5075
412 382 429 420 Ι.
444 382 612 422 Paouonllun
629 384 820 432 PBRSOMLIA,
834 383 1013 430 nosen-(Slus,
1029 383 1202 424 annuntius.
1307 389 1367 447 351

229 554 368 621 eunom
388 555 564 637 scriptores
578 554 665 621 nullo
679 556 860 622 discrimine
882 556 1009 638 generis
1024 556 1204 639 promiscue
1225 562 1368 626 marum,

226 659 341 716 m
351 653 511 720 dixerunt
532 653 586 720 Sic
600 654 704 719 Plaut.
720 654 814 721 True.
831 656 874 734 ΙΙ,
892 661 919 734 1,
935 660 977 720 40
991 662 1171 718 nonnam
1196 654 1324 729 Most.L
1337 660 1368 736 3,

228 753 288 817 lou:
309 753 420 814 Verum
435 755 505 815 illut
522 771 590 816 esse
613 772 749 816 maxuma
772 757 848 817 adeo
869 774 941 832 pars
963 760 1128 817 pomorum
1149 757 1309 829 intellegit,
1324 780 1369 803 ε-

225 853 361 926 uestrum,
383 866 413 913 V.
428 849 665 915 adnotationem
684 849 799 916 Vossii.
833 851 946 932 Amph.
967 852 1047 931 prol.
1065 872 1092 917 v.
1111 857 1144 915 4:
1165 855 1299 912 rationes
1317 869 1366 911 vo-

226 954 338 1010 strorum
361 952 490 1011 omnium
513 947 600 1028 (proz
623 954 749 1013 vestras
772 949 936 1027 omnium).
982 948 1097 1014 Caecil.
1122 949 1201 1014 Stat.
1224 947 1366 1012 Plocium

226 1041 252 1106 ft.
275 1050 304 1124 l,
324 1061 354 1110 V.
381 1050 457 1110 153:
482 1050 555 1122 Quia
578 1055 742 1109 vostrarum
769 1050 822 1125 (=
846 1054 1012 1114 vestrum).
1035 1044 1251 1111 Terentfleo.
1268 1044 1311 1121 ΙΙ,
1329 1050 1365 1124 Ι,

226 1144 268 1205 43:
293 1162 359 1205 uam
387 1150 557 1206 vostrarum
580 1148 663 1207 nulla
683 1153 740 1222 est,
761 1150 833 1221 quin
855 1155 975 1223 gnatum
998 1149 1071 1207 velit
1092 1149 1211 1207 Ducere
1233 1162 1365 1207 uxorem.

292 1247 324 1304 l.
366 1239 599 1320 Nonnunquam
629 1240 709 1306 haee
741 1244 929 1322 pronomina
956 1244 1110 1308 remotius
1141 1245 1264 1305 tantum
1293 1257 1366 1319 spe·

230 1340 297 1401 dant
316 1339 358 1402 ad
379 1356 535 1420 personas
562 1356 643 1419 quae
673 1340 713 1403 iis
734 1337 962 1420 significantur.
987 1342 1039 1406 Sic
1062 1340 1164 1404 Plaut.
1188 1338 1282 1402 Most
1305 1337 1364 1415 ΙΙΙ,

231 1439 337 1512 2151:
367 1443 409 1500 At
431 1447 464 1499 tu
486 1440 563 1500 istoc
586 1439 627 1498 ad
647 1458 700 1500 vos
722 1448 859 1515 optuere,
890 1438 921 1503 h.
944 1458 971 1504 e.
995 1439 1027 1503 in
1050 1457 1120 1504 eam
1143 1441 1276 1517 partem,
1309 1435 1365 1500 ubi

233 1550 273 1597 ios
290 1536 380 1614 estis,
413 1555 444 1599 v.
466 1534 703 1599 adnotationem
732 1536 766 1599 in
793 1537 842 1601 ed.
871 1536 1078 1601 Taubrnanni.
1131 1534 1271 1599 Pertinet
1302 1531 1364 1598 hue

234 1632 307 1696 etiam
322 1633 349 1698 is
365 1651 444 1698 usus
469 1632 716 1713 praepositionis
744 1637 782 1695 ab
808 1653 878 1699 cum
902 1652 991 1714 pron.
1015 1652 1139 1713 person.
1164 1634 1363 1712 coniunctae,

232 1727 270 1791 ubi
287 1731 396 1798 domus
422 1749 580 1811 personae
595 1727 802 1811 significatur.
827 1732 878 1797 Sic
899 1732 1028 1797 Terent.
1046 1732 1161 1795 Heaut.
1179 1729 1237 1808 111,
1254 1735 1282 1799 2,
1299 1734 1356 1793 50:

234 1827 286 1898 Quis
309 1834 517 1893 numanatis
548 1833 701 1907 egreditur
723 1831 815 1907 foras,
839 1831 929 1895 euius
952 1830 1080 1911 generis
1101 1830 1195 1910 plura
1218 1827 1363 1908 exempla

232 1926 301 1989 attuli
324 1927 350 2005 Ι,
373 1947 400 1992 c.
424 1928 483 2006 ΠΙ,
507 1930 533 2007 ἓ.
558 1936 587 1995 9.

293 2030 319 2089 5.
362 2029 473 2089 Datim'
499 2026 644 2106 exempla
670 2026 750 2093 haee
780 2032 864 2092 sunt
910 2026 1014 2089 Plaut.
1045 2024 1122 2090 Cist.
1146 2024 1201 2102 IV,
1227 2029 1255 2098 2,
1286 2029 1359 2089 104:

230 2120 286 2183 Tene
306 2134 337 2185 tn
360 2129 508 2188 cistellam
531 2129 594 2188 titi.
617 2125 731 2206 Amph.
757 2126 794 2206 V,
823 2133 847 2203 Ι,
872 2130 928 2190 29:
952 2129 995 2186 ita
1016 2129 1131 2186 animus
1154 2122 1263 2201 [mens]
1286 2125 1362 2184 miti

230 2221 292 2281 edm
314 2242 392 2285 nuuc
414 2226 509 2286 abest.
555 2223 681 2289 Terent.
705 2223 831 2287 Phorm.
855 2222 897 2301 ΙΙ,
920 2229 950 2301 4,
976 2230 1007 2288 3·.
1053 2241 1149 2298 neque
1171 2224 1214 2281 mi
1236 2226 1266 2281 in
1289 2241 1359 2282 eon·

231 2329 338 2389 spectum
361 2324 472 2397 prodit,
495 2319 525 2385 lt
548 2340 575 2385 e.
599 2323 857 2402 inconspectum
883 2339 997 2384 meum.
1043 2323 1112 2381 Tibi
1133 2334 1359 2396 nonnunquam

230 2409 450 2484 inattractione
471 2420 601 2499 ponitur
621 2421 823 2485 coniunctum
846 2437 917 2483 eum
952 2418 1060 2483 dativo
1088 2415 1282 2497 pronominis
1310 2433 1360 2479 re·

229 2504 302 2581 latin.
325 2515 377 2582 Sic
399 2516 503 2582 Plaut.
526 2519 599 2585 Aul.
624 2518 684 2597 ΙΙΙ,
708 2524 737 2600 6,
761 2524 817 2585 38;

371 2619 439 2694 Ego
462 2626 491 2678 te
514 2621 603 2680 hodie
626 2621 749 2681 reddam
771 2620 931 2691 madidum,
954 2620 981 2679 si
1003 2619 1079 2695 vivo,
1101 2618 1206 2693 probe,

374 2717 444 2777 Titi
462 2719 510 2777 eui
532 2719 717 2778 decretumst
738 2719 841 2779 bibere
865 2736 981 2793 aquam,

224 2805 251 2869 ld
268 2828 292 2891 q.
314 2811 333 2877 l.
356 2811 511 2877 Goeller.:
536 2813 592 2894 „In
616 2814 670 2875 au
685 2815 887 2878 attractionis
907 2814 1065 2893 quoddam
1083 2830 1183 2892 genus
1200 2818 1258 2891 est,
1282 2829 1356 2875 eon·

223 2905 334 2975 tadum
357 2909 405 2974 illi
433 2912 518 2990 qnod
540 2912 625 2991 apud
649 2912 791 2976 Graecos
813 2912 845 2974 in
867 2931 927 2977 usu
949 2918 1009 2991 est,
1033 2912 1087 2992 qui
1111 2928 1284 2990 pronomen
1306 2927 1356 2973 re·

219 2997 330 3073 latinum
358 3009 600 3074 demonstrativi
636 3011 744 3074 omissi
771 3027 848 3075 casu
883 3010 1035 3090 ponunt.“
1079 3009 1233 3075 Similiter
1261 3007 1353 3087 Epid.

217 3096 259 3183 ΙΙΙ,
279 3115 306 3188 Ι,
329 3114 368 3173 8:
401 3111 479 3184 Quid
501 3113 583 3171 illum
606 3110 707 3170 faeere
731 3112 785 3178 vis,
807 3114 857 3186 qui
880 3112 934 3172 liti
955 3111 1025 3183 quoi
1047 3112 1167 3170 divitiae
1191 3110 1270 3169 domi
1293 3126 1353 3167 ma·

214 3218 300 3269 tumne
330 3215 417 3281 sunt,
452 3210 482 3269 Is
511 3210 603 3270 habes
630 3228 778 3269 nummum
809 3212 929 3269 nullum.
975 3205 1207 3285 Nonnunquam
1238 3203 1353 3281 ethica,

214 3314 278 3378 quae
307 3304 442 3384 dieitur,
470 3302 700 3385 significatione
726 3304 758 3368 hi
786 3305 886 3370 dativi
916 3309 1122 3382 usurpantur.
1168 3302 1220 3366 Sic
1248 3300 1352 3364 Plaut.

210 3399 530 3484 lnph.11,2‚185:
573 3406 649 3478 Quid
679 3424 734 3482 ego
763 3407 818 3465 tibi
840 3405 959 3479 deliqui.
1004 3399 1233 3478 Mil.1,1‚5:
1277 3402 1353 3461 Nam

208 3513 250 3574 teo
278 3504 359 3565 hane
394 3505 583 3564 machaeram
615 3504 687 3563 mihi
716 3504 865 3564 consolari
892 3504 974 3575 volo,
1021 3500 1060 3564 ad
1090 3515 1119 3578 q.
1148 3496 1168 3560 Ι.
1200 3495 1350 3561 Taubm:

206 3600 287 3669 „tlibi
308 3595 461 3680 παρέλκει
514 3598 641 3663 Terent.
665 3595 792 3663 Phorm.
823 3598 881 3676 [V‚
910 3603 944 3676 9,
969 3598 1036 3675 211:
1084 3600 1141 3672 Qui
1163 3600 1217 3670 mi,
1241 3598 1291 3656 ubi
1313 3595 1353 3654 ad

205 3711 298 3761 meres
322 3706 483 3772 ventumst,
507 3708 567 3759 tum
591 3700 666 3759 fiunt
688 3717 786 3761 senes.
831 3699 882 3761 Ad
904 3714 990 3776 quae
1013 3698 1174 3761 Donatus:
1212 3693 1352 3773 Elegan-

203 3797 242 3857 ter
258 3796 416 3862 insertum
439 3798 536 3870 Mili,
559 3802 596 3858 ut
617 3796 650 3859 in
672 3793 788 3858 Heaut.
813 3795 868 3873 [ΙΙ,
895 3801 921 3869 1,
946 3795 996 3871 8];
1044 3799 1069 3856 is
1092 3797 1141 3868 mi,
1165 3797 1216 3854 ubi
1238 3793 1351 3854 adbibit

202 3894 255 3964 plut
276 3898 380 3971 paulo,
404 3913 458 3958 sun
480 3913 554 3971 quse
578 3903 682 3955 narrat
704 3894 882 3955 facinora!“
905 3893 1009 3972 Saepe
1031 3891 1090 3955 hae
1119 3888 1350 3972 significatione

202 3988 296 4057 edica
319 3992 558 4071 coniunguntur
580 3990 677 4055 etiam
711 4009 782 4055 eum
808 3992 990 4071 possessivo
1018 3989 1159 4054 eiusdem
1184 4003 1349 4067 personae.

202 4083 244 4152 sic
261 4088 369 4154 Plaut.
391 4089 508 4156 Bacelu
531 4089 585 4168 IV,
610 4095 639 4169 9,
664 4096 718 4154 71:
748 4097 816 4152 tuus
839 4093 894 4151 tini
918 4109 1019 4152 servos
1043 4095 1093 4148 tuo
1117 4089 1263 4148 arbitratu
1287 4103 1349 4145 ser·

200 4187 260 4251 liat
306 4185 396 4268 cnpt.
421 4188 498 4269 prol.
522 4207 552 4252 v.
578 4195 612 4253 5:
646 4193 700 4252 Set
721 4193 747 4251 is
771 4210 829 4265 quo
859 4198 949 4265 paeto
973 4188 1085 4247 serviat
1105 4205 1159 4246 suo
1180 4186 1237 4245 sibi
1260 4185 1349 4259 patri.

204 4282 279 4349 Asin.
302 4285 328 4361 Ι,
354 4292 381 4363 Ι,
404 4293 459 4350 57;
489 4291 643 4350 beneficiis
666 4308 712 4349 me
736 4307 835 4348 emere
858 4298 979 4364 gnatum
1001 4303 1086 4345 suam
1109 4284 1174 4344 sibi.
1220 4279 1348 4343 Terent.

203 4378 251 4444 td
271 4381 312 4463 V,
333 4388 364 4464 8,
387 4388 444 4449 35:
482 4385 544 4449 Suo
565 4389 622 4449 siti
644 4389 743 4464 gladio
767 4389 845 4446 hune
868 4387 978 4460 iugulo.
1002 4380 1040 4446 cf.
1062 4379 1088 4458 Ι,
1112 4397 1138 4444 e.
1160 4378 1221 4455 ΠΙ,
1253 4379 1348 4456 ΜΟ.
