3125 5075
514 339 618 379 eunuc.
647 339 913 382 INTRBROGA'HVAB.
1229 352 1293 412 275

221 544 251 591 e.
297 528 493 596 Peculiarern
517 546 610 594 usum
632 528 729 594 babet
748 529 887 596 formula
911 534 995 595 baad
1014 534 1075 595 scio
1096 549 1146 596 an.
1191 529 1295 612 Ssepe

136 621 223 688 enim
244 625 369 692 reiecta
389 635 487 708 atque
509 626 627 692 omissa
650 634 742 707 parte
765 629 944 694 sententiae
965 630 1066 710 priori
1094 629 1294 694 contrarium

133 720 188 786 rel
216 721 266 802 id,
300 726 384 803 quod
416 741 455 791 ss
489 723 594 790 aliena
627 724 774 805 opinione
809 727 935 807 probari
969 726 1103 806 debeat,
1138 727 1292 807 ponimus.

135 815 307 886 omittitur
333 822 417 888 enirn
449 821 504 886 ills
531 822 620 903 prior
642 840 733 903 pers,
765 825 841 890 dum
867 825 902 890 in
924 823 1042 901 alters,
1072 840 1155 902 quse
1185 824 1295 890 verbis

135 917 339 998 exprimitur,
354 920 456 985 maior
471 921 520 984 vis
535 921 663 999 insistit,
679 939 738 1001 per
753 923 963 1002 oppositionis
978 926 1173 1017 potestatem
1188 929 1292 989 aucta

128 1012 202 1080 -Scd
224 1017 343 1084 omissa
363 1017 583 1084 deductionis
605 1036 680 1099 pars
703 1028 761 1084 aut
787 1018 1034 1086 affirmationem
1062 1025 1119 1086 aut
1149 1020 1294 1102 negatio-

133 1129 209 1178 nem
230 1114 265 1180 in
288 1133 323 1180 se
346 1114 453 1193 babet,
477 1133 539 1195 quo
562 1114 608 1195 rit,
631 1124 669 1181 ut
691 1119 789 1184 verba
811 1121 894 1182 tund
914 1122 974 1181 seio
997 1136 1040 1179 un
1061 1117 1118 1196 rei,
1141 1135 1224 1199 utrae
1245 1117 1295 1184 di·

134 1212 241 1291 citur,
270 1219 329 1277 snt
356 1213 621 1293 improbationem
649 1221 707 1280 sut
735 1217 1001 1297 approbationem
1028 1214 1192 1282 adiiciant.
1227 1215 1295 1295 (Sic

133 1308 283 1378 Handius
305 1328 335 1391 p
355 1310 442 1389 314).
487 1309 567 1377 Cato
589 1319 669 1378 orat.
697 1330 756 1394 pro
779 1313 1028 1391 Rhodiensibus,
1059 1312 1161 1393 origp,
1184 1312 1289 1378 libii
1358 1320 1360 1323 ’

132 1407 275 1474 heluus:
309 1415 408 1487 Atque
438 1412 514 1472 baut
546 1414 606 1474 scic
632 1431 674 1474 rus
698 1419 817 1488 partem
844 1431 948 1475 eorum
980 1413 1104 1488 inerint,
1138 1413 1189 1488 qni
1216 1416 1292 1476 cett.

136 1505 300 1588 tbleyerus
324 1507 374 1571 ed.
403 1505 445 1581 Il,
469 1524 498 1586 p.
525 1512 598 1573 106:
631 1507 735 1588 ,baud
758 1510 825 1574 scio
846 1527 889 1574 an
911 1508 1022 1574 eodcm
1044 1526 1142 1576 seusu
1164 1507 1295 1577 dictum,

134 1621 202 1686 quo
225 1621 247 1668 a
268 1603 420 1670 Cicerone
443 1603 504 1668 dici
528 1604 665 1683 solem).
696 1605 800 1673 Plaut.
816 1607 909 1687 Epid.
926 1605 980 1686 IV,
1005 1611 1039 1686 l,
1064 1610 1118 1671 re:
1141 1608 1296 1670 maderio

136 1721 181 1768 urs
204 1706 393 1780 congredior,
416 1706 441 1765 si
463 1705 541 1765 baec
564 1714 637 1767 east.
683 1703 778 1771 Most.
803 1705 862 1785 ΙΙΙ,
885 1711 915 1785 2,
938 1709 995 1769 96:
1020 1724 1097 1768 nnnc
1121 1706 1198 1766 bunc
1221 1706 1296 1767 bns

135 1804 201 1866 acio
222 1819 264 1864 as
286 1806 449 1879 conloquar
468 1804 698 1877 .congredibor.
724 1803 900 1883 Utrobique
916 1802 1090 1882 loquuntur
1111 1800 1143 1866 in
1166 1805 1296 1867 cuuth·

139 1898 230 1964 bone
251 1895 463 1976 haesitantes,
493 1900 550 1964 sed
577 1900 619 1964 sd
647 1919 713 1965 rein
741 1900 898 1981 agendam
929 1900 1128 1966 inclinantes.
1173 1898 1295 1966 Eodem

135 1995 233 2066 modo
255 1994 384 2062 Terent.
406 1995 540 2075 Adelph.
564 1995 620 2076 lv,
645 2002 681 2076 t,
706 2003 760 2064 33:
793 2001 851 2073 Qui
872 1998 978 2064 inlelix
1000 2001 1121 2062 muscis
1149 2017 1190 2064 cn
1212 2002 1294 2060 illam

128 2099 248 2167 ,muers
269 2114 348 2158 nnnc
372 2103 460 2156 amat.
505 2092 756 2174 Ambiguitatcm
779 2094 884 2161 iubis
911 2094 1111 2161 offendemus
1133 2095 1294 2162 interdum

136 2209 274 2258 necesse
290 2191 368 2256 erit.
412 2190 465 2257 Sic
484 2208 536 2269 ap.
559 2189 688 2257 Terent
711 2192 807 2258 Andr.
832 2191 900 2271 ΙΙΙ,
919 2198 959 2268 2,
979 2198 1024 2264 ,44
1046 2209 1106 2272 sqc
1142 2196 1210 2256 Non
1243 2196 1298 2256 im·

136 2292 217 2371 pulit
239 2308 296 2361 me,
318 2292 393 2352 bsee
415 2308 494 2352 nuuc
517 2291 636 2352 omnino
659 2301 693 2353 ut
714 2293 880 2355 crederem.
910 2294 1002 2368 Atqui
1026 2292 1149 2353 Miceris
1162 2308 1206 2351 us
1219 2309 1296 2368 quse

139 2389 218 2452 lixit
239 2390 301 2450 sint
321 2405 393 2448 sera
414 2389 523 2461 omnia,
547 2387 632 2466 quod
654 2387 801 2454 Handius
824 2406 853 2468 p.
868 2390 929 2452 316
951 2386 1034 2454 bene
1056 2386 1102 2454 sie
1125 2386 1297 2468 explicuit:

140 2502 226 2567 „non
247 2482 377 2566 impulit
399 2500 459 2562 me,
481 2483 560 2550 baec
584 2491 621 2552 ut
642 2485 819 2566 crederem,
841 2490 939 2566 utque
962 2485 995 2563 (i.
1019 2503 1048 2550 e.
1064 2492 1098 2552 et
1116 2485 1207 2563 item,
1229 2485 1297 2550 sire

137 2589 176 2653 et
196 2582 292 2660 adeo)
314 2581 420 2648 omnis
447 2601 524 2647 vera
551 2602 624 2651 esse
652 2590 796 2666 possunt
839 2583 920 2649 Nam
950 2603 992 2647 sn
1019 2583 1139 2651 indicat
1159 2583 1296 2649 alienam

129 2688 175 2750 et
207 2681 401 2747 contrariam
430 2680 654 2747 sententiam.“
700 2682 844 2747 Alterum
873 2681 968 2747 huius
995 2679 1180 2749 offensionis
1208 2682 1297 2749 lucu-

137 2778 261 2847 lentum
285 2777 466 2858 exemplum
489 2776 585 2843 effert
608 2779 751 2845 nundine
772 2779 901 2846 Phorm.
924 2779 962 2860 V,
985 2783 1015 2860 2,
1038 2784 1076 2846 9:
1107 2782 1243 2843 Etiamne
1267 2783 1297 2843 id

137 2878 313 2943 dubiumst?
356 2875 423 2941 GE.
446 2879 583 2940 Haueris
606 2880 722 2954 hercle,
757 2888 790 2940 nt
813 2881 944 2948 homost,
972 2897 1014 2941 urs
1040 2888 1135 2943 nutet
1158 2882 1297 2945 animun.

137 2972 208 3043 DE.
232 2978 319 3049 uem,
341 2983 436 3038 mutet
459 2975 579 3039 summ?
624 2972 692 3040 GE.
715 2979 841 3037 Nescio:
866 2995 978 3051 uerum,
1000 2980 1026 3039 si
1047 2978 1137 3055 torte,
1161 2980 1239 3041 dico.

224 3069 247 3137 t
291 3071 360 3137 lum
382 3080 419 3137 ut
440 3071 482 3136 ad
505 3090 598 3137 usum
620 3071 798 3153 particulae
814 3091 856 3133 an
870 3073 902 3137 in
917 3072 1224 3153 interrogationibus
1239 3092 1296 3141 uos

137 3174 379 3249 convertemus,
412 3168 598 3235 bimembris
627 3169 728 3237 omnis
754 3174 805 3235 est
831 3169 1059 3250 interrogatio,
1094 3171 1127 3239 in
1163 3186 1228 3250 qna
1256 3190 1298 3235 an

135 3267 274 3341 albaram
290 3268 365 3337 ¹reru
394 3266 490 3335 alteri
516 3273 668 3348 opponat
722 3267 831 3345 Quare
860 3266 959 3335 etiam
985 3268 1019 3331 in
1045 3268 1297 3349 interrogatione

137 3364 334 3433 antecedunt
362 3371 484 3444 otram,
509 3371 613 3428 struis
632 3398 676 3411 -—
696 3384 748 3442 ne,
769 3385 826 3442 nc,
856 3363 908 3429 vel
937 3364 1100 3431 ¹omittitur
1130 3367 1162 3434 in
1192 3365 1298 3446 primu

136 3467 237 3545 perte
255 3463 427 3544 particula.
458 3462 496 3531 lu
520 3460 569 3527 bis
590 3482 634 3523 on
655 3464 785 3543 saepius
805 3461 883 3543 poni
904 3466 1013 3542 potest
1032 3462 1073 3529 ob
1088 3462 1297 3544 multiplicem

137 3558 392 3631 udnncnonen
424 3559 506 3627 livii
530 3560 702 3629 Andronici
716 3558 883 3626 Gladiolns
905 3559 1006 3639 (Fest.
1016 3577 1048 3640 p.
1062 3565 1124 3625 210
1136 3559 1180 3627 ll.
1204 3561 1299 3637 podes

136 3663 249 3729 annm
270 3676 329 3740 pro
351 3656 555 3740 pediculis‘l:
577 3663 732 3736 pulicesne
753 3677 796 3721 cn
810 3661 931 3721 cimices
945 3659 1000 3721 As
1013 3659 1128 3736 podest
1149 3663 1298 3737 responde

130 3760 221 3823 mibi.
265 3754 364 3821 Naev.
389 3754 617 3839 Gymnasticuu
638 3754 677 3822 fr.
700 3760 735 3823 2:
765 3766 863 3819 utrum
894 3765 941 3819 est
964 3758 1088 3825 melius:
1115 3759 1300 3836 strabones

135 3876 181 3923 aar
201 3856 318 3919 viduam
342 3873 464 3921 uxoren
489 3856 621 3921 ducere?
663 3852 801 3936 Lycurg.
825 3851 865 3916 ir.
891 3858 944 3917 ll:
968 3856 1017 3917 die
1039 3875 1097 3931 quo
1119 3863 1209 3934 paeto
1230 3874 1298 3923 eun

136 3956 229 4034 potiti
259 3955 345 4019 sitis:
372 3972 508 4029 mnus
536 3972 578 4017 sn
606 3951 702 4016 dotisl
746 3949 784 4016 ir.
817 3955 870 4015 14:
900 3953 1003 4027 Egone
1031 3971 1073 4015 ars
1102 3955 1154 4017 ille
1189 3954 1298 4019 inieris

138 4050 301 4119 Fuimus?
344 4048 632 4117 lurconibus:
660 4052 760 4122 utrubi
782 4051 919 4119 conaturi
942 4052 1031 4129 estis,
1062 4053 1159 4115 stetu
1180 4068 1223 4112 ss
1244 4053 1300 4116 tri·

128 4145 254 4215 elisio?
288 4147 384 4215 Ennii
407 4148 488 4215 Aiax
509 4145 549 4213 tr.
574 4154 609 4214 3:
631 4154 732 4211 strum
755 4151 846 4212 bacin
861 4147 966 4209 lerion
982 4165 1024 4209 cs
1045 4149 1083 4209 ab
1097 4151 1184 4213 laets
1198 4148 1300 4213 latus?

136 4244 363 4315 andromache
393 4243 610 4315 Aecbmnlotis
636 4246 674 4310 tr.
702 4251 741 4311 t:
775 4247 853 4320 Quid
880 4245 934 4306 titt
964 4246 1073 4307 saluo
1102 4248 1224 4311 meuse
1257 4263 1300 4311 an

132 4362 280 4411 umeros
303 4344 444 4421 addest
468 4345 557 4407 snos?
590 4341 682 4419 (Non.
694 4360 725 4424 p.
743 4346 828 4422 ⁷⁶‚2
851 4343 1011 4418 ‘umbrat
1031 4342 1168 4424 suget‘).
1191 4343 1297 4410 Plsut.

1023 4441 1087 4506 18*
