3125 5075
488 361 634 403 moenalus
650 357 882 400 anacicuhaauu.
1215 361 1276 425 365

214 569 242 614 ιι.
286 550 336 615 De
358 554 431 626 qaia
453 569 522 626 erpo
541 567 569 611 v.
593 548 696 614 Hand.
719 566 749 629 p.
773 551 845 612 455.
869 546 955 612 Asin.
978 545 1006 626 Ι,
1025 550 1051 625 1,
1070 548 1124 609 15:
1146 546 1226 622 Quia
1248 550 1280 604 tn

126 668 198 725 erpo
220 649 329 726 rogas?

215 763 242 811 o.
287 751 372 822 Exeo
394 749 489 823 ὁρίων
510 745 620 812 comici
643 742 766 824 antiqui
789 742 980 825 coniungere
1002 740 1160 814 solebant,
1181 741 1282 813 itaque

128 864 200 921 erpo
223 843 391 908 Terentius
419 844 507 910 dixit.
535 842 637 908 Plaut.
660 840 745 905 Trin.
768 839 834 915 ΠΙ,
857 847 890 919 3,
913 846 970 905 27:
1001 843 1065 915 Quo
1095 848 1184 915 pacto
1214 854 1283 912 erpo

127 947 226 1020 opiter·
246 944 300 1003 dos
323 944 457 1018 depromi
479 943 601 1020 potest?
644 939 772 1004 Terent.
796 940 877 1004 Eun.
893 939 935 1015 11,
960 944 988 1017 3,
1012 942 1069 1001 26:
1092 939 1199 1010 Itaque
1213 952 1284 1010 erpo

130 1047 276 1104 amantur.

215 1155 246 1217 p.
290 1136 338 1201 De
371 1136 457 1217 loco,
492 1123 587 1216 quem
618 1134 776 1218 particula
808 1135 965 1210 obtineat,
999 1151 1028 1196 v.
1059 1131 1219 1197 Handium
1252 1148 1282 1209 p.

131 1240 194 1300 466
219 1252 265 1313 sq.
310 1233 413 1300 Plaut.
444 1233 559 1301 Bacch.
590 1233 799 1312 11,3,1122
831 1237 891 1298 Ubi
921 1252 998 1294 nune
1031 1241 1078 1293 est
1105 1248 1173 1306 erpo
1200 1248 1284 1290 meus

132 1336 323 1395 Mnesilochu
372 1332 478 1396 filius?
524 1331 613 1397 Adde
647 1330 802 1410 Respium
834 1331 874 1397 de
908 1329 1016 1395 colloc.
1051 1328 1138 1392 verb.
1172 1345 1201 1407 p.
1231 1331 1283 1389 45.

132 1431 220 1496 Trin.
246 1353 359 1508 ΜΞ,
390 1435 464 1494 146;
498 1434 600 1509 Ipsus,
630 1434 764 1509 inquam,
794 1431 966 1492 Charmides
999 1447 1073 1492 sum.
1124 1423 1171 1489 SI.
1201 1429 1286 1499 Erpo

133 1526 306 1606 ipsusne's?

222 1631 270 1690 52.
316 1625 483 1690 Primitiva
505 1623 592 1689 notio
614 1622 792 1704 particulae
818 1624 912 1699 initur
933 1627 982 1688 est
1001 1624 1062 1692 ito,
1084 1620 1125 1685 ad
1145 1619 1285 1684 indican-

134 1726 209 1790 dam
233 1723 489 1802 consequentiam
513 1722 544 1786 in
568 1721 693 1788 collatis
715 1721 840 1786 duobus
863 1720 996 1786 iudiciis.
1025 1718 1203 1814 Relatiuam
1220 1716 1286 1780 sive

135 1821 416 1888 demonstrativam
441 1838 590 1885 vocamus
612 1818 694 1884 hanc
715 1818 790 1898 um,
813 1818 915 1898 qualis
938 1821 1074 1899 apparat
1095 1816 1169 1881 inis
1185 1821 1217 1878 et
1231 1818 1286 1891 ito,

135 1936 270 1998 eamque
294 1917 481 2012 adhibemus
503 1918 544 1983 ad
566 1916 815 1997 componendam
838 1917 995 1981 rationem
1022 1933 1093 1980 cum
1116 1932 1171 1992 eo,
1202 1909 1287 1992 quod

135 2033 333 2095 consequens
356 2021 415 2080 est.
459 2016 540 2080 Nam
564 2016 739 2097 praemissa
762 2013 940 2079 conditione
964 2015 1030 2080 sive
1052 2029 1148 2078 causa
1170 2009 1289 2091 apodo·

135 2116 195 2193 sin,
219 2131 300 2194 quae
323 2113 579 2194 consequentiam
595 2111 752 2193 exprimit,
766 2111 891 2176 format
931 2113 975 2175 Et
989 2115 1065 2177 sunt
1079 2109 1160 2174 aliae
1175 2107 1289 2172 dictio·

135 2231 210 2290 nea,
232 2211 264 2275 in
287 2211 403 2291 quibus
429 2214 524 2288 ἱρέων
553 2229 624 2276 cum
652 2208 760 2274 futuro
791 2210 999 2290 compositum
1029 2206 1287 2288 consequentiam

137 2307 303 2391 significat.
339 2308 412 2386 (Sic
439 2308 543 2373 Hand.
573 2307 635 2386 ΙΙΙ,
665 2326 694 2388 p.
726 2307 815 2382 135).
861 2307 976 2372 Festus
1010 2324 1037 2369 v.
1071 2309 1174 2382 Ipaur
1205 2319 1289 2366 nunc

138 2408 264 2489 quidem
295 2424 352 2485 pro
384 2405 601 2487 completionis
634 2402 864 2485 significatione
894 2404 993 2484 valet,
1023 2421 1105 2485 quae
1133 2405 1184 2467 est
1205 2420 1289 2477 erpa·

140 2507 196 2572 sed
221 2504 306 2585 apud
328 2503 475 2585 antiquos
497 2504 676 2586 ponebatur
702 2520 761 2584 pro
781 2504 851 2565 inde
873 2509 906 2568 et
932 2506 1180 2579 pontecellum.
1226 2501 1293 2564 Du-

138 2605 226 2670 bium
250 2610 299 2668 est
322 2622 397 2667 num
418 2601 481 2669 huc
503 2604 664 2685 pertineat
685 2621 724 2667 ex
746 2603 828 2684 legg.
854 2601 915 2667 llll
938 2601 1023 2666 tabb.
1047 2601 1072 2680 l,
1095 2597 1133 2665 ir.
1160 2604 1190 2662 1:
1214 2600 1245 2660 Si
1261 2601 1291 2659 in

139 2707 186 2762 ius
209 2713 305 2771 vocat,
329 2705 357 2761 ni
373 2705 406 2777 it,
431 2710 612 2776 antestator3
633 2703 728 2778 ipitur
748 2721 795 2763 am
817 2705 931 2779 capito,
953 2717 983 2764 v.
1000 2698 1147 2764 Dirksen.
1171 2715 1202 2777 p.
1221 2699 1292 2761 132.

142 2796 246 2860 Plaut.
271 2797 382 2876 Amph.
404 2797 430 2869 Ι,
456 2804 483 2876 l,
507 2805 563 2864 55:
585 2805 631 2863 sin
653 2804 743 2863 aliter
765 2803 845 2863 aient
866 2802 989 2864 animati
1012 2817 1106 2875 neque
1128 2798 1202 2869 dent
1217 2811 1293 2871 quae

143 2901 244 2972 petat,
275 2897 347 2955 Sese
376 2897 470 2969 mour
499 2916 612 2959 summa
632 2903 661 2959 vi
681 2901 813 2975 virisque
837 2917 938 2961 eornm
961 2899 1101 2974 oppidum
1124 2912 1293 2971 oppugnas-

143 3011 221 3067 sere,
246 3008 273 3053 v.
298 2989 428 3055 Taubm.
457 2991 498 3055 ad
520 2992 550 3056 h
572 2993 610 3056 l.:
638 2997 759 3072 ,aanor
780 2997 965 3075 praecincte
987 2994 1125 3073 explicat
1156 2991 1207 3057 hic
1228 2989 1294 3054 No·

141 3090 229 3168 nius,
261 3093 298 3152 ut
320 3093 354 3152 et
374 3089 519 3155 Donatus
541 3090 581 3155 ad
604 3090 676 3154 Ter.
699 3091 780 3155 Eun.
804 3089 838 3170 I,
867 3098 898 3166 l,
926 3090 974 3156 l.“
998 3091 1069 3156 hul·
1091 3089 1157 3168 ΙΙΙ,
1182 3096 1215 3167 5,
1239 3092 1293 3152 24:

142 3192 234 3250 Nulla
255 3189 349 3263 ipitor
371 3191 461 3263 dicat,
484 3207 512 3250 v.
538 3186 640 3253 Goell.
665 3185 734 3252 Cas.
757 3188 797 3267 II,
821 3192 850 3262 2,
864 3192 923 3252 40:
945 3190 1047 3264 Ipsae
1065 3197 1163 3250 tecum
1179 3191 1293 3263 loquar.

143 3286 211 3349 Mil.
236 3285 294 3364 ΙΙΙ,
320 3291 347 3364 l,
373 3291 449 3349 177:
475 3289 599 3361 Quando
619 3288 748 3364 habebo,
769 3289 865 3362 icitur
884 3288 1030 3349 rationem
1050 3303 1180 3347 mearum
1203 3284 1294 3346 labri·

143 3405 246 3447 aarum
268 3387 354 3449 dabo.
399 3384 510 3466 Amph.
535 3383 560 3463 Ι,
581 3390 607 3463 l,
633 3378 710 3449 1455
721 3386 830 3460 amour
851 3386 968 3446 demum
990 3386 1083 3461 magis
1106 3386 1248 3444 maiorem
1263 3385 1295 3443 in

143 3502 212 3546 sese
236 3486 386 3559 concipiet
407 3491 527 3560 metum,
550 3481 591 3546 ad
606 3498 634 3562 q.
651 3482 671 3546 l.
687 3481 861 3547 Barbam-2
885 3484 1015 3562 ,lcitum
1038 3486 1075 3545 ut
1089 3479 1163 3544 alibi
1180 3479 1294 3544 Plauto

144 3576 304 3660 significat
321 3578 478 3653 prmadef‘
523 3579 637 3645 Bacch.
660 3578 724 3657 ΙΙΙ,
754 3585 873 3659 4,19:
906 3582 1009 3656 Ipitur
1034 3583 1074 3641 mi
1103 3582 1184 3640 inani
1207 3587 1295 3655 atque

144 3684 227 3754 inopi
243 3679 487 3740 subblandibitur.

231 3776 258 3840 b.
302 3777 405 3851 lpltar
426 3776 542 3837 demum
563 3793 582 3839 a
604 3775 718 3841 Plauto
740 3775 866 3853 dicitur,
888 3776 972 3856 quod
995 3793 1059 3840 sec.
1077 3774 1236 3840 Handium
1252 3772 1296 3850 11,
1386 3771 1389 3775 ’

145 3892 176 3956 p.
202 3878 262 3939 252
286 3874 383 3938 etiam
405 3874 438 3938 in
460 3873 592 3956 epodosi
614 3874 753 3955 ponitur,
775 3881 813 3940 ut
834 3872 994 3955 significet
1015 3872 1116 3936 boun
1140 3869 1223 3950 etit,
1244 3871 1296 3937 vel

146 3978 184 4036 ut
206 3971 299 4036 modo
321 3971 507 4037 intendatur
529 3973 577 4036 vis
592 3973 833 4039 conrecutionis.
857 3971 969 4054 Amph.
986 3971 1011 4054 I,
1031 3977 1057 4043 1,
1072 3975 1130 4051 45,
1153 3970 1208 4036 ubi
1224 3969 1295 4034 vide

144 4070 288 4135 Lindem.
314 4074 347 4149 2,
374 4076 427 4135 ll:
460 4072 557 4147 icitur
577 4072 692 4134 damma
714 4090 816 4135 omnes
839 4075 945 4136 scient.
988 4069 1054 4148 ΙΙΙ,
1080 4075 1112 4149 1,
1139 4073 1191 4134 16:
1225 4073 1298 4133 Post

146 4173 241 4247 ipitrm
262 4171 377 4231 demam
398 4170 506 4231 faciam
530 4169 589 4247 [ut]
611 4189 660 4233 rea
683 4170 737 4232 fiat
757 4174 865 4246 palam.
910 4168 1005 4234 Most.
1024 4170 1074 4247 11,
1100 4173 1134 4242 l,
1158 4173 1213 4234 33:
1243 4171 1299 4230 mi-

146 4277 277 4331 aerumst
298 4288 383 4344 opus,
404 4269 508 4344 Ipsae
529 4270 644 4331 denam
665 4268 769 4331 fodere
785 4277 916 4348 puteum,
939 4271 989 4331 ubi
1005 4271 1070 4329 sitis
1086 4267 1188 4330 fauces
1203 4276 1298 4342 tenet,

144 4366 188 4430 ad
221 4384 250 4445 q.
290 4365 310 4429 l.
343 4364 491 4429 Taubm.:
518 4369 668 4446 ,Ipttur
693 4392 737 4416 =·
764 4365 916 4432 deinde.“
959 4363 1067 4429 Mero..
1095 4364 1163 4443 ΙΙΙ,
1197 4368 1231 4441 2,
1260 4368 1297 4428 9:
