3125 5075
198 352 553 425 3063041'.
568 352 614 393 XV.
640 352 790 393 moerente
824 349 1072 392 sswucllnioiwll.

202 547 336 609 consutis
366 545 453 606 dolie.
499 539 832 618 summaquense
856 542 966 602 tunicis
988 542 1208 603 consutisbnc
1231 541 1358 611 edreniq

201 663 260 706 non
284 644 371 705 dolis.
415 659 445 704 v.
472 643 543 705 233.
568 644 604 719 3,
628 643 679 704 40.
704 637 776 703 Aul.
800 637 855 710 lv.
889 641 943 714 10,
974 642 1008 701 l:
1035 640 1125 699 im
1154 657 1212 716 ego
1242 656 1307 700 snm
1334 648 1359 697 et

199 745 309 803 misere
336 742 482 816 perditus.
529 737 620 819 Capt.
649 735 704 813 lv,
728 740 765 812 2,
790 743 847 801 77:
877 740 950 798 Tum
978 744 1012 797 tn
1038 738 1079 796 mi
1106 739 1200 814 igitur
1223 754 1296 798 erus
1323 753 1359 799 er.

201 838 266 903 nit
296 840 394 897 Irene
425 839 616 898 benevolens.
661 831 737 897 cist.
768 832 820 914 11,
848 838 963 914 1,39:
990 835 1079 894 imo
1110 844 1209 896 neuter
1237 834 1358 911 quiden.

203 941 233 1015 3,
257 938 312 999 23;
335 936 434 994 Immo
456 932 521 994 init.
566 930 682 997 Bacch.
706 931 732 1010 l,
756 935 786 1007 2,
811 936 868 999 38:
891 934 990 992 Immo
1005 950 1103 1009 neque
1126 934 1250 994 hebetis
1273 948 1360 1007 neque

202 1037 306 1096 sinam.
350 1029 398 1105 ΙΙ,
423 1033 457 1099 2,
479 1034 536 1094 43;
562 1032 660 1091 Immo
683 1032 772 1091 etiam
796 1034 888 1108 prius.
933 1027 973 1107 V,
997 1033 1034 1108 2,
1057 1033 1112 1095 da:
1135 1032 1237 1090 Immo
1260 1039 1360 1105 egeto

201 1149 255 1193 oro
277 1138 312 1190 ιιι
333 1147 379 1191 me
402 1124 483 1190 intr'o
505 1129 645 1190 abducas.
690 1126 786 1192 Most.
810 1126 870 1207 111,
894 1131 930 1205 2,
953 1131 1010 1190 41:
1045 1130 1123 1190 Vino
1146 1138 1179 1190 ct
1202 1132 1302 1206 victu,
1322 1130 1359 1204 pi·

202 1236 288 1289 scete
315 1229 420 1302 probo,
444 1228 557 1287 electili
580 1227 679 1286 Vitem
702 1228 812 1289 colitis.
843 1225 907 1289 ΤΒ.
930 1227 1029 1285 Immo
1055 1229 1117 1287 vita
1138 1228 1272 1288 antebac
1295 1232 1360 1287 eret

203 1324 269 1388 Mil.
292 1321 333 1401 ΙΙ,
359 1327 387 1401 5,
412 1327 468 1387 32;
492 1322 609 1385 Mule's.
654 1321 720 1387 PH.
743 1326 842 1384 Immo
863 1332 984 1385 ecastor
1005 1328 1099 1385 stulta
1119 1327 1265 1397 multum,
1293 1340 1361 1400 qnae

203 1425 353 1485 vobiscum
376 1420 518 1483 fabulum.
563 1419 660 1486 Mero.
684 1419 739 1496 IV,
764 1426 794 1500 3,
818 1423 870 1486 36;
893 1422 992 1480 Immo
1014 1422 1089 1483 haec
1112 1432 1274 1498 sequestro
1297 1423 1360 1481 mibi

206 1523 316 1582 datast.
361 1516 479 1582 Pseud.
503 1516 542 1596 ΙΙ,
567 1522 596 1593 2,
623 1522 677 1583 15;
702 1522 796 1595 Quasi
819 1528 849 1580 te
872 1521 955 1581 dicas
977 1522 1148 1579 atriensem.
1168 1516 1249 1583 ·PS.
1272 1520 1362 1578 Immo

204 1619 330 1679 atriensi
366 1634 421 1692 ego
455 1619 569 1691 inpero.
616 1634 646 1679 v.
681 1620 740 1681 3οι
772 1619 871 1677 Immo
903 1618 997 1677 adest
1042 1614 1140 1679 Poen.
1165 1614 1212 1693 V,
1247 1622 1283 1693 4,
1310 1619 1361 1677 61:

201 1716 300 1774 Immo
321 1716 423 1775 hercle
448 1716 523 1791 dlxi,
553 1716 631 1790 quod
659 1717 804 1778 volebam.
849 1713 941 1778 Truc.
965 1711 1002 1789 V,
1026 1715 1076 1775 65.
1108 1711 1239 1778 Terent
1269 1712 1361 1777 Andr.

203 1812 236 1889 I,
262 1816 295 1881 1,
316 1815 350 1873 3:
383 1812 481 1870 Immo
508 1814 598 1874 eliud
644 1810 706 1888 Qui
736 1811 880 1890 loquitur
909 1808 1072 1888 seipsum
1102 1810 1241 1891 corrigit
1262 1809 1361 1874 Plaut

204 1908 281 1973 cist.
299 1906 347 1980 ΙΙ,
376 1912 401 1985 l,
422 1913 479 1971 45:
502 1910 615 1985 Immo,
638 1913 763 1986 mulier,
786 1911 865 1984 audi,
889 1927 984 1970 meam
1011 1917 1044 1969 ut
1066 1913 1145 1971 scies
1174 1912 1360 1972 sententiam.

204 2024 234 2086 g.
258 2005 454 2069 Removetur
477 2003 537 2069 hoc
567 2006 661 2071 modo
686 2006 782 2071 etiam
807 2004 939 2086 quaevis
969 2005 1137 2071 dubitatio.
1184 2004 1362 2069 Affirmatlo

205 2102 287 2168 enim
318 2102 427 2166 evadit
449 2121 488 2167 ex
510 2104 632 2169 reiecta
655 2103 816 2169 sententie
839 2103 953 2167 aliena.
1004 2103 1042 2167 Id
1073 2104 1271 2183 praesertim
1292 2108 1362 2183 post

204 2200 488 2280 interrogationem
511 2201 693 2281 negativam
716 2197 786 2266 fieri
807 2204 924 2282 potest.
946 2200 1049 2266 Plaut.
1072 2201 1144 2266 Aul.
1168 2199 1219 2276 ΙΙ,
1247 2208 1282 2281 1,
1306 2205 1359 2267 39:

202 2302 315 2369 Immo,
349 2301 447 2376 siquid
478 2302 535 2372 vis,
567 2319 648 2375 roga.
698 2299 813 2363 Bacch.
838 2298 893 2372 IV,
924 2303 958 2377 8,
986 2304 1027 2362 49
1051 2315 1133 2379 sqq:
1161 2303 1225 2361 lam
1259 2301 1359 2360 dudum

206 2401 309 2459 hercle
333 2400 470 2474 equidem
494 2401 600 2475 sentio,
625 2402 750 2475 suspitio
774 2401 856 2472 Quae
880 2407 910 2457 te
932 2400 1092 2459 sollicitet:
1115 2417 1182 2459 eum
1208 2417 1277 2460 esse
1301 2418 1359 2459 cnm

205 2500 260 2558 illa
286 2499 420 2557 muliere.
472 2491 532 2559 CL.
560 2498 657 2557 Immo
684 2508 730 2558 est
752 2514 877 2572 quoque.
924 2494 1018 2579 Most.
1043 2493 1106 2570 ΙΙΙ,
1130 2500 1164 2571 3,
1188 2503 1228 2561 4:
1252 2496 1362 2572 Ecquid

206 2598 362 2671 placeant,
395 2612 442 2655 me
467 2594 577 2670 roges?
608 2597 696 2654 immo
726 2598 828 2655 hercle
849 2612 920 2653 vero
950 2597 1135 2669 perplacent.
1183 2593 1302 2657 Pseud.
1325 2591 1362 2665 ΙΙ,

206 2698 244 2767 4,
270 2697 309 2756 37
334 2707 395 2770 sq.:
431 2693 463 2751 si
493 2711 595 2754 servos
626 2701 688 2770 est,
719 2693 868 2767 Numquid
899 2691 1015 2752 refert?
1060 2689 1116 2755 PS.
1153 2693 1254 2750 Immo
1276 2695 1362 2751 multo

206 2794 322 2851 mavolo
346 2808 432 2865 quam
456 2791 592 2850 liberum.
636 2789 766 2854 Terent.
787 2788 883 2852 Andr.
901 2787 964 2863 ΙΙΙ,
987 2793 1020 2862 3,
1046 2792 1097 2851 18:
1120 2791 1220 2848 Irumo
1237 2793 1280 2849 ita
1301 2793 1362 2850 volo

206 2892 306 2963 itaque
330 2891 504 2962 postulent
526 2888 586 2947 fiat.
632 2886 662 2950 h.
687 2886 749 2952 Ubi
773 2886 844 2966 quis
867 2887 985 2951 ironice
1008 2891 1057 2950 est
1079 2881 1207 2950 locutus
1224 2892 1281 2950 aut
1296 2904 1361 2949 nar-

207 2984 292 3047 ravit
313 2982 433 3062 aliquid
458 3001 529 3048 esse
554 2985 753 3062 simulatum,
776 2985 860 3048 alter
883 3002 941 3064 per
964 2982 1044 3048 hanc
1068 2982 1260 3063 particulam
1283 2983 1363 3046 affir-

208 3088 275 3146 mat
298 3099 364 3145 rem
392 3100 455 3144 non
485 3082 516 3144 in
545 3082 675 3146 dubium
704 3082 813 3147 venire
840 3089 897 3145 aut
924 3099 985 3144 non
1015 3089 1138 3145 tanturn
1164 3082 1272 3160 specie
1294 3099 1363 3145 con·

207 3186 302 3245 sture.
347 3179 451 3244 Plaut.
475 3179 567 3259 Epid.
594 3180 652 3259 ΙΙΙ,
677 3185 705 3257 3,
730 3182 1091 3243 39:1mmoitudecet.
1137 3179 1269 3242 Terent
1286 3180 1361 3243 Eun.

206 3278 266 3356 ΙΙΙ,
293 3285 319 3356 l,
346 3283 398 3343 18:
423 3281 491 3353 Hui,
515 3281 625 3352 Regem
643 3284 809 3354 elegantem
828 3299 940 3340 narras.
977 3277 1043 3343 TH.
1059 3281 1156 3337 Immo
1179 3282 1224 3338 eie
1242 3281 1361 3339 homost

205 3376 223 3437 i.
250 3376 384 3439 Ponitur
406 3374 474 3440 lere
497 3375 536 3438 ab
560 3375 650 3438 initio
681 3377 927 3452 enunciationis,
962 3376 1007 3439 sic
1036 3374 1139 3438 Plaut.
1164 3375 1238 3436 Aul.
1264 3375 1313 3451 ΙΙ,
1336 3378 1362 3451 2,

206 3477 261 3536 84:
284 3477 373 3533 terrmo
396 3477 445 3548 pol
472 3486 609 3548 optume,
634 3475 690 3538 sed
712 3474 871 3537 interdurn
896 3473 982 3537 aliud
1007 3472 1196 3537 vocabulum
1223 3473 1253 3535 ei
1277 3489 1365 3552 prae·

206 3571 343 3650 ponitur.
390 3571 442 3635 Sic
465 3571 535 3634 Aul.
561 3571 615 3647 IV,
645 3579 692 3646 10,
717 3578 771 3636 35:
796 3576 931 3648 Pernego
953 3575 1042 3630 immo
1065 3576 1139 3634 cett.
1164 3568 1261 3650 Capt.
1277 3568 1320 3647 Η,
1337 3573 1363 3643 2,

209 3672 282 3732 ΙΟ4;
307 3672 436 3744 Optuma
458 3672 555 3730 inemo.
588 3671 618 3733 k.
636 3668 771 3734 Cornicis
796 3671 916 3733 usitato
938 3674 989 3732 est
1011 3668 1107 3732 dictio
1129 3670 1221 3727 immo
1237 3671 1266 3728 ei
1279 3671 1363 3746 scias,

203 3769 292 3825 immo
314 3768 341 3825 si
363 3767 489 3834 audeus,
512 3783 574 3844 quo
599 3767 845 3846 colloquentium
868 3766 1065 3831 alteralteri
1089 3766 1192 3828 maius
1216 3766 1366 3846 opinione

205 3862 255 3928 vel
278 3864 369 3942 peius
392 3863 469 3942 quid
492 3865 631 3929 :tondum
659 3866 821 3945 cognitum
837 3865 957 3929 indicat
971 3866 1065 3944 eique
1081 3864 1279 3929 contrariam
1296 3881 1367 3928 sen·

205 3961 337 4024 tentiam
361 3960 483 4024 suadet
532 3961 698 4028 Interdum
721 3981 784 4026 non
806 3961 986 4028 absolvitur
1008 3979 1113 4027 sermo
1140 3967 1175 4025 et
1205 3962 1367 4026 sententia

206 4057 409 4138 intelligitur:
443 4061 538 4123 immo
562 4060 588 4124 si
610 4062 710 4140 scias,
733 4061 874 4125 mutabis
897 4059 1088 4125 sententiam
1104 4064 1213 4139 tuam,
1235 4057 1365 4139 sive,si

203 4154 297 4225 scias,
319 4174 382 4219 non
405 4157 544 4237 amplius
567 4176 712 4237 quaeres.
744 4158 837 4239 Epid.
860 4158 921 4236 ΙΙΙ,
944 4164 975 4239 4,
1002 4163 1055 4223 ld:
1079 4162 1182 4236 immo,
1208 4161 1235 4220 si
1251 4160 1364 4220 endias-

203 4251 318 4319 Bacch.
342 4253 399 4343 LV,
421 4263 451 4335 4,
474 4262 529 4319 47:
553 4258 650 4316 Immo
671 4260 699 4318 ai
719 4260 830 4320 audies
852 4277 928 4334 quae
951 4261 1033 4320 dicta
1048 4260 1123 4319 dixit
1143 4274 1190 4317 me
1207 4258 1364 4318 &vorsum

202 4353 267 4412 tibi.
312 4350 439 4418 Terent.
463 4353 542 4418 Eun.
566 4353 610 4433 ll,
631 4357 738 4435 ete:
760 4359 854 4418 Immo
877 4360 903 4418 si
926 4359 1013 4419 scies.
1036 4354 1056 4419 l.
1076 4353 1264 4419 Notandum
1280 4352 1366 4417 vide·
