3125 5075
210 501 272 559 300
650 489 807 531 ΒῦΒθΤΑΙΙΤ.
827 488 890 529 ΟΑΡ.
903 488 945 528 ΙΙΙ.

209 668 283 727 mibi
305 666 441 741 pecnnia.
485 662 578 729 Truc.
600 662 658 743 IV,
680 668 710 743 3,
733 669 790 730 45:
827 682 894 726 mco
915 666 979 726 illic
1002 680 1081 725 nunc
1106 660 1184 721 liunt
1205 659 1300 735 capiti
1318 677 1360 722 co

208 767 301 827 mitia.
345 769 376 839 4,
400 765 434 825 6:
458 765 508 837 qui
530 780 633 825 amans
657 771 787 824 tutorem
809 764 878 823 med
899 762 1054 837 adoptarit
1076 758 1216 833 bonis.⁸⁰l
1253 755 1360 822 Bacch

208 862 233 938 1,
258 868 287 938 2,
311 865 365 924 49:
411 863 464 921 Pol
486 869 585 921 metuo
608 863 718 935 magis,
755 879 792 920 ne
816 861 949 920 Phoenix
983 859 1043 920 tuis
1071 857 1162 929 factis
1188 854 1271 917 mam
1292 858 1360 920 cett

208 959 294 1022 Trio.
321 975 349 1020 r.
373 962 429 1020 81:
475 975 531 1031 ego
561 976 626 1018 meo
654 977 718 1018 snm
751 976 873 1034 promus
900 957 1026 1032 pectori·
1071 952 1159 1018 Asin.
1193 949 1233 1030 V,
1259 957 1290 1026 2,
1312 955 1354 1018 97

207 1060 293 1118 Nunc
317 1058 342 1117 si
365 1058 453 1116 voltis
475 1057 633 1130 deprecari
656 1057 724 1116 bnic
749 1058 814 1116 seni
838 1073 875 1116 ne
900 1057 1029 1129 vapulet.
1066 1048 1166 1115 Mero.
1189 1048 1232 1125 ΙΙ,
1255 1053 1288 1127 3,
1310 1052 1353 1116 88

208 1158 257 1214 Me
281 1156 334 1214 tibi
357 1155 438 1216 illam
460 1170 550 1229 posse
573 1155 679 1228 opinor
707 1155 859 1214 luculente
887 1154 1026 1214 rendere.
1070 1150 1138 1212 Tibi
1165 1150 1298 1212 vendere
1318 1144 1360 1212 bb

208 1251 292 1315 idenn
314 1255 373 1328 est,
397 1250 483 1330 quod
505 1256 562 1314 tuo
585 1248 720 1326 nornine,
745 1254 802 1312 tuo
825 1266 897 1313 curn
919 1249 1012 1314 lucro
1036 1254 1072 1312 et
1092 1244 1260 1312 commodo
1274 1242 1360 1308 alter

206 1348 353 1412 vendere.
398 1346 477 1412 cist.
515 1346 541 1426 1,
566 1352 594 1424 3,
618 1350 674 1411 24:
709 1351 814 1423 anue
837 1349 977 1410 educarit
996 1364 1062 1408 eam
1085 1347 1142 1407 sibi
1164 1362 1221 1420 pro
1244 1344 1360 1406 filias.

206 1450 261 1510 29:
285 1448 370 1506 duxit
391 1464 512 1507 uxorem
535 1448 584 1506 bic
605 1448 672 1508 sibi.
700 1444 794 1524 Epid.
820 1444 856 1523 V,
883 1450 910 1524 1,
932 1448 987 1508 22:
1008 1447 1093 1520 prius
1115 1445 1259 1515 renutet,
1283 1458 1360 1518 quau

206 1553 238 1604 tu
261 1545 407 1604 advenisti
430 1544 513 1604 milri.
537 1541 618 1606 Rud.
641 1542 667 1620 1,
692 1547 721 1621 2,
744 1547 800 1607 64:
824 1544 986 1606 Confracta
1008 1544 1091 1603 neris
1113 1543 1145 1601 iu
1167 1542 1274 1601 marist
1295 1539 1360 1600 iuis

205 1640 284 1704 Rud.
298 1638 341 1718 11,
365 1646 395 1718 4,
419 1645 475 1705 13:
499 1642 599 1704 Otium
622 1643 674 1702 ubi
696 1644 765 1712 erit,
788 1649 849 1702 turn
872 1643 926 1702 ts'bs‘
947 1658 1069 1717 operam
1091 1640 1164 1702 ludo
1185 1644 1219 1700 et
1241 1639 1360 1700 deliciae

205 1741 290 1802 dabo.
335 1736 433 1802 Poen.
457 1736 496 1817 V,
519 1744 548 1816 5,
573 1742 627 1802 30:
664 1741 741 1800 Num
764 1741 828 1817 tibi,
852 1740 1039 1806 adulescens,
1067 1739 1165 1798 malac
1186 1742 1242 1796 ant
1263 1736 1360 1796 dentes

204 1837 364 1914 pruriunt?
385 1835 481 1901 Pocu.
515 1834 575 1912 ΙΙΙ,
604 1840 634 1913 5,
660 1840 713 1899 ll:
751 1839 862 1898 Valent
882 1843 917 1896 ut
937 1838 1159 1912 postulatumst,
1183 1851 1287 1896 rerum
1309 1849 1360 1894 nou

204 1935 267 1995 tibi.
313 1932 385 1997 Aul.
423 1930 479 2011 IV,
507 1939 537 2008 4,
561 1938 594 1997 8:
639 1935 718 2010 quod
739 1936 796 1995 tibi
818 1936 997 2004 abstuleras,
1019 1931 1060 1996 ad
1082 1946 1112 2009 q.
1136 1929 1157 1993 Ι.
1182 1927 1360 1994 Goellema:

206 2031 247 2110 „i.
271 2048 297 2094 e.
321 2034 377 2095 tuo
400 2030 564 2096 commodo
587 2030 799 2096 abstuleras.“
834 2028 931 2096 Mero.
953 2028 1034 2110 prol.
1057 2046 1086 2093 v.
1111 2033 1170 2092 71:
1198 2030 1267 2090 libi
1288 2045 1360 2099 ιω,

203 2131 258 2191 tibi
280 2147 379 2202 occas,
402 2131 457 2190 tibi
481 2132 565 2206 seris,
589 2132 645 2191 tibi
664 2132 736 2191 item
759 2132 856 2192 metis.
902 2125 993 2208 Capt
1020 2124 1046 2205 I,
1072 2130 1099 2201 l,
1125 2128 1180 2190 12:
1217 2127 1360 2190 cochleae

203 2260 240 2270 -
268 2228 328 2288 Suo
352 2229 408 2288 sibi
437 2246 527 2289 succo
549 2230 665 2300 vivont,
693 2244 789 2305 quem
811 2225 953 2291 dativum
973 2223 1070 2305 vulgo
1092 2221 1235 2289 ethicum
1257 2220 1360 2302 appel·

203 2323 280 2400 lant,
302 2321 340 2387 cf.
356 2323 471 2388 Bacch.
494 2323 551 2401 IV,
574 2330 604 2402 9,
629 2330 684 2389 71:
707 2331 776 2387 tuus
798 2327 852 2387 tibi
874 2342 977 2387 servos
999 2330 1052 2384 too
1073 2323 1224 2383 arbitratu
1246 2322 1360 2384 ueniat

204 2421 294 2501 Capt.
317 2420 397 2502 prol.
421 2439 449 2485 v.
474 2428 510 2485 5:
534 2424 588 2484 Set
609 2426 636 2484 is
658 2443 716 2500 qno
738 2433 828 2500 paeto
851 2426 963 2485 serviat
985 2440 1039 2484 suo
1060 2422 1119 2482 sibi
1141 2422 1232 2495 pstri,
1254 2420 1289 2480 ld
1310 2435 1360 2494 ego

203 2522 253 2583 bic
276 2529 350 2597 aput
371 2541 423 2584 ros
446 2523 617 2598 proloquar,
641 2524 667 2583 si
689 2541 811 2598 operam
834 2522 921 2583 datis.
966 2518 1080 2599 Amph.
1105 2515 1130 2596 Ι,
1157 2522 1185 2595 l,
1211 2520 1287 2580 113:
1311 2521 1360 2577 nt·

204 2636 261 2694 qne
283 2622 345 2680 telo
369 2638 422 2679 suo
445 2621 503 2681 sibi
525 2621 603 2679 huuc
630 2623 745 2681 malitis
766 2638 786 2680 a
807 2619 921 2681 foribus
943 2621 1069 2695 pellere.
1115 2615 1209 2697 Capt-
1232 2614 1314 2696 prol.
1334 2632 1360 2676 v.

203 2717 259 2778 46:
283 2717 336 2777 Set
358 2718 520 2778 inscientes
544 2715 601 2792 [bi]
624 2735 678 2778 sua
700 2719 755 2778 sibi
779 2718 901 2779 foliacia
914 2719 962 2777 Ita
978 2722 1181 2792 conpararent
1197 2748 1239 2761 -
1256 2716 1360 2777 dolum.

203 2813 245 2877 ib.
268 2830 298 2873 v.
322 2816 376 2876 50:
414 2816 462 2874 Ita
484 2833 561 2875 nnnc
584 2819 724 2890 ignorans
748 2813 854 2890 [domi]
878 2833 931 2876 suo
954 2815 1010 2875 sibi
1033 2816 1126 2877 servit
1147 2815 1238 2888 patri.
1283 2809 1360 2875 Rud

203 2909 284 2986 V,3‚
303 2912 356 2972 18:
380 2913 430 2971 lus
446 2912 601 2972 iurandum
624 2915 669 2973 rei
692 2914 871 2992 serrendso,
895 2931 954 2974 non
975 2913 1149 2987 perdundae
1172 2913 1360 2987 conditu-st,

204 3023 298 3085 quern
313 3005 591 3072 Weissenbornins
614 3026 740 3089 quoque
761 3008 802 3072 de
824 3008 982 3089 gerundio
1005 3012 1038 3072 et
1059 3008 1239 3089 gerundivo
1253 3025 1286 3088 p.
1305 3008 1360 3072 lab

202 3103 360 3181 dativum,
397 3122 461 3169 non
481 3104 657 3185 genitivum
680 3124 752 3172 esse
775 3107 953 3185 existimat,
986 3105 1024 3171 ci.
1047 3106 1137 3171 Pers.
1170 3105 1228 3186 IV,
1250 3112 1282 3186 4,
1308 3111 1360 3171 ll:

202 3204 290 3263 rebus
313 3206 466 3265 servandis
487 3208 650 3279 centuplex
672 3224 773 3266 murus
796 3215 938 3281 parumst
982 3204 1078 3269 Most.
1106 3202 1168 3283 ΙΙΙ,
1191 3208 1221 3283 2,
1247 3209 1287 3272 69
1311 3200 1360 3285 (ci

203 3298 357 3364 Abrescb.
380 3300 422 3365 ad
444 3300 559 3365 Aesch.
583 3301 722 3382 t'boepb.
752 3321 780 3365 v.
806 3303 893 3382 loll:
939 3306 980 3364 nil
1010 3322 1110 3366 moror
1132 3306 1173 3364 rni
1194 3304 1360 3367 istiusmodi

201 3401 329 3460 clientis.
374 3397 441 3463 Mil.
464 3398 489 3475 Ι,
516 3406 543 3479 l,
567 3406 600 3464 5:
635 3420 702 3463 nsrn
726 3420 780 3478 ego
802 3405 878 3462 benc
901 3404 1092 3462 machaeram
1114 3403 1189 3462 mini
1211 3401 1360 3464 consolari

200 3498 276 3558 volo.
321 3495 394 3560 Aul.
417 3495 476 3573 ΙΙΙ,
500 3500 530 3577 6,
556 3502 608 3561 15:
637 3502 686 3574 qui
709 3501 781 3560 mibi
805 3503 899 3562 omnis
923 3504 1046 3576 angulos
1068 3501 1180 3560 Furum
1203 3499 1360 3575 implerint

199 3597 229 3654 in
252 3595 375 3656 aedibus
399 3599 507 3657 misero
530 3597 611 3656 mibi.
657 3593 750 3659 Most
773 3595 828 3676 IV,
852 3603 881 3676 2,
906 3601 960 3661 20:
983 3614 1149 3658 maxumam
1172 3598 1223 3672 qui
1247 3598 1294 3659 bis
1317 3598 1360 3657 iu·

199 3692 305 3752 iuriam
328 3695 455 3755 Foribus
479 3692 630 3768 defendat,
654 3694 739 3771 quod
761 3695 941 3774 exemplum
964 3695 1026 3759 iarn
1050 3694 1083 3758 in
1105 3691 1247 3757 sondro
1269 3690 1312 3772 (ᾗ.
1326 3692 1360 3769 8)

199 3788 328 3868 protuli,
352 3791 500 3869 quonism
523 3789 655 3854 dubium
678 3796 736 3870 est,
762 3798 836 3857 uter
857 3810 950 3857 casus
965 3788 1156 3856 statuendus
1171 3791 1223 3855 sit.
1247 3787 1360 3871 Amph.

199 3885 237 3961 V,
263 3891 290 3964 l,
315 3890 368 3950 60:
391 3898 525 3949 metuens
548 3892 661 3964 pueris.
685 3890 772 3954 Asin.
796 3889 822 3968 Ι,
849 3897 875 3968 1,
899 3894 957 3955 98:
975 3890 1121 3953 Proiecto
1142 3899 1262 3951 nemost
1275 3906 1360 3966 quem

199 3988 257 4047 iam
279 3987 387 4046 debinc
411 3996 539 4047 motuum
562 3989 643 4049 mihi.
689 3987 785 4053 Poen.
829 3986 890 4064 ΙΙΙ,
923 3994 948 4067 l,
973 3991 1007 4051 b:
1054 3989 1147 4050 metui
1173 4006 1242 4050 mco
1270 3989 1360 4050 amori

198 4102 320 4145 moram.
365 4081 436 4147 Aul.
461 4081 518 4162 ΙΙΙ,
543 4088 571 4161 2,
598 4089 652 4149 19:
682 4088 800 4149 Utinam
824 4106 891 4147 mes
913 4091 984 4149 mihi
1007 4089 1093 4148 modo
1116 4086 1263 4160 auferam,
1287 4102 1360 4164 qnae

199 4184 298 4253 attuli,
322 4185 413 4245 salsa
460 4181 572 4261 Amph.
596 4181 639 4261 ΙΙ,
663 4187 692 4259 2,
716 4188 794 4251 203:
825 4186 867 4247 Ut
887 4187 930 4245 mi
952 4194 1039 4246 extra
1060 4202 1150 4245 unum
1173 4193 1204 4244 te
1227 4187 1360 4248 mortuiis

212 4346 415 4354 ——·-—-

268 4414 304 4475 ⁸⁰)
324 4412 369 4467 Sic
387 4412 512 4470 Bothius.
532 4416 613 4486 Vulg.
632 4416 682 4485 qua·
698 4420 894 4470 mommoreto
911 4431 952 4470 me
969 4415 1115 4484 adoptabit
1130 4415 1154 4470 b.
1186 4418 1263 4488 Aeg
1283 4432 1360 4472 mos·

195 4499 325 4550 statorem
343 4496 405 4551 cred
415 4497 565 4566 adoptauit.
