3125 5075
212 361 275 419 388
681 348 809 389 ottonom.
823 347 886 388 OAP.
901 347 938 387 Vi.

190 530 290 590 'Mihi
311 526 497 603 praedicavit
519 523 650 594 mititem,
672 523 701 588 h.
722 540 749 589 e.
773 522 865 587 miles
887 527 947 602 est,
970 537 1064 601 quem
1089 526 1149 583 etc.
1187 518 1248 600 ΙΙΙ,
1268 528 1300 602 4,
1317 526 1349 589 3(

216 630 297 688 Heus
323 624 406 686 foras
434 624 551 683 educito
581 626 678 700 Quom
707 624 914 684 introduxistis
944 622 1107 695 fidicinam.
1153 616 1249 687 Most.
1272 622 1316 703 11,
1342 628 1349 688 i

214 730 269 787 74:
301 726 384 802 Quae
407 724 456 782 hic
477 727 609 783 monstro
630 722 719 795 fiunt,
753 739 830 781 auno
860 723 908 780 vix
930 721 1040 795 possim
1064 720 1173 793 eloqui,
1219 720 1258 802 V,
1286 727 1349 801 μῆ

215 824 330 884 Ostium
352 821 430 895 quon
449 822 479 879 iu
503 822 698 897 angiportust,
723 821 787 880 eius
809 818 941 894 patefeci
959 820 1043 882 foris.
1088 818 1174 888 Men.
1196 820 1240 901 II,
1264 827 1294 901 2,
1316 826 1349 887 st

221 921 383 981 Nummum
403 920 488 993 ilicem
509 936 594 992 quem
615 920 688 978 mihi
709 918 818 990 dudum
840 917 1002 991 pollicitu's
1025 920 1112 995 dare,
1135 925 1255 995 Iubeas,
1277 924 1303 983 si
1325 940 1349 983 ss

215 1022 291 1094 pias,
314 1019 468 1093 porculum
491 1017 605 1077 adferri
627 1018 695 1091 tihi,
726 1012 755 1078 h.
778 1033 806 1078 e.
829 1012 883 1077 illo
906 1032 1050 1094 nummo,
1081 1035 1176 1098 quem
1199 1025 1260 1083 etc.
1307 1016 1349 1082 Mi

218 1114 244 1193 1,
270 1118 368 1193 1,73:
390 1116 484 1176 Utin
507 1116 627 1175 tabellis
650 1131 721 1186 quos
743 1115 916 1189 consignavi
938 1114 1084 1192 [interim]
1105 1118 1265 1187 Latrones,
1287 1119 1349 1180 hibi

217 1216 399 1275 dinumerem
420 1214 609 1289 stipendium.
643 1208 685 1289 ΙΙ,
712 1215 739 1291 1,
763 1215 803 1275 62
826 1226 910 1290 squ:
933 1214 1008 1272 Nam
1029 1231 1123 1275 unum
1144 1217 1281 1278 melane
1304 1235 1349 1277 cor

198 1315 339 1375 'cubioae
370 1313 448 1387 quod
468 1312 551 1371 dedit
572 1312 676 1381 Miles,
710 1329 767 1385 quo
790 1327 877 1370 nemo
900 1312 958 1371 nisi
986 1329 1076 1387 eapse
1105 1312 1236 1374 inferret
1258 1315 1349 1390 peden

218 1415 253 1473 In
275 1428 311 1471 co
338 1413 474 1472 conclavi
497 1427 551 1485 ego
573 1408 721 1485 perfodiri
743 1410 899 1483 parietem.
937 1406 995 1483 ΙΙΙ,
1021 1412 1049 1487 1,
1073 1413 1106 1474 3:
1130 1430 1167 1471 ne
1191 1415 1308 1488 uspiam
1331 1415 1349 1472 ir

217 1511 311 1570 sidiae
341 1512 429 1583 sient,
454 1508 616 1569 Consilium
638 1506 716 1579 quood
737 1506 847 1567 hahere
870 1509 1018 1581 volumus,
1041 1505 1096 1570 uhi
1118 1506 1227 1571 Lina:
1253 1515 1349 1588 „atto

217 1605 323 1671 ctione
348 1605 428 1671 satis
451 1602 624 1683 frequenti,
653 1619 711 1682 pro
734 1619 787 1680 eo,
824 1603 909 1681 quod
931 1602 1098 1668 dicendum
1126 1610 1212 1670 erat:
1248 1608 1280 1670 ei
1303 1625 1348 1672 eor

219 1703 300 1783 silio,
331 1703 415 1781 quod
438 1701 557 1766 hahere
579 1701 735 1779 volumus,
756 1701 821 1779 vel,
844 1718 926 1779 quae
950 1700 1098 1766 usitatior
1121 1707 1171 1767 est
1193 1707 1349 1770 structuri

200 1810 268 1872 ne,
290 1803 369 1877 ouon
389 1802 542 1863 acontium
564 1804 670 1862 habuc
683 1802 826 1878 uolumus,
849 1802 876 1859 ci
890 1802 1006 1874 uspiam
1020 1802 1148 1864 insidiae
1161 1805 1250 1865 sint.“
1279 1802 1349 1867 Mer

219 1898 262 1977 ΙΙ,
288 1903 315 1979 1,
340 1901 373 1961 6:
396 1901 494 1960 Eine
517 1906 654 1973 noceret,
678 1916 767 1972 quum
789 1900 868 1959 domi
890 1908 960 1959 ante
983 1900 1071 1959 habui
1094 1913 1225 1974 capram,
1250 1918 1349 1980 prom

199 2011 344 2076 'caprae
393 1994 506 2061 Pseud.
535 1994 561 2075 Ι,
586 2003 614 2075 5,
646 2001 715 2060 114:
750 1998 919 2057 Tibicinum
944 1997 1029 2055 ilium
1055 2007 1122 2058 tuus
1149 2016 1240 2070 quam
1269 2009 1349 2075 gustu

218 2098 350 2171 deperit,
373 2098 419 2157 Ea
441 2098 659 2158 circumducam
681 2097 780 2170 lepide
804 2098 951 2156 lenonem.
996 2112 1024 2157 v.
1054 2100 1125 2158 137:
1148 2100 1189 2155 ht
1211 2116 1293 2158 nunc
1317 2100 1349 2159 dt

220 2196 309 2255 turba
334 2212 409 2268 qnos
439 2196 570 2256 statuisti
591 2194 755 2254 machinos.
800 2190 859 2270 ΙΙΙ,
880 2197 909 2271 2,
933 2196 988 2256 36:
1009 2196 1092 2271 Quos
1113 2194 1221 2253 nereus
1244 2196 1349 2269 pecua

221 2310 280 2352 uon
303 2294 403 2368 edunt,
426 2294 559 2354 homines
582 2293 681 2354 edunt.
717 2289 813 2353 Poen.
838 2287 897 2367 ΙΙΙ,
921 2296 950 2369 3,
974 2295 1029 2354 31:
1052 2293 1129 2352 hunc
1151 2292 1349 2367 chlamydato

221 2407 306 2464 quem
326 2392 419 2467 vides,
441 2392 480 2451 Ei
502 2393 585 2452 Mars
607 2392 703 2450 iratus
726 2397 782 2450 est.
827 2387 907 2451 Rud.
931 2388 1009 2467 prol.
1035 2393 1063 2452 9.
1091 2393 1145 2452 10:
1170 2391 1261 2466 Quist
1283 2394 1349 2465 impu

219 2494 303 2550 rator
317 2489 413 2551 divom
429 2496 518 2566 atque
533 2490 682 2549 hominnm
697 2488 842 2563 luppiter,
864 2490 894 2550 Is
915 2507 968 2550 nos
989 2506 1044 2564 per
1067 2490 1163 2564 gentis
1186 2485 1263 2564 [hic]
1285 2491 1349 2549 aliun

220 2589 280 2647 alia
302 2588 443 2662 disparat.
488 2585 543 2665 IV,
566 2592 595 2666 4,
620 2591 674 2651 21;
704 2588 791 2646 iilum
817 2604 901 2659 quem
924 2587 968 2663 [tu
992 2587 1061 2647 fano
1086 2585 1226 2661 Veneris]
1259 2589 1349 2646 Dudm

220 2685 351 2744 omnen
372 2689 539 2760 extrusisti,
573 2689 636 2746 eins
658 2687 788 2746 vidulum
816 2686 864 2744 hic
887 2687 1023 2745 eccillum
1039 2682 1181 2767 ⁴[hahet].
1228 2683 1267 2761 t',
1291 2687 1319 2760 2,
1339 2697 1349 2746 t

218 2799 270 2857 eoo
295 2784 348 2856 qut
373 2786 404 2843 in
432 2788 507 2846 mari
538 2785 684 2860 prehendi
710 2786 787 2844 Rete
816 2793 904 2858 atquc
932 2785 1037 2858 excepi
1064 2783 1209 2856 vidulum,
1245 2785 1272 2842 ci
1304 2784 1349 2843 dan

220 2885 335 2958 negatis
358 2888 522 2959 quicquam.
568 2877 729 2959 sciendi,
757 2886 782 2959 1,
807 2886 862 2944 50:
886 2883 962 2954 Quid
985 2883 1053 2941 istie
1075 2880 1176 2939 inest?
1220 2877 1272 2941 Pl.
1295 2882 1349 2956 Qm

220 2988 253 3039 tu
276 2981 346 3041 edes
368 2984 512 3044 colubros.
557 2978 648 3043 Truc.
673 2978 715 3060 ΙΙ,
740 2981 768 3059 6,
793 2985 850 3043 52:
884 2981 1074 3052 Paenitetne,
1098 2982 1168 3051 quot
1189 2980 1228 3037 mi
1252 2978 1349 3038 uiuit

198 3085 290 3138 ‘sunt
311 3087 372 3141 iam
398 3080 459 3140 —i
503 3080 632 3144 Terent.
660 3077 759 3141 Andr.
786 3076 866 3158 prol.
895 3094 924 3141 v,
949 3082 983 3141 3:
1017 3079 1127 3152 populo
1157 3082 1191 3135 ut
1218 3078 1349 3150 placarer

220 3199 295 3256 quos
316 3178 440 3241 fecisset
461 3181 590 3254 setulas.
637 3176 714 3256 prol.
737 3193 765 3239 a.
790 3179 848 3239 26:
882 3177 1011 3238 Posthac
1040 3194 1113 3250 quas
1143 3175 1237 3233 faciet
1270 3176 1307 3235 de
1329 3176 1349 3234 ir

221 3287 305 3354 tegra
328 3282 511 3352 comoedias,
536 3277 722 3354 Spectandae
744 3294 780 3336 an
805 3276 968 3352 exigendae
992 3276 1052 3334 sint
1073 3273 1156 3333 vohis
1180 3274 1273 3347 prius.
1296 3269 1322 3349 I,
1346 3278 1349 3334 ζ

223 3382 277 3441 12:
306 3380 391 3458 Quod
412 3379 502 3440 habui
523 3394 668 3438 asumma
686 3374 817 3448 pretium
838 3373 969 3449 persolvi
992 3372 1054 3431 tihi.
1099 3366 1125 3447 I,
1153 3373 1261 3447 1,20:
1295 3373 1349 3447 Qut

222 3478 319 3538 credis
342 3496 409 3538 csse
439 3479 507 3544 hus,
541 3494 600 3537 non
631 3481 700 3534 sunt
728 3489 816 3534 verae
845 3474 975 3546 nuptiae.
1020 3467 1074 3546 IV,
1106 3473 1132 3547 l,
1162 3471 1215 3531 58:
1250 3471 1349 3530 restiti

227 3591 312 3648 quem
335 3593 353 3635 a
374 3593 420 3634 me
442 3575 587 3649 accepisti
610 3574 714 3634 iocum
752 3567 832 3633 Eun.
848 3566 927 3649 prol.
944 3585 974 3630 v.
991 3571 1046 3630 20:
1069 3585 1158 3641 quam
1181 3586 1259 3628 nunc
1282 3573 1349 3628 actu

224 3690 324 3733 sumus
346 3674 503 3733 Menandri
527 3674 722 3739 Eumcchum,
751 3676 906 3745 postquam
930 3667 1042 3726 aediles
1063 3675 1215 3736 emerunt,
1246 3665 1349 3726 Perfec

222 3771 281 3832 sibi
302 3778 335 3831 ut
361 3771 540 3846 inspiciundi
568 3777 649 3830 essct
679 3769 772 3843 copia.
817 3763 877 3844 ΙΙΙ,
903 3770 929 3841 l,
953 3768 993 3827 59
1017 3779 1077 3841 sq.:
1115 3765 1220 3823 metuit
1248 3780 1348 3838 sempe

222 3885 307 3940 quem
336 3869 401 3943 ipsa
423 3888 500 3930 nunc
523 3871 604 3945 capit
619 3869 774 3935 Fructum,
797 3864 953 3939 nequando
976 3864 1069 3922 iratus
1093 3870 1125 3920 tu
1148 3864 1207 3921 alio
1228 3860 1349 3921 confers

222 3961 283 4042 ΙΙΙ,
308 3970 336 4043 3,
363 3969 416 4029 18;
452 3969 518 4029 Nisi
540 3969 565 4028 si
585 3967 641 4027 itin
664 3966 741 4025 forte
763 3981 840 4037 quoe
862 3965 932 4023 olim
954 3962 1044 4036 periit
1064 3962 1189 4035 parvola
1209 3960 1287 4019 Eam
1310 3977 1349 4020 sci

198 4064 353 4125 'intendit
380 4082 454 4126 esse.
499 4063 553 4145 IV,
582 4071 610 4143 3,
643 4069 696 4127 ll:
731 4063 914 4123 Eunuchum
941 4076 1025 4132 ortem
1051 4057 1160 4117 dedisti
1189 4059 1275 4119 nohis
1305 4076 1349 4134 qut

226 4163 329 4223 turbas
352 4164 443 4222 dedit.
488 4160 612 4226 Phorm.
637 4160 714 4241 prol.
739 4178 767 4223 V.
792 4166 826 4222 4:
858 4160 915 4233 Qui
935 4159 979 4216 ita
1001 4157 1129 4230 dictitat,
1152 4173 1227 4229 quos
1250 4158 1349 4216 anteht

225 4257 299 4318 fecit
320 4259 451 4332 sabulos,
480 4264 572 4322 Tenui
596 4280 660 4325 esse
684 4261 827 4321 oratione.
873 4255 915 4334 ΙΙ,
939 4260 969 4332 4,
993 4257 1048 4316 21:
1082 4256 1111 4314 Is
1134 4255 1211 4327 quod
1231 4256 1305 4314 mihi
1327 4255 1349 4314 d

225 4356 304 4415 derit
326 4360 361 4418 de
384 4360 439 4420 hac
463 4377 495 4420 re
517 4359 683 4428 cuntium,
711 4357 741 4418 id
765 4373 881 4432 sequar.
926 4351 963 4431 V,
986 4356 1015 4430 8,
1041 4356 1094 4415 54:
1124 4357 1282 4426 orontium
1303 4371 1349 4427 pm
