3125 5075
659 351 699 391 ns
709 352 857 393 PERSOMB.
1280 361 1340 422 201

269 537 378 603 Tertia
406 556 545 621 persona
576 540 770 622 generaliter
804 545 838 605 et
870 537 1033 606 indefinite
1066 541 1172 622 posita
1201 547 1252 607 est
1284 559 1344 623 pro

182 633 288 717 prima
308 634 413 701 Plant.
436 636 680 720 llil.11,a‚21:
708 641 807 700 Hane
829 640 981 713 quidamst
1001 641 1053 717 qui
1073 642 1130 703 ecit
1151 641 1230 717 quod
1252 660 1341 718 quae-

183 736 228 808 ris
249 737 302 796 uti
325 738 378 811 sit,
399 763 443 785 ==
464 753 525 817 ego
548 755 629 808 sum,
651 737 707 817 qui
729 736 796 802 scio
819 734 936 816 (Rudd
952 735 996 817 Il,
1010 755 1041 819 p.
1059 741 1132 818 384,
1154 738 1261 803 ednot.
1279 741 1342 814 53).

183 830 314 898 Terent.
338 831 463 898 Phorm.
486 833 513 914 1,
536 840 565 914 2,
592 841 624 899 l:
655 838 754 912 Siquis
777 854 824 897 me
847 843 972 913 quaeret
998 837 1083 899 ruina
1106 883 1138 902 ..
1162 837 1229 901 DA.
1252 840 1344 900 Prae·

183 937 276 1006 etoet,
316 931 419 995 desine
452 958 496 985 ε
523 937 655 1015 praesto
691 951 777 1012 sum,
813 949 886 997 narn
919 933 989 1014 ipse
1027 931 1177 1015 loquitur.
1217 933 1341 1013 (Rudd.

184 1044 218 1109 p.
246 1032 333 1105 384).

274 1125 421 1192 Secunda
435 1145 573 1207 persona
588 1146 812 1209 nonnunquam
828 1127 991 1195 indefinite
1006 1128 1136 1210 ponitur
1150 1147 1208 1210 pro
1224 1130 1344 1209 quevis.

184 1222 241 1290 Sic
263 1223 366 1289 Plaut
390 1223 483 1291 Troe.
506 1225 555 1305 ll,
581 1233 616 1306 l,
643 1232 700 1292 19:

231 1325 387 1401 Nunquam
410 1328 551 1386 amatoris
574 1329 763 1388 meretricem
786 1334 906 1403 oportet
929 1345 1046 1389 causan
1072 1343 1206 1401 noscere,

232 1423 319 1496 Quin,
343 1423 393 1482 ubi
415 1423 457 1483 nil
481 1423 541 1501 det,
565 1443 620 1500 pro
642 1425 833 1502 infrequente
855 1426 1005 1501 καίων’)
1028 1419 1153 1487 militiae
1176 1426 1302 1486 domun.

186 1515 316 1583 Terent.
339 1517 437 1584 Andr.
460 1518 525 1600 111,
551 1525 583 1601 1,
607 1525 641 1585 2:
668 1525 804 1586 Fidelem
835 1523 914 1584 haud
943 1523 1037 1584 ferme
1068 1526 1185 1585 mulieri
1213 1524 1347 1584 aeonem

186 1618 294 1692 urum,
323 1634 383 1698 pro
407 1620 474 1697 quis
495 1622 636 1682 inveniat.
687 1619 814 1686 Phorm.
840 1618 882 1699 ΙΙ,
908 1626 936 1699 1,
960 1624 1016 1685 35:
1046 1639 1147 1682 omnes
1170 1629 1346 1697 congruont.

186 1717 288 1780 Unum
309 1718 452 1791 eopatrrte,
474 1720 569 1779 omnis
590 1722 683 1795 nerse,
699 1747 743 1768 =
758 1718 787 1783 si
809 1718 880 1798 quis
903 1735 1001 1783 unum
1022 1718 1216 1798 cognoverit,
1238 1734 1348 1782 omnes

186 1811 283 1877 norit
307 1809 447 1877 Offendit
470 1831 548 1879 usus
570 1816 729 1881 secundae
750 1833 906 1897 personae
936 1833 995 1896 per
1015 1815 1248 1897 appositionem
1271 1831 1345 1880 curn

186 1912 257 1986 quia
278 1909 464 1976 semunciae
488 1909 568 1977 cato
590 1912 627 1976 R
648 1913 687 1977 R.
710 1930 736 1977 e.
760 1917 836 1978 106:
860 1917 958 1989 siquis
979 1918 1047 1990 plus
1069 1915 1147 1976 voles
1169 1931 1264 1990 aquae
1286 1931 1347 1975 nra·

187 2010 274 2072 rinae
296 2010 496 2089 concinnare,
517 2030 573 2087 pro
596 2015 734 2087 portione
756 2030 794 2073 aa
816 2014 915 2074 omnia
936 2012 1037 2077 tacito.

197 2149 201 2154 -
277 2104 311 2171 Si
336 2105 369 2170 in
391 2125 456 2172 una
477 2107 700 2174 enunciatione
722 2108 910 2174 coniunctae
933 2114 1009 2174 sunt
1036 2108 1177 2175 secunda
1197 2112 1230 2173 et
1251 2107 1349 2172 tertia

189 2221 329 2287 persona
351 2204 571 2271 intercedente
593 2206 752 2287 particula
772 2209 850 2285 aiei,
880 2206 927 2271 ita
952 2212 989 2273 ut
1018 2213 1154 2286 utroque
1175 2205 1348 2287 separatim

188 2307 373 2386 spectetur,
398 2303 531 2368 verbum
553 2304 683 2384 ponitur
705 2303 739 2370 in
760 2305 859 2370 tertia
880 2321 1035 2385 persona,
1065 2309 1179 2386 utpote
1201 2320 1285 2384 quae
1308 2303 1352 2368 sit

189 2400 373 2485 generalior
395 2405 428 2466 et
450 2400 621 2466 secundam
642 2402 720 2467 item
742 2402 776 2467 in
797 2420 833 2468 se
854 2401 1005 2468 melodas
1039 2400 1091 2468 Sic
1112 2401 1217 2468 Plaut.
1234 2400 1349 2482 Amph.

188 2495 237 2581 Π,
258 2502 288 2577 2,
314 2503 387 2565 112:
414 2502 489 2580 Quia
515 2503 606 2578 igitur
632 2502 692 2564 aiei
713 2520 765 2565 coe
786 2504 928 2564 aurrovtt
954 2504 995 2564 mi
1025 2504 1071 2565 illi
1094 2510 1126 2564 ut
1148 2500 1351 2578 fuerit'proe·

188 2598 285 2663 lium?
327 2597 456 2663 Terent.
479 2597 597 2663 Heaut.
628 2597 665 2675 V,
690 2605 719 2680 3,
742 2604 801 2665 20:
828 2604 903 2664 Tum
924 2610 1085 2678 praeterea
1112 2603 1203 2662 talem
1235 2602 1297 2662 alei
1318 2604 1351 2660 a

190 2699 279 2783 aelio
299 2702 424 2774 pareret
456 2699 564 2776 filiurn,
594 2696 634 2760 de
667 2714 731 2778 quo
758 2697 829 2764 loco
857 2698 961 2765 Rudd.
989 2716 1020 2779 p.
1048 2702 1128 2765 364:
1157 2694 1351 2778 „Principali

191 2794 403 2875 substantivo,
427 2795 496 2860 sive
517 2795 678 2876 propiori,
700 2796 767 2862 sive
789 2797 968 2877 remotiori,
991 2797 1183 2863 adiectivum
1204 2795 1257 2861 vel
1280 2811 1371 2882 rer·-

190 2893 269 2963 llnm
292 2894 400 2976 aptius
422 2892 711 2973 accommodatur‚“
735 2898 769 2959 et
790 2894 866 2961 ibid.
889 2894 996 2960 adnot.
1022 2900 1060 2960 17
1072 2918 1079 2958 ε
1104 2894 1186 2975 „Hic
1207 2893 1352 2972 verbum,

190 2996 232 3057 nt
253 3008 326 3057 eum
346 2991 586 3073 principalium,
615 2990 662 3055 ita
688 3008 760 3057 cum
787 2992 939 3058 viciniore
968 2994 1133 3074 supposito
1167 2995 1253 3057 aella
1280 3008 1352 3067 con·

191 3090 310 3159 veuitf‘
356 3090 411 3156 Sin
437 3108 516 3156 vero
544 3089 647 3171 prima
674 3106 745 3155 curn
777 3089 916 3156 secunda
945 3088 997 3154 vel
1023 3090 1129 3171 prima
1151 3107 1223 3154 curn
1252 3087 1349 3153 tertia

191 3207 333 3273 persona
353 3188 386 3255 in
407 3207 503 3255 unam
525 3187 687 3254 notionem
710 3187 1038 3268 comprehenduntur,
1065 3187 1199 3253 verbam
1222 3185 1353 3267 ponitur

194 3290 229 3355 in
250 3288 355 3371 prima
375 3305 515 3370 persona
535 3285 680 3369 pluralis.
703 3290 817 3367 utpote
832 3302 915 3365 quae
937 3286 980 3352 sit
994 3286 1102 3367 potior
1117 3301 1214 3364 qnam
1228 3281 1352 3349 alterae

191 3387 277 3455 illue·
321 3386 375 3455 Sic
395 3385 498 3452 Pnut.
521 3382 638 3451 Pseud.
661 3383 693 3464 I,
716 3389 746 3458 3,
770 3391 805 3450 4:
833 3388 896 3446 lam
926 3386 977 3447 diu
1006 3403 1057 3462 epo
1087 3384 1156 3447 huic
1183 3392 1214 3445 et
1243 3385 1284 3444 mi
1306 3383 1355 3445 lic

192 3488 270 3553 bene
291 3488 437 3551 ames.
481 3482 608 3550 Terent.
637 3480 774 3564 Adelph.
797 3480 830 3561 I,
853 3487 891 3559 2,
915 3487 969 3550 23:
999 3501 1096 3561 nequo
1125 3500 1180 3559 ego
1202 3498 1298 3558 neque
1322 3489 1354 3541 tu

194 3586 333 3649 holmus.
378 3581 422 3664 11,
446 3587 474 3659 2,
501 3582 537 3647 5':
560 3584 628 3658 Epo
651 3583 835 3660 vapulando,
857 3581 907 3643 elle
929 3583 1130 3653 verberando,
1152 3598 1245 3658 usque
1268 3578 1355 3641 cneo

192 3682 307 3749 Mens
329 3700 440 3747 aenea
1290 3726 1293 3731 -

284 3776 427 3847 Offendit
452 3777 543 3845 locus
571 3777 668 3844 Ennii
693 3776 797 3844 annal
825 3775 937 3859 llll,
959 3775 998 3843 fr.
1023 3783 1077 3858 15,
1104 3777 1160 3843 ubi
1180 3790 1355 3860 pronomen

197 3876 531 3960 secundae-personae
546 3873 764 3942 intercedente
780 3892 871 3957 pron
893 3874 1030 3942 relativo
1052 3895 1125 3943 cnm
1147 3875 1245 3943 tertia
1265 3872 1356 3939 verbi

194 3968 399 4063 eonipnctum
423 3981 487 4043 est:
521 3979 639 4052 Vosque
668 3979 748 4039 lares
776 3983 889 4038 tectum
912 3993 1018 4038 nornen
1048 3971 1223 4056 (Bergkius
1245 3970 1357 4038 scribit

193 4076 351 4149 nostrum)
397 4079 449 4150 ecs
489 4075 622 4137 funditus
667 4078 783 4137 aeona
848 4071 1013 4138 Charisius
1058 4069 1120 4150 IV,
1157 4090 1186 4152 p.
1226 4075 1288 4137 239
1321 4068 1354 4132 Ρ.

269 4306 304 4374 ι·)
327 4307 420 4361 uae·
449 4310 537 4378 Δορ,
565 4284 597 4364 u'e
621 4308 703 4364 mem
730 4307 818 4376 vulga
841 4307 923 4361 Βοιι.
941 4308 1036 4373 aee,
1058 4316 1130 4372 quae
1144 4302 1221 4371 „meur
1247 4318 1357 4373 quoque

195 4391 339 4465 sciptura
355 4390 464 4451 videtur
482 4406 544 4447 eree
563 4390 740 4447 reridnilior
976 4416 981 4429 ι
