3125 5075
509 374 595 412 CASUS
611 371 878 412 suusrhuuwouml.
892 391 917 400 -
931 370 1063 411 DATIVUS.
1293 380 1354 439 311

211 542 322 611 lnusl.
343 544 405 610 inc.
419 544 486 611 sed
511 543 552 611 ir.
567 551 621 612 11:
644 548 699 610 tus·
720 550 785 610 vitu
805 549 864 609 Seu
886 565 966 609 mors
987 548 1018 607 in
1039 545 1148 608 mundo
1172 553 1228 607 est.
1251 541 1357 610 Satur.

207 643 268 710 lut.
291 641 364 709 libr.
392 641 432 708 ir.
454 651 490 708 4:
533 649 599 709 llos
627 649 688 709 erit
715 649 770 708 tibi
793 654 997 722 argumentum
1018 661 1137 721 semper
1159 644 1191 704 in
1216 651 1358 719 promptu

204 746 307 805 situm.
351 739 532 807 Telamonis
566 740 605 807 ir.
630 748 658 823 1,
692 761 721 808 u.
746 747 825 809 355:
867 746 944 805 bene
970 744 1053 805 osso
1073 744 1127 816 sit,
1159 743 1238 803 msle
1258 742 1356 803 molis.

203 839 312 932 Plani.
336 839 450 919 Amph.
473 839 512 919 V,
537 847 564 920 1,
588 844 621 905 6:
644 846 751 906 Animo
773 847 891 906 molest.
934 838 1029 904 Ennii
1050 836 1178 919 Thyest.
1213 836 1251 901 ir.
1275 842 1305 916 5,
1327 856 1356 902 u.

205 942 289 1003 395:
331 940 466 1016 Namque
492 958 615 1018 regnum
644 943 814 1016 suppetebat
839 942 889 1000 mi.
933 936 1037 1002 Pluut.
1068 934 1149 1000 Rud.
1179 934 1222 1014 Π,
1245 943 1276 1015 4,
1299 939 1356 1001 36:

204 1036 384 1114 confugiam
405 1040 490 1099 hinc:
513 1040 627 1101 iteres
649 1042 784 1116 suppetit
806 1036 913 1115 [mihi].
957 1033 1073 1099 Pseud.
1094 1032 1121 1113 I,
1144 1037 1173 1112 3,
1199 1038 1278 1097 100:
1315 1038 1358 1097 Ut

200 1136 293 1197 hodie
316 1137 356 1196 sd
369 1138 534 1197 litationem
557 1138 625 1199 huic
648 1144 790 1213 suppetet
811 1139 904 1197 setius
926 1137 997 1197 Iovi.
1021 1130 1115 1196 Ennii
1138 1137 1236 1196 satur.
1257 1131 1278 1196 l.
1300 1131 1356 1208 VI,

199 1250 226 1295 u.
250 1236 311 1301 30:
338 1236 415 1309 Quid
437 1252 543 1296 censes
565 1236 681 1296 doudm
705 1253 773 1297 esse
796 1235 906 1297 enimi?
941 1231 1067 1296 Terent
1090 1227 1223 1309 Adelph.
1247 1228 1303 1309 IV,
1326 1234 1356 1311 5,

203 1334 259 1395 tl:
299 1332 381 1406 Quid
403 1333 450 1392 illi
471 1334 590 1394 tandem
613 1334 736 1395 creditis
763 1335 842 1395 Fore
869 1333 960 1394 unimi
980 1330 1110 1391 misero?
1139 1327 1234 1392 Ennii
1256 1326 1357 1393 Atha-

206 1427 321 1493 nsnus
343 1425 381 1491 fr.
404 1447 433 1493 u.
458 1432 519 1494 148
541 1446 602 1509 squ
646 1433 707 1492 His
734 1439 802 1492 erut
831 1433 862 1491 in
887 1446 939 1491 ore
962 1429 1113 1502 Bromius,
1140 1428 1187 1489 his
1219 1428 1356 1490 Bocchus

213 1535 302 1602 pstor,
326 1528 400 1589 luis
419 1529 539 1604 hyssus
561 1530 630 1590 vitis
653 1531 791 1591 inventor
813 1545 927 1590 socrus.
971 1523 1097 1589 Terent.
1121 1524 1180 1588 Ad.
1204 1522 1230 1603 Ι,
1253 1529 1355 1603 2,13;

212 1626 347 1687 horest
367 1628 448 1685 mnne·
463 1628 583 1702 popuii,
614 1640 644 1687 et
668 1622 703 1703 iit
725 1624 829 1688 olion
851 1621 894 1686 im
916 1618 1054 1693 illustr,
1091 1639 1164 1702 pro:
1202 1636 1233 1685 et
1254 1619 1355 1699 iltius

208 1715 328 1784 Vlunbc
351 1720 460 1787 oller.
483 1722 577 1787 Ennii
599 1723 658 1788 inc.
682 1728 765 1803 trag,
787 1719 900 1802 irsgm.
926 1726 957 1785 1:
984 1722 1192 1797 Philosophum
1214 1729 1261 1783 est
1280 1722 1356 1782 suut

211 1837 338 1883 necesse.
381 1819 489 1885 -Plout
513 1820 589 1886 cist.
613 1819 655 1901 II,
678 1826 708 1901 3,
730 1824 789 1885 82:
812 1824 897 1882 Nunc
919 1821 990 1881 mihi
1013 1821 1108 1881 house
1130 1836 1284 1882 necessum
1307 1826 1356 1883 est

211 1934 268 1979 esse
293 1921 442 1994 ingratiis.
488 1919 579 1984 Tmo.
602 1919 640 1996 V,
666 1924 694 1998 1,
721 1922 758 1982 10
782 1934 865 1998 sqq.:

286 2023 388 2082 Puero
404 2026 493 2094 opust
514 2022 627 2081 cibum:
652 2037 726 2094 opns
748 2026 796 2079 est
817 2025 917 2078 nutem
932 2020 1021 2078 matri
1035 2035 1111 2094 quoe
1126 2036 1250 2094 puerum
1265 2020 1353 2095 iuvit,

284 2120 370 2194 Opus
392 2119 503 2178 nutrici
525 2126 636 2193 sutem,
664 2124 761 2177 utrem
780 2124 814 2175 ut
836 2116 945 2175 hshest
966 2118 1076 2177 veteris
1094 2118 1155 2178 uini
1177 2119 1309 2193 largiter.

211 2212 292 2280 hoc
306 2214 351 2295 11,
365 2217 395 2293 6,
414 2217 453 2277 19
477 2215 553 2292 (sec.
577 2214 721 2293 Kampm.
745 2212 785 2276 dc
807 2214 859 2273 AB
881 2228 911 2290 p.
935 2213 975 2275 23
997 2210 1097 2275 troch.
1120 2210 1351 2293 septenarium:

212 2315 285 2376 hunc
309 2316 366 2375 tibi
389 2324 486 2388 opust,
510 2313 568 2388 (sic
590 2310 699 2391 Both,
729 2309 814 2389 vulg.
838 2327 911 2383 opus
931 2308 987 2383 est)
1016 2328 1135 2387 segrsm
1164 2318 1197 2372 ut
1218 2318 1249 2372 te
1272 2312 1351 2373 sdsi·

211 2416 303 2475 noles.
351 2408 465 2489 Amph.
497 2407 539 2488 ΙΙ,
565 2412 670 2489 1,81:
715 2411 791 2471 Mihi
818 2411 895 2469 istnc
922 2410 1049 2483 primum
1071 2411 1247 2485 exquisitost
1268 2427 1352 2485 opus.

214 2506 329 2575 Gurcul.
359 2506 401 2586 ΙΙ,
425 2514 454 2588 3,
478 2512 533 2573 23:
577 2510 718 2570 celeriter
744 2508 818 2568 mihi
844 2507 962 2567 homine
992 2514 1168 2571 conventost
1195 2526 1278 2585 opos.
1313 2505 1352 2588 V,

216 2613 236 2686 1,
252 2612 289 2673 6;
313 2612 384 2686 quis
406 2610 478 2669 mihi
501 2610 665 2684 quaesitost
685 2625 770 2683 opus.
795 2602 887 2667 Cure.
910 2602 953 2680 ss,
976 2608 1005 2682 3,
1028 2609 1083 2670 43:
1104 2626 1175 2686 nem
1197 2610 1257 2669 illis
1281 2626 1351 2669 con·

214 2711 297 2770 tenth
322 2725 395 2769 sanc
418 2725 492 2782 opus
514 2715 560 2767 cst
581 2706 653 2766 meis
671 2690 817 2764 usust
862 2700 960 2766 Merc.
983 2702 1024 2781 Π,
1048 2708 1077 2784 2,
1101 2708 1156 2768 58:
1193 2708 1258 2768 Hoc
1281 2706 1352 2766 mihi

215 2808 295 2868 most
322 2825 406 2882 opus.
452 2801 541 2882 Cupt.
565 2800 590 2879 Ι,
615 2808 643 2879 2,
667 2804 722 2864 61:
751 2803 862 2861 milites
885 2821 959 2878 opus
987 2810 1057 2864 sunt
1078 2806 1141 2865 tibi.
1186 2802 1273 2868 Pers,
1296 2802 1351 2880 IV,

213 2909 235 2980 4,
253 2909 312 2968 35:
352 2912 494 2979 opusnest
515 2904 571 2962 hec
593 2902 648 2961 tibi
670 2899 791 2974 empta?
834 2896 901 2961 DO.
948 2902 979 2961 Si
1000 2903 1056 2962 tibi
1078 2905 1244 2965 vaenissest
1266 2922 1350 2981 opus,

212 3000 275 3063 lini
308 3018 425 3078 quoqne
454 3008 591 3075 emptast.
636 2995 764 3059 Terent.
793 2993 920 3060 Phorm·
954 2996 1015 3077 ΙΙΙ,
1043 3003 1073 3075 3,
1101 3004 1157 3065 24:
1203 3004 1351 3078 Quantum

209 3115 273 3174 opus
306 3107 356 3161 est
382 3101 437 3160 tibi
465 3096 601 3174 argenti?
649 3091 765 3157 Hesut
796 3092 834 3169 V,
864 3098 891 3171 l,
920 3098 974 3158 20:
1012 3098 1145 3173 Spousse
1173 3110 1286 3162 vestem
1309 3133 1351 3143 -

207 3213 272 3273 opus
297 3216 376 3259 esse.
422 3193 525 3258 Pluut.
548 3191 643 3255 Most.
672 3189 750 3270 hs,
774 3194 829 3254 93:
875 3197 997 3268 speculo
1019 3199 1048 3256 ei
1072 3215 1143 3258 usus
1165 3205 1219 3258 est.
1263 3197 1350 3260 Asin.

205 3291 225 3372 Ι,
249 3301 276 3373 l,
302 3299 358 3358 76:
382 3296 495 3370 Viginti
517 3295 575 3353 iem
598 3300 683 3351 usust
705 3290 766 3352 lilio
791 3293 908 3366 urgenti
929 3295 1025 3353 minis.
1053 3291 1168 3357 Pseud.
1191 3293 1216 3373 Ι,
1243 3300 1269 3372 l,
1293 3298 1350 3359 48:

204 3395 292 3468 Quem
322 3396 422 3454 subito
450 3399 575 3467 urgento
604 3390 646 3448 mi
671 3406 742 3449 usus
770 3389 891 3449 invento
920 3393 985 3452 siet.
1029 3390 1144 3455 Pseud.
1178 3390 1203 3470 I,
1232 3396 1261 3469 2,
1289 3396 1349 3456 49:

205 3493 282 3565 Quor
306 3509 362 3566 ego
385 3499 496 3551 vestem
520 3504 622 3549 surum
645 3492 734 3562 utque
758 3503 795 3547 es
821 3489 926 3561 quibos
954 3496 1001 3550 est
1022 3492 1105 3552 vobis
1122 3510 1208 3553 ossus
1231 3493 1349 3566 praehi-

202 3589 274 3652 beo?
298 3587 426 3652 Terent
450 3584 567 3650 Heaut.
589 3581 617 3660 I,
646 3585 674 3660 1,
698 3585 756 3646 28:
785 3586 861 3645 Mihi
883 3589 926 3648 sic
949 3597 996 3648 est
1017 3606 1103 3650 usus:
1130 3590 1186 3651 tibi
1207 3597 1241 3650 ut
1262 3597 1351 3664 opust

201 3686 289 3765 iscto,
312 3687 392 3748 foce.
414 3684 455 3749 ib.
478 3703 506 3747 v.
523 3687 580 3748 29:
603 3686 652 3743 An
673 3683 860 3758 quoiquamst
881 3704 951 3746 usus
973 3688 1086 3748 homini
1108 3707 1140 3748 se
1162 3694 1195 3748 ut
1217 3687 1350 3748 cruciet?

201 3782 300 3849 uhu.
347 3785 433 3845 llihi.
478 3781 555 3846 Heu.
579 3778 639 3856 111,
664 3784 692 3856 l,
714 3784 770 3843 47:
794 3782 860 3842 Non
883 3802 954 3845 osus
976 3784 1088 3848 lostost
1108 3788 1189 3847 mihi.
1231 3785 1349 3849 Hesut.

199 3879 275 3961 Ι,2,
299 3885 356 3949 36;
392 3884 448 3943 tibi
477 3883 548 3958 quid
577 3897 615 3941 ex
634 3897 689 3939 usu
712 3880 778 3939 siet.
822 3878 926 3944 Plaut.
949 3881 1062 3947 Bacch.
1086 3882 1131 3963 II,
1155 3889 1183 3961 3,
1210 3889 1261 3948 1οε
1299 3885 1350 3945 ubi

199 3985 266 4045 nist
286 3981 390 4043 lilius?
412 3979 507 4043 Poeu.
532 3978 570 4054 V,
594 3980 624 4055 2,
650 3977 725 4039 108:
749 3994 816 4037 uem
838 3981 914 4040 miti
936 3984 1058 4044 sobrius
1080 3985 1261 4060 Ampsigurs
1283 3983 1348 4061 (Ap

199 4078 410 4159 lmpsegurs)
438 4087 490 4140 tus
512 4087 607 4139 nster
634 4076 691 4135 tuit
717 4071 874 4148 (Restiost
909 4078 988 4143 tenu
1020 4080 1104 4145 telus
1126 4078 1253 4145 liiuttet
1284 4079 1347 4143 unt

199 4173 236 4256 ich
263 4177 324 4240 tois
349 4188 454 4239 morou
483 4169 739 4255 &duritetlintt
782 4174 880 4240 Merc.
910 4177 949 4258 V,
972 4182 1002 4258 2,
1026 4183 1083 4244 23:
1127 4185 1237 4243 Nescio
1260 4183 1349 4257 quote

201 4294 252 4338 vox
275 4277 313 4338 od
335 4279 417 4339 suris
438 4278 480 4335 mi
501 4278 660 4338 advolavit.
704 4276 820 4359 Amph.
846 4277 872 4359 I,
899 4283 924 4356 l,
950 4281 1024 4345 169:
1062 4281 1126 4340 Vox
1146 4281 1188 4339 mi
1211 4280 1249 4340 sd
1267 4281 1348 4341 euris

202 4375 352 4437 succurit.
396 4372 477 4438 Rud.
499 4390 528 4437 v.
552 4378 630 4440 232:
675 4397 732 4440 vox
759 4379 797 4440 sd
824 4380 905 4440 suris
935 4378 1132 4438 estiterit
1177 4375 1309 4441 Truel
