3125 5075
276 523 338 586 358
566 514 629 554 ΟΔΙ).
643 514 686 556 XV.
714 513 860 554 Ducuntur
888 511 1134 555 prohemiorum.

275 709 378 767 micas.
422 703 617 780 1v‚n‚2o:
645 707 724 783 Quin
746 707 827 765 caim
855 708 921 782 plur
950 706 1027 768 dedi.
1072 703 1199 768 Terent
1231 699 1359 765 Phorm.
1385 695 1426 776 ΙΙ,

277 805 385 879 2,18.
430 801 727 881 Hec.111,l,3l.

361 898 390 964 b.
435 901 484 965 Dc
512 904 591 961 caim
619 900 653 964 in
680 899 930 981 interrogatione
959 898 1065 979 posito
1088 896 1161 964 vide
1184 894 1289 962 Hand
1312 913 1343 976 p.
1367 898 1428 960 383

199 1065 201 1069 ,
275 1014 322 1077 sq.
368 995 470 1062 plaut
494 997 607 1080 Amph.
629 992 680 1077 Π,
704 1002 741 1076 2,
766 1002 821 1063 62:
845 999 923 1075 Quid
945 1000 1023 1060 coho
1044 995 1174 1059 censes?

360 1112 387 1158 c.
431 1097 525 1158 Enim
547 1093 645 1161 habet
666 1094 729 1161 vim
750 1094 1005 1161 asseverationis.
1050 1092 1103 1160 Sic
1132 1091 1236 1158 Plaut
1259 1090 1346 1157 Trin.
1370 1090 1428 1173 ΙΙΙ,

275 1196 314 1271 2,
336 1196 393 1258 82:
416 1195 581 1255 Nonacrim
603 1212 723 1270 possum
746 1198 816 1272 quin
840 1198 1012 1259 exclamem.
1049 1192 1180 1258 Terent.
1203 1190 1302 1258 Andr.
1319 1188 1380 1268 111,
1402 1193 1430 1270 2,

278 1294 336 1357 23:
358 1292 448 1355 Certe
471 1294 550 1352 enim
571 1295 642 1354 scio.
1166 1327 1179 1362 ,

360 1388 389 1452 d.
435 1387 639 1454 asseveratio
662 1387 831 1455 coniuncte
853 1407 923 1456 esse
946 1392 1053 1470 potest
1077 1406 1149 1456 cum
1165 1387 1303 1467 quadem
1328 1386 1430 1451 ironia

276 1491 333 1551 aut
353 1504 423 1550 cunr
446 1485 595 1550 irrisione
618 1491 675 1551 aut
697 1504 766 1551 curn
790 1486 1015 1567 indignatione.
1039 1485 1156 1565 (Hand.
1173 1504 1202 1566 p.
1219 1490 1305 1557 391.)
1328 1483 1433 1550 Plaut.

277 1581 369 1665 Capt.
392 1582 458 1661 111,
481 1592 515 1663 4,
547 1586 598 1648 36:
629 1587 672 1646 Tu
702 1588 780 1645 enim
809 1582 971 1661 repertu’n,
994 1586 1197 1648 Philocratem
1223 1587 1274 1661 qui
1306 1601 1432 1660 superes

277 1684 453 1750 veriverbio.
485 1681 526 1744 od
559 1697 588 1760 q.
623 1680 642 1743 l.
677 1680 835 1747 lindam:
874 1682 954 1762 „Vis
986 1682 1108 1747 ironiae
1142 1679 1321 1763 particulae
1357 1683 1434 1741 arim

276 1778 420 1862 proxime
442 1777 568 1843 accedit
590 1779 630 1843 ad
653 1778 822 1844 cavillandi
851 1780 1028 1860 notionem,
1059 1798 1141 1860 quae
1168 1787 1219 1844 cst
1244 1780 1276 1842 in
1301 1778 1432 1844 vocibus

275 1880 432 1956 citiarum,
454 1897 569 1952 rampe,
591 1879 714 1946 aalma,
741 1876 857 1955 quibus
885 1879 1081 1943 contrarium
1110 1878 1155 1957 ei,
1186 1877 1271 1957 quod
1302 1876 1433 1946 dicitur.

277 1973 484 2055 significatur.
518 1973 617 2040 Recte
640 1973 761 2040 scilicet
775 1974 869 2055 dicis;
897 1982 934 2041 tu
956 1975 1054 2053 enirn,
1075 1994 1095 2040 o
1115 1973 1261 2049 ridicule,
1284 1980 1435 2054 repertus

277 2090 325 2146 es,
349 2074 402 2150 qui
426 2072 638 2137 Philocratem
660 2072 835 2139 veracitate
861 2073 980 2139 vincas.
1029 2072 1099 2139 Hoc
1124 2077 1190 2147 eet,
1219 2089 1314 2137 nemo
1343 2069 1435 2137 facile

276 2188 328 2235 me
351 2177 483 2250 superat
504 2170 696 2249 veracitate,
718 2170 819 2236 multo
849 2176 957 2238 autem
988 2177 1023 2237 tu
1051 2168 1184 2236 minus.“
1230 2169 1320 2234 Trin.
1352 2168 1378 2249 Ι,
1407 2173 1433 2247 2,

278 2274 335 2336 23:
358 2272 568 2345 Nemeorum
591 2279 636 2346 tu,
660 2271 767 2347 credo,
791 2289 838 2332 me
859 2273 1071 2347 inprudentem
1093 2271 1275 2345 obrepseris.

363 2386 390 2433 e.
435 2365 708 2432 asseverationem
730 2366 891 2446 particula
916 2368 1005 2433 addit
1031 2366 1221 2446 imperativo
1250 2371 1285 2430 ct
1312 2364 1432 2436 futuro

277 2469 362 2550 quod
384 2483 442 2548 pro
475 2464 662 2546 imperativo
691 2464 828 2546 ponitur.
883 2465 986 2532 Plaut.
1023 2465 1118 2531 Most.
1147 2463 1185 2546 V,
1214 2470 1248 2544 2,
1280 2469 1334 2529 12:
1371 2468 1434 2527 lion

277 2571 354 2630 euim
375 2569 444 2628 ibis:
480 2585 534 2643 ego
564 2565 662 2627 ferare
691 2564 775 2643 sexo,
806 2574 839 2627 nt
867 2570 1016 2644 mernisti,
1047 2571 1076 2627 in
1101 2584 1229 2628 crucem.
1276 2564 1368 2628 Pers.
1394 2562 1434 2642 ΙΙ,

280 2672 309 2744 2,
327 2672 376 2730 54.
421 2662 534 2727 Caecil.
552 2661 632 2727 stat.
654 2661 714 2726 inc.
730 2660 791 2726 fab.
808 2662 919 2745 fragm.
936 2670 972 2728 4:
995 2665 1114 2737 auferte
1129 2666 1216 2725 istam
1233 2666 1310 2723 enim
1328 2681 1434 2738 super·

280 2768 366 2827 biam.
618 2811 620 2814 .

364 2859 384 2925 i.
429 2863 523 2922 Enim
543 2858 628 2923 idem
651 2863 702 2922 est
723 2857 807 2937 quod
827 2861 981 2923 mirrwero.
1006 2859 1160 2934 (v.Hand.
1175 2877 1206 2939 p.
1220 2857 1308 2937 392.)
1331 2857 1434 2922 Plaut.

280 2959 351 3023 Cas.
375 2957 442 3037 ΙΙΙ,
469 2963 504 3035 l,
529 2963 581 3021 ll:
611 2977 689 3019 nuuc
717 2958 795 3016 enim
822 2964 852 3018 te
885 2959 1000 3019 demum
1029 2961 1141 3019 nullum
1170 2961 1276 3019 scitum
1306 2961 1434 3020 scitiust.

249 3041 475 3122 'Menaechm
499 3053 546 3132 ΙΙ,
572 3059 603 3133 1,
627 3058 682 3118 26:
707 3058 796 3132 llam,
820 3058 896 3117 illoc
919 3058 995 3116 oraim
1018 3059 1108 3119 verbo
1130 3058 1190 3116 iam
1212 3074 1278 3118 esse
1300 3074 1349 3117 me
1373 3073 1433 3117 scr·

279 3175 345 3219 vom
379 3157 449 3217 scio.
495 3152 622 3217 Terent.
657 3151 782 3216 Phorm.
808 3152 840 3228 Ι,
864 3157 977 3245 2,,63,;
1013 3157 1166 3229 obsecrat,
1202 3156 1241 3216 Ut
1276 3156 1334 3214 sibi
1371 3157 1434 3215 eius

278 3254 372 3319 faciat
395 3250 521 3329 copiam.
545 3255 598 3313 illa
619 3254 697 3312 enirn
720 3270 751 3313 se
774 3259 873 3326 negat.

365 3369 394 3432 g.
439 3349 477 3414 In
504 3348 730 3428 responsione,
758 3347 825 3413 sive
852 3348 1059 3429 interrogatio
1086 3347 1248 3412 antecedit
1275 3346 1345 3412 sive
1375 3345 1437 3412 alin

278 3452 326 3519 rei
354 3448 510 3530 expositio
536 3446 670 3511 alterius
703 3463 869 3512 assensum
897 3447 1027 3525 excitat,
1058 3450 1134 3508 enim
1162 3446 1201 3510 ab
1229 3463 1267 3508 eo
1295 3446 1437 3524 ponitur,

281 3550 443 3630 quirem,
466 3546 505 3610 de
529 3564 592 3625 qua
615 3546 737 3626 agitur,
761 3552 912 3610 accurate
935 3542 1045 3608 definit
1067 3550 1123 3609 aut
1144 3545 1198 3622 oui
1226 3542 1346 3607 dictarn
1370 3560 1437 3607 rem

281 3646 419 3712 offirnrat
451 3654 508 3710 aut
541 3662 612 3708 curu
642 3643 777 3722 quadarn
806 3642 1007 3708 conclusione
1040 3645 1080 3707 ad
1114 3643 1270 3707 rationein
1303 3641 1437 3706 reducit

282 3746 392 3812 Oratio
423 3762 518 3825 saepe
547 3743 594 3806 itu
623 3741 743 3820 pergit,
774 3741 866 3819 quasi
890 3758 944 3818 ea,
975 3758 1056 3819 quae
1079 3740 1149 3818 quis
1177 3745 1272 3804 antea
1302 3740 1438 3817 dixerat,

281 3845 321 3909 ab
338 3863 385 3918 eo,
400 3842 453 3922 qui
471 3840 652 3919 respondet,
668 3839 754 3903 dicta
769 3847 885 3904 essent
919 3837 980 3911 (Sic
1003 3838 1145 3902 Handius
1161 3856 1192 3917 p.
1210 3841 1295 3903 394.)
1335 3839 1437 3905 Plaut.

283 3942 352 4009 Cas.
376 3942 425 4013 ΙΙ,
450 3946 489 4019 5,
515 3945 568 4003 15:
590 3940 704 4011 Negavi
726 3940 805 3997 ervim
827 3941 886 4012 ipsi
909 3956 954 3998 rna
978 3955 1189 3998 concessurum
1211 3940 1284 3998 Iovi.
1325 3941 1354 4013 6,
1382 3941 1435 4002 14:

282 4044 354 4103 mihi
376 4040 476 4101 cniva?
520 4035 633 4101 Bacch.
657 4033 712 4113 IV,
736 4042 771 4114 4,
795 4041 850 4099 51:
874 4030 968 4098 natm
991 4039 1032 4096 nil
1056 4039 1112 4096 nisi
1136 4042 1168 4095 nt
1190 4039 1297 4098 ametis
1322 4041 1437 4112 inpero.

280 4138 376 4204 Most.
399 4136 458 4215 ΙΙΙ,
485 4142 512 4215 l,
538 4140 594 4200 24:
619 4136 696 4209 Quid
720 4144 782 4195 tuta
807 4134 926 4195 tecum?
971 4131 1034 4196 Tit.
1063 4136 1145 4195 Nihil
1168 4138 1256 4196 enim.
1302 4135 1369 4199 Mil.
1399 4133 1438 4211 ΙΙ,

282 4243 317 4317 5,
343 4242 397 4301 19:
422 4239 516 4298 Enim
538 4253 575 4295 ne
606 4232 685 4309 [nos]
710 4242 826 4292 nosmet
854 4233 1071 4307 perdiderimus
1100 4237 1225 4308 uspiam.
1279 4233 1369 4297 Pera.
1398 4230 1437 4307 ll,

282 4339 320 4415 2,
342 4339 400 4400 to:
423 4339 504 4396 Male
528 4351 649 4408 operam
672 4335 765 4392 locas.
811 4327 870 4393 SO.
904 4331 981 4404 Qui?
1025 4329 1118 4394 ΡΑΕ.
1149 4333 1226 4405 Quia
1256 4334 1335 4394 enim
1367 4333 1437 4392 nihil

283 4454 381 4512 amas,
406 4452 492 4509 quom
521 4435 668 4507 ingratum
698 4447 789 4492 amas.
835 4427 962 4492 Terent.
992 4427 1088 4491 Andr.
1121 4427 1166 4507 ΙΙ,
1199 4435 1234 4509 2,
1268 4435 1323 4494 23:
1352 4432 1436 4491 Certe

282 4540 362 4597 enim
384 4537 453 4596 scio.
499 4532 577 4596 Hoc.
601 4526 639 4605 V,
661 4532 699 4605 4,
725 4531 778 4591 1οε
808 4529 858 4588 Nil
881 4528 975 4602 eninr,
1010 4526 1051 4591 ad
1083 4545 1112 4607 q.
1147 4526 1165 4590 l.
1198 4527 1437 4594 Schmiederus:
