3125 5075
286 337 345 399 164
715 330 852 371 neuun.
868 350 888 358 -
906 330 969 373 one.
983 331 1033 371 xn.

282 522 365 581 aurei
388 520 592 597 perhibentur,
619 522 659 582 ut
681 522 775 582 istuec
799 521 894 593 sudat
914 522 993 596 qnod
1017 527 1049 580 tn
1075 522 1193 582 metuis.
1240 517 1337 583 Truc
1362 517 1401 598 V,
1423 537 1451 581 v.

283 620 339 681 27:
364 616 538 691 Quomodo?
560 615 625 680 PH.
650 620 713 679 Hoc
736 621 833 694 modu,
856 622 891 679 ut
912 621 1056 680 molestus
1079 635 1117 679 no
1139 619 1190 695 eis,
1215 614 1271 681 ubi
1294 623 1333 677 ut
1355 614 1449 681 simul

283 712 448 777 consilium
473 713 630 793 exprimit,
654 711 685 794 tn
710 709 770 792 bui
796 712 837 795 id)
861 712 1003 796 municipe,
1033 709 1093 791 boi
1120 712 1164 777 bu
1192 718 1268 779 cett.
1301 713 1450 795 Aquilius

286 809 423 874 Boeotia
450 807 487 873 fr.
515 814 541 889 l,
569 829 597 875 v.
627 816 660 875 9:
694 815 799 889 Ituqno
830 814 904 875 uduo
930 816 989 875 ium
1023 816 1178 888 oppletum
1201 814 1383 888 oppidumut
1403 832 1449 874 so·

285 910 378 982 iuriis,
406 910 504 969 Maior
533 928 603 984 purs
632 912 736 986 popuii
762 916 798 971 ut
820 912 897 972 uridi
933 915 1050 986 reptent
1082 910 1170 972 ieme.
1210 906 1331 973 caecil.
1370 908 1449 973 suu

283 1004 426 1087 Plocium
449 1003 485 1068 ir.
513 1011 540 1085 l,
564 1023 597 1074 v„
618 1009 678 1070 144
701 1022 762 1087 sq.:
787 1010 881 1069 Ferre
904 1008 948 1069 ito
970 1025 1016 1069 mo
1039 1026 1114 1069 nxor
1136 1015 1168 1070 et
1190 1006 1289 1070 formu
1305 1015 1338 1069 et
1361 1007 1448 1069 fectis

279 1104 353 1165 fucit
377 1106 417 1166 Ut
439 1108 463 1164 si
488 1113 612 1179 tuocum,
637 1114 735 1166 temon
759 1106 903 1166 iudicium
924 1107 990 1166 sim.
1015 1104 1144 1169 Terent
1170 1104 1250 1168 Eun.
1281 1102 1321 1175 V,
1353 1107 1384 1183 2,
1412 1107 1447 1167 2;

280 1207 315 1263 ut
338 1204 418 1264 nullo
442 1204 527 1263 modo
552 1204 634 1263 Intro
655 1205 701 1263 iro
719 1220 846 1277 possem.
893 1201 1008 1267 Heuut.
1032 1200 1091 1273 ΙΙΙ,
1117 1205 1143 1281 1,
1167 1207 1222 1267 95:
1246 1204 1302 1263 Ito
1326 1219 1447 1279 compo·

281 1307 375 1360 rutum
404 1317 471 1361 osse
501 1301 650 1360 huminum
679 1307 815 1361 naturum
848 1332 904 1368 -,
935 1302 1042 1361 Alione
1071 1305 1106 1362 ut
1133 1302 1239 1363 molius
1270 1301 1398 1361 otum
1417 1308 1448 1362 et

281 1398 443 1458 diiudicent
467 1399 559 1471 Quum
582 1398 655 1459 unu?
678 1396 754 1461 Heu.
776 1397 856 1477 prol.
881 1414 907 1459 v.
926 1401 962 1461 3:
987 1416 1091 1460 novom
1107 1400 1270 1460 interuenit
1287 1402 1395 1461 uitium
1417 1408 1447 1461 ot

282 1497 446 1568 columitas,
471 1497 511 1556 Ut
532 1512 627 1570 neque
650 1499 781 1570 spectuni
806 1514 901 1571 nequo
925 1499 1063 1570 cognosci
1081 1497 1226 1570 potuerit.

369 1591 391 1662 ft
437 1588 682 1671 Coniunguntur
704 1597 739 1654 ut
760 1597 794 1656 et
814 1611 851 1655 ue
873 1589 1103 1671 significatione
1126 1589 1221 1670 finali,
1245 1591 1299 1657 cni
1331 1596 1440 1657 tannen

283 1704 508 1768 nonnunquam
531 1687 627 1754 etium
650 1689 854 1754 consecutive
875 1688 1016 1753 admixtu
1038 1694 1097 1754 est.
1143 1689 1243 1755 Recte
1260 1693 1375 1754 antem
1390 1689 1445 1755 do-

281 1786 348 1851 cuit
377 1785 521 1850 Hundins
544 1785 577 1850 in
607 1785 744 1851 Tursell.
772 1785 828 1865 IV,
855 1804 884 1867 p.
917 1790 967 1865 32,
990 1805 1027 1848 oe
1048 1786 1080 1851 in
1103 1786 1153 1851 his
1176 1804 1238 1850 non
1260 1804 1337 1851 esse
1370 1805 1442 1853 oon·

278 1884 480 1961 iunctionem,
503 1883 559 1948 sed
581 1883 745 1963 antiquum
767 1883 965 1963 adverbium,
988 1884 1072 1963 quod
1094 1883 1206 1949 maiori
1229 1900 1303 1948 oum
1325 1884 1359 1949 vi
1384 1903 1440 1965 pru

280 1999 340 2042 uon
362 1980 487 2046 dicitur.
532 1980 686 2061 Exemplo
707 1979 985 2074 hucpertineutiu
1007 1981 1172 2062 complura
1192 1980 1255 2044 ium
1285 1980 1320 2046 in
1350 1988 1440 2048 ente·

277 2078 462 2143 cedentibus
484 2078 583 2144 alluta
606 2085 689 2144 sunt.
735 2077 814 2145 Ceto
837 2079 875 2143 R.
899 2079 935 2143 R.
960 2097 986 2143 c·
1013 2084 1045 2143 l:
1069 2083 1113 2141 sio
1135 2083 1166 2141 in
1194 2082 1294 2142 animo
1317 2083 1439 2157 hebeto,

277 2180 326 2239 uti
353 2195 390 2237 ue
417 2179 523 2252 cupido
551 2196 640 2257 emus,
669 2196 741 2239 nouo
770 2196 863 2254 opera
892 2185 945 2239 tuu
974 2196 1081 2253 percus
1108 2180 1216 2253 visere,
1248 2183 1277 2241 et
1298 2197 1337 2241 ue
1360 2183 1434 2242 eutis

278 2276 388 2337 hubeuu
419 2279 512 2338 semel
542 2278 708 2338 circumire.
738 2273 771 2338 O·
801 2279 857 2340 33:
887 2278 986 2337 Vitem
1014 2278 1089 2339 beno
1118 2277 1276 2337 enodatum
1303 2277 1436 2354 deligato

279 2382 372 2451 recte,
396 2373 529 2435 flexuosa
550 2377 596 2434 uti
617 2391 654 2434 oe
676 2377 738 2436 siet.
763 2371 798 2438 0.
820 2376 876 2437 46:
900 2382 932 2435 et
958 2373 1004 2433 uu
1030 2390 1067 2432 ne
1094 2375 1181 2435 nimis
1204 2377 1293 2449 longe
1323 2379 1438 2437 semine

277 2490 314 2534 ex
337 2473 496 2534 seminario
518 2472 668 2552 suuntur,
691 2470 747 2536 ubi
775 2470 979 2535 consecutive
1008 2487 1079 2533 curn
1104 2467 1192 2534 finali
1212 2469 1433 2551 (prohibitiva)

276 2566 505 2650 significatione
529 2569 697 2635 coniuncte
720 2574 779 2634 est.
826 2569 918 2632 Ennii
941 2568 1142 2632 Euhemerus
1158 2587 1187 2649 p.
1207 2576 1267 2633 170
1287 2570 1437 2636 Vahlen:

278 2671 382 2743 Ituqne
405 2676 511 2744 pactus
534 2676 582 2730 ost
604 2699 646 2712 -
667 2670 721 2737 ortt,
745 2671 769 2730 si
793 2669 863 2743 quid
886 2669 1010 2728 liberum
1037 2700 1074 2712 -
1099 2673 1127 2727 ei
1152 2677 1251 2729 nutum
1285 2679 1378 2743 osset,
1404 2688 1438 2730 ue

274 2767 422 2826 ducaret.
446 2762 550 2828 Pluut
573 2762 670 2828 Poen.
693 2763 749 2844 lv,
771 2768 801 2844 2,
825 2768 880 2827 66:
904 2774 936 2826 ut
958 2784 994 2825 ne
1019 2767 1167 2826 enunciet.
1192 2764 1278 2828 Trin.
1303 2785 1333 2830 v.
1363 2772 1433 2831 143:

274 2865 359 2924 Novo
388 2863 474 2923 modo
503 2864 587 2941 adeo,
618 2853 652 2924 ut
680 2866 757 2940 quod
787 2882 869 2925 moue
898 2865 1132 2924 concreditumst
1159 2866 1375 2926 Taciturnituti
1397 2898 1436 2907 —

275 2960 322 3021 Ne
344 2962 532 3021 emunctorum
555 2962 712 3036 quoiquam
734 2979 792 3022 neu
813 2962 941 3033 fecerun
970 2964 1078 3035 pulum.
1129 2959 1256 3025 Terent.
1290 2961 1389 3026 Andr.
1413 2962 1435 3039 1,

275 3059 512 3137 2,11,(=v.
541 3056 841 3132 immenkusen).
869 3057 957 3122 Adde
986 3057 1064 3120 haec
1094 3055 1249 3137 exemplu,
1279 3075 1363 3137 qnue
1392 3064 1435 3123 at

271 3152 346 3218 tulit
374 3155 534 3235 Reisigius
561 3172 591 3233 p.
622 3159 683 3219 582
713 3170 771 3234 sq„
800 3155 854 3235 qui
881 3154 959 3220 dicit
984 3154 1058 3235 poni
1088 3161 1122 3217 ut
1150 3173 1187 3216 ne
1215 3156 1372 3235 inprimis,
1409 3157 1434 3222 si

271 3269 359 3332 pron.
382 3249 580 3316 indefinitum
597 3256 662 3327 quis
684 3258 853 3332 sequatur:
878 3252 981 3316 Pluut.
1006 3252 1092 3316 Asin.
1115 3251 1174 3331 111,
1195 3256 1225 3331 3,
1246 3257 1322 3319 128:
1347 3258 1434 3318 Licet

273 3353 438 3412 Fortunam
463 3353 589 3428 landem,
613 3360 710 3412 tumen
733 3357 767 3408 ur
788 3368 825 3411 ue
847 3353 977 3413 Solutum
994 3352 1116 3425 culpem.
1140 3347 1232 3428 Cupi.
1248 3349 1304 3428 ΙΙ,
1327 3356 1356 3430 2,
1383 3358 1433 3416 17;

274 3457 389 3510 rustum
418 3455 454 3508 ut
481 3467 516 3509 oe
544 3450 689 3523 inquinet.
718 3444 813 3512 Most.
846 3446 883 3518 V,
909 3454 935 3526 1,
963 3452 1016 3512 12:
1041 3452 1171 3527 Pergunt
1193 3451 1318 3511 turbere
1342 3469 1432 3527 nsque

274 3551 308 3607 ut
328 3563 365 3606 ne
398 3547 472 3620 quid
499 3549 596 3621 possit
618 3548 839 3621 conquiescere.
864 3545 992 3609 Terent.
1016 3544 1094 3610 Hec.
1122 3544 1178 3624 IV,
1208 3549 1237 3623 2,
1270 3551 1327 3612 19:
1362 3551 1432 3611 huuc

275 3646 347 3705 mihi
376 3663 453 3705 nuno
482 3653 584 3706 cnruet
611 3662 756 3718 maxumo,
784 3649 819 3704 ui
846 3645 952 3716 nequo
982 3661 1048 3705 meu
1082 3646 1298 3720 Longinquitas
1326 3648 1432 3707 notatu

275 3742 373 3803 obsim.
397 3740 530 3821 Adelph.
555 3740 611 3820 IV,
634 3746 664 3819 4,
691 3744 744 3804 18:
768 3742 835 3802 fiori
857 3744 936 3817 potis
959 3749 1007 3803 ost
1028 3745 1062 3801 ut
1083 3759 1180 3814 nequo
1201 3747 1298 3802 aeut.

359 3836 394 3919 g)
441 3841 482 3901 Ut
501 3840 631 3919 ponitur
653 3838 686 3901 in
708 3840 991 3912 interropottouibus
1013 3844 1047 3900 et
1063 3837 1173 3902 additu
1195 3843 1229 3901 et
1243 3839 1366 3905 omissa
1387 3840 1432 3904 in·

275 3936 502 4017 terrogutionis
525 3935 682 4016 porticula
703 3953 748 4012 ue,
772 3934 809 4014 si,
833 3935 918 4015 quod
941 3935 1011 4015 quis
1045 3933 1127 3999 alius
1155 3934 1301 4015 postulat
1340 3956 1431 4017 expe·

271 4039 369 4114 tetre,
391 4051 451 4115 ego
474 4050 549 4098 vero
572 4039 606 4098 et
625 4032 697 4098 nolo
719 4050 823 4112 noque
845 4048 865 4094 u
888 4051 937 4097 me
962 4030 1117 4111 postulari
1140 4036 1227 4096 recte
1252 4050 1350 4112 posse
1366 4034 1429 4099 exi·

273 4130 377 4212 ntimo,
410 4129 650 4213 significandum
679 4135 730 4194 est
757 4129 814 4205 (sio
841 4129 1001 4194 Luebker.
1032 4130 1071 4193 de
1099 4147 1160 4194 usu
1187 4127 1241 4194 inf.
1265 4129 1373 4196 Plent.
1401 4150 1429 4212 p.

270 4232 333 4303 28).
356 4229 453 4294 Ennii
475 4228 559 4293 Med.
583 4227 621 4292 fr.
649 4232 699 4292 10:
722 4230 799 4290 Num
820 4233 856 4287 ut
877 4231 1008 4312 egovillis
1023 4229 1220 4302 supplicarem
1235 4239 1324 4292 tauto
1349 4233 1429 4294 bien·

270 4329 453 4404 dtloquentiu
482 4327 546 4387 —-?
574 4323 652 4406 (Cic.
682 4331 746 4391 net.
775 4324 824 4389 de.
856 4324 913 4402 111,
942 4330 1005 4404 25),
1028 4323 1058 4388 h.
1083 4343 1109 4390 e.
1134 4343 1209 4391 num
1233 4327 1308 4408 quis
1332 4328 1428 4395 hocs
