3125 5075
213 349 276 408 320
670 344 826 387 sosarnus.
841 344 903 387 cue.
917 345 958 386 un.

212 514 309 593 tione,
331 532 390 580 nec
411 520 524 580 contra
546 519 739 585 obiectivum
762 518 832 585 eius
857 537 948 585 usum
976 538 1015 585 ex
1043 518 1233 585 attributiva
1254 516 1370 599 signib-

213 612 336 677 mdone
360 612 579 693 explicandum
601 635 683 695 esse,
707 615 859 683 cohaeret
880 635 951 682 cum
973 618 1130 683 sententia
1148 615 1230 681 falsa
1251 634 1370 692 eorum,

213 710 269 790 qui
291 709 467 790 genitivum
488 715 608 780 artiore
635 713 761 780 vinculo
786 733 858 779 cum
880 715 1008 781 notione
1029 715 1163 780 actionis
1184 730 1281 793 qnam
1301 732 1370 778 cum

213 825 261 885 ea,
284 824 366 887 quae
388 812 519 891 proprie
541 819 591 877 est
612 812 790 892 nominalis,
811 814 1013 878 coniunctum
1029 829 1099 877 esse
1122 814 1263 877 censent.
1298 810 1370 876 Sen-

213 906 345 971 tentiam
370 924 479 972 eorum
503 910 556 989 qui
581 909 802 991 primigeniam
831 909 1094 992 significationem
1122 908 1255 990 genitivi
1277 908 1370 972 talem

214 1020 285 1067 esse
307 1003 431 1086 dicunt,
461 1024 543 1087 qnae
565 1007 624 1073 sub
648 1025 762 1074 sensus
785 1008 879 1074 eadat
902 1008 1005 1087 (velut
1025 1005 1197 1087 Hartungii
1219 1005 1275 1085 qui
1298 1005 1370 1072 dicit

218 1118 289 1165 eam
313 1119 392 1183 esse,
415 1107 452 1168 nt
474 1105 634 1185 genitivus
657 1104 698 1171 ad
720 1106 939 1185 quaestionem
958 1108 1038 1169 unm
1055 1103 1268 1186 respondeat),
1291 1122 1370 1169 nun<

213 1200 334 1264 omitto.

298 1296 461 1365 Habemus
482 1302 596 1383 igitur,
627 1307 664 1367 ut
686 1320 785 1382 supra
806 1300 957 1380 vidimus,
990 1300 1070 1365 duas
1092 1298 1225 1380 genitivi
1244 1297 1370 1364 formas.

212 1393 306 1459 Prior
329 1415 367 1461 ea
389 1403 476 1478 erat,
505 1416 568 1478 qua
590 1400 693 1465 altera
714 1399 802 1465 notio
825 1398 857 1464 in
887 1396 966 1462 fines
988 1397 1080 1478 quasi
1102 1396 1257 1476 nominis,
1287 1398 1369 1477 quod

213 1493 248 1557 in
272 1496 410 1574 genitivo
433 1496 572 1576 positum
595 1502 658 1579 est,
691 1497 845 1577 recipitur
867 1494 968 1560 etsie
991 1496 1060 1559 eius
1082 1494 1222 1560 ambitus
1245 1513 1368 1561 coerce·

214 1598 276 1656 tur.
321 1593 488 1674 Sequitur,
518 1599 555 1659 ut
576 1594 655 1661 baec
676 1594 819 1675 receptio
841 1593 966 1659 ratione
989 1592 1222 1674 simplicissima
1250 1600 1285 1658 et
1307 1613 1369 1659 ma·

213 1691 296 1755 xime
318 1692 426 1756 nativa
448 1697 483 1756 et
503 1692 536 1757 in
558 1699 674 1757 natura
704 1692 841 1757 notionis
871 1692 941 1773 ipsa
966 1690 1036 1755 nisa
1062 1688 1133 1755 fieri
1162 1690 1297 1770 debeat,
1330 1693 1369 1756 ita

213 1794 250 1852 ut
273 1789 377 1869 isqui
400 1789 499 1869 audit,
524 1791 631 1854 statim
647 1790 774 1868 sentiat,
798 1789 958 1853 notionem
980 1807 1044 1851 non
1067 1787 1216 1853 collocari
1237 1789 1270 1853 in
1294 1789 1368 1865 loco,

215 1887 271 1966 qui
291 1893 426 1953 naturae
456 1905 533 1954 suae
563 1889 742 1953 contrarius
770 1888 813 1954 sit
839 1888 932 1968 eique
959 1892 1131 1968 repugnet,
1165 1886 1233 1951 sive
1263 1887 1369 1952 ambas

212 1985 358 2049 notiones
381 1986 466 2050 inter
488 2004 522 2053 se
546 1987 715 2053 convenire
739 1991 772 2050 et
794 2003 981 2066 congruere.
1027 1984 1132 2061 Quum
1154 1990 1263 2048 autem
1286 1985 1369 2065 geni·

214 2082 300 2146 tirus
323 2085 484 2149 contineat
505 2086 666 2150 notionem
689 2083 901 2165 superiorem,
934 2083 1092 2164 sequitur,
1123 2087 1160 2146 ut
1185 2081 1275 2146 notio
1299 2080 1369 2147 defi·

211 2182 328 2246 nienda
349 2184 511 2264 pertineat
533 2183 574 2248 ad
597 2200 711 2247 nomen
727 2180 866 2262 genitivo
883 2198 1068 2261 expressum
1090 2179 1207 2245 eteius
1224 2180 1267 2244 sit
1283 2179 1369 2260 quasi

213 2280 353 2359 propria.
398 2281 460 2347 Sed
476 2282 573 2345 etiam
589 2281 630 2345 ad
644 2280 813 2345 arbitrium
837 2283 981 2344 nostrum
1003 2278 1177 2360 genitivum
1198 2277 1369 2359 adiungere

211 2395 380 2457 possumus
402 2379 522 2444 nomini
548 2380 595 2444 ita
621 2384 659 2443 ut
680 2376 722 2440 ad
750 2376 840 2441 illum
861 2376 1033 2458 pertineat.
1078 2374 1148 2452 Quo
1170 2372 1220 2455 fit,
1256 2381 1294 2441 ut
1320 2380 1369 2442 ant

210 2481 323 2539 cataro
341 2483 397 2542 aut
418 2480 486 2540 iore
510 2479 601 2558 quasi
617 2494 731 2542 nomen
746 2475 787 2540 ad
802 2474 977 2557 genitivum
998 2474 1160 2556 pertinere
1176 2473 1241 2539 dici
1260 2474 1369 2555 possit

212 2573 280 2637 Iam
302 2574 344 2638 ad
365 2575 455 2655 prius
478 2594 579 2656 genus
603 2574 735 2657 genitivi
755 2591 865 2638 omnes
886 2591 942 2639 eae
963 2574 1103 2637 rationes
1122 2576 1281 2652 spectant,
1306 2573 1370 2652 qui·

211 2671 271 2735 bus
297 2675 413 2737 natura
439 2674 531 2754 quasi
559 2674 696 2738 alterum
732 2688 848 2735 nomen
871 2673 912 2736 ad
934 2671 1073 2736 alterum
1100 2669 1256 2750 pertinet,
1286 2670 1370 2737 velut

214 2786 252 2833 ea
274 2771 373 2850 ratio,
400 2789 463 2850 qua
485 2790 561 2853 pars
583 2772 624 2836 ad
647 2775 766 2847 totum,
798 2767 915 2850 singuli
937 2769 977 2833 ad
1000 2786 1123 2846 omnes,
1151 2767 1184 2832 id
1207 2769 1295 2848 quod
1317 2769 1369 2857 ali·

212 2867 302 2931 cuius
325 2870 489 2948 proprium
511 2875 561 2935 est
586 2869 626 2934 ad
658 2887 741 2948 eum,
780 2867 869 2932 cuius
897 2867 1063 2947 proprium
1096 2870 1165 2942 est,
1203 2865 1370 2932 reserenda

212 2971 287 3029 sunt
317 2967 480 3048 multaque
506 2967 584 3048 alia,
619 2984 681 3048 quo
708 2969 852 3049 pertinet
882 2970 978 3033 etiam
1015 2965 1097 3031 ratio
1126 2965 1370 3044 propinquitan's

211 3079 315 3127 sexus.
361 3066 411 3129 Ad
433 3065 571 3131 alterum
593 3085 694 3148 genus
723 3073 870 3148 spectant
901 3084 958 3131 eae
989 3063 1129 3128 rationes
1160 3063 1370 3141 exprimentes

212 3178 308 3225 unum
332 3180 447 3227 nomen
467 3162 508 3229 ad
530 3164 668 3229 alterum
691 3167 871 3245 pertinere,
894 3182 991 3244 quae,
1018 3178 1210 3241 quamquam
1234 3180 1299 3226 non
1321 3181 1370 3226 ua·

211 3264 285 3323 tura
307 3267 381 3326 sunt
403 3263 611 3343 constitutae,
639 3265 696 3328 sed
719 3282 875 3329 consensu
899 3263 1026 3326 demum
1049 3259 1211 3324 hominum
1235 3261 1370 3340 agnitae,

212 3364 317 3424 minen
340 3361 472 3427 eandem
492 3363 555 3426 uim
578 3368 675 3442 atque
698 3363 924 3427 auctoritatem
947 3365 1060 3425 nactae
1083 3364 1158 3422 sunt
1178 3364 1278 3437 atque
1302 3357 1370 3422 illae

213 3467 330 3523 natura
353 3462 555 3540 constitutae,
579 3467 616 3524 ut
640 3479 678 3524 ea
700 3461 793 3534 ratio,
817 3478 881 3539 qua
903 3473 1054 3522 mensura
1076 3456 1218 3536 pertinet
1239 3455 1282 3520 ad
1305 3474 1370 3520 rem

213 3574 310 3635 quam
323 3559 482 3635 metimur,
506 3559 667 3638 possessio
689 3559 730 3624 ad
753 3575 981 3638 possessorem,
1004 3551 1140 3619 officium
1163 3554 1296 3617 adeum
1319 3554 1370 3632 qni

214 3673 252 3717 eo
276 3662 327 3719 est
350 3656 510 3739 obligatus
538 3662 571 3720 et
596 3662 726 3737 praeter
756 3656 874 3721 inultas
905 3655 984 3719 alias
1012 3653 1108 3719 etiam
1135 3651 1218 3715 ratio
1248 3650 1370 3731 propin·

209 3752 342 3829 quitatis
371 3754 467 3820 animi
496 3763 529 3818 et
556 3755 683 3835 ingenii.
727 3755 796 3819 Iam
832 3772 907 3818 vero
939 3753 971 3816 in
1004 3769 1121 3832 magna
1159 3748 1366 3814 similitudine

208 3867 289 3929 quac
321 3853 491 3919 intercedit
529 3853 613 3917 inter
641 3852 699 3918 has
733 3854 873 3917 rationes
906 3857 939 3915 et
958 3852 1098 3914 rationes
1123 3847 1240 3928 prioris
1272 3848 1369 3912 seriei

209 3951 336 4015 minime
358 3959 468 4031 aptum
497 3957 584 4018 esset
604 3952 664 4018 has
686 3953 766 4017 duas
796 3950 915 4014 formas
944 3954 1096 4026 tanquam
1123 3944 1317 4025 principales
1345 3953 1370 4010 et

210 4049 393 4128 potissimas
410 4052 582 4131 separatim
601 4057 751 4125 tractare,
775 4068 849 4114 nam
869 4047 1030 4129 possessio
1050 4043 1225 4124 respondet
1246 4045 1276 4107 ei
1293 4042 1370 4123 quod

208 4148 344 4214 alicuius
359 4150 406 4214 rei
423 4150 586 4230 proprium
604 4157 664 4230 est,
687 4148 774 4213 notio
791 4164 960 4212 mensurae
975 4142 1096 4208 notioni
1115 4141 1217 4222 partis
1239 4145 1273 4206 et
1297 4158 1370 4223 quea

209 4255 284 4310 sunt
305 4248 437 4329 reliqua.
485 4247 690 4327 Quapropter
711 4245 797 4311 aliud
813 4245 1005 4326 principium
1025 4239 1188 4306 divisionis
1204 4238 1370 4319 primarias

208 4345 462 4428 investigandum
479 4352 578 4411 estet
598 4346 801 4425 aptissimum
814 4361 852 4408 se
868 4341 963 4408 offert
982 4340 1066 4436 idem
1086 4337 1268 4417 discrimen,
1292 4335 1370 4419 quod
