<?xml version="1.0" encoding="UTF-8"?>
<!DOCTYPE html PUBLIC "-//W3C//DTD XHTML 1.0 Transitional//EN"
    "http://www.w3.org/TR/xhtml1/DTD/xhtml1-transitional.dtd">
<html xmlns="http://www.w3.org/1999/xhtml" xml:lang="en" lang="en">
 <head>
  <title>
</title>
<meta http-equiv="Content-Type" content="text/html;charset=utf-8" />
  <meta name='ocr-system' content='tesseract 3.04.00' />
  <meta name='ocr-capabilities' content='ocr_page ocr_carea ocr_par ocr_line ocrx_word'/>
</head>
<body>
  <div class='ocr_page' id='page_1' title='image "./syntaxispriscor00holtgoog_0340.png"; bbox 0 0 3125 5075; ppageno 0'>
   <div class='ocr_carea' id='block_1_1' title="bbox 451 354 1352 421">
    <p class='ocr_par' dir='ltr' id='par_1_1' title="bbox 451 354 1352 421">
     <span class='ocr_line' id='line_1_1' title="bbox 451 354 1352 421; baseline 0.001 -28"><span class='ocrx_word' id='word_1_1' title='bbox 451 355 540 395; x_wconf 76' lang='lat' dir='ltr'>CASUS</span> <span class='ocrx_word' id='word_1_2' title='bbox 556 354 823 393; x_wconf 66' lang='lat' dir='ltr'><strong>SUBSTANTIVORUH.</strong></span> <span class='ocrx_word' id='word_1_3' title='bbox 839 375 862 382; x_wconf 96' lang='lat'><em>-</em></span> <span class='ocrx_word' id='word_1_4' title='bbox 877 354 1041 394; x_wconf 71' lang='lat' dir='ltr'><strong>estivviv&#39;ua</strong></span> <span class='ocrx_word' id='word_1_5' title='bbox 1292 366 1352 421; x_wconf 69' lang='lat'><strong>321</strong></span> 
     </span>
    </p>
   </div>
   <div class='ocr_carea' id='block_1_2' title="bbox 198 526 1383 4324">
    <p class='ocr_par' dir='ltr' id='par_1_2' title="bbox 199 526 1356 1194">
     <span class='ocr_line' id='line_1_2' title="bbox 209 526 1356 607; baseline 0.003 -15"><span class='ocrx_word' id='word_1_6' title='bbox 209 526 259 592; x_wconf 72' lang='lat' dir='ltr'><strong>bn</strong></span> <span class='ocrx_word' id='word_1_7' title='bbox 286 526 323 592; x_wconf 87' lang='lat' dir='ltr'><strong>im</strong></span> <span class='ocrx_word' id='word_1_8' title='bbox 349 526 573 607; x_wconf 82' lang='lat' dir='ltr'><strong>superioribus</strong></span> <span class='ocrx_word' id='word_1_9' title='bbox 603 528 732 594; x_wconf 77' lang='lat' dir='ltr'>casibus</span> <span class='ocrx_word' id='word_1_10' title='bbox 766 527 1064 607; x_wconf 74' lang='lat' dir='ltr'><strong>animadvertimus,</strong></span> <span class='ocrx_word' id='word_1_11' title='bbox 1101 531 1296 604; x_wconf 64' lang='lat' dir='ltr'><strong>motuavi</strong></span> <span class='ocrx_word' id='word_1_12' title='bbox 1322 536 1356 596; x_wconf 90' lang='lat' dir='ltr'><strong>et</strong></span> 
     </span>
     <span class='ocr_line' id='line_1_3' title="bbox 205 624 1356 706; baseline 0.002 -17"><span class='ocrx_word' id='word_1_13' title='bbox 205 626 378 704; x_wconf 72' lang='lat' dir='ltr'><strong>qualitativi,</strong></span> <span class='ocrx_word' id='word_1_14' title='bbox 400 641 465 705; x_wconf 92' lang='lat' dir='ltr'><strong>quo</strong></span> <span class='ocrx_word' id='word_1_15' title='bbox 486 624 619 705; x_wconf 87' lang='lat' dir='ltr'><strong>propius</strong></span> <span class='ocrx_word' id='word_1_16' title='bbox 640 626 736 691; x_wconf 91' lang='lat' dir='ltr'><strong>etiam</strong></span> <span class='ocrx_word' id='word_1_17' title='bbox 760 625 942 691; x_wconf 82' lang='lat' dir='ltr'>accedimus</span> <span class='ocrx_word' id='word_1_18' title='bbox 964 625 1005 690; x_wconf 87' lang='lat' dir='ltr'><strong>ad</strong></span> <span class='ocrx_word' id='word_1_19' title='bbox 1020 643 1091 690; x_wconf 83' lang='lat' dir='ltr'><strong>cam</strong></span> <span class='ocrx_word' id='word_1_20' title='bbox 1110 624 1356 706; x_wconf 67' lang='lat' dir='ltr'><strong>descriptionem</strong></span> 
     </span>
     <span class='ocr_line' id='line_1_4' title="bbox 203 722 1356 805; baseline -0.002 -16"><span class='ocrx_word' id='word_1_21' title='bbox 203 739 342 802; x_wconf 73' lang='lat' dir='ltr'><strong>mum,</strong></span> <span class='ocrx_word' id='word_1_22' title='bbox 364 738 430 802; x_wconf 86' lang='lat' dir='ltr'><strong>qua</strong></span> <span class='ocrx_word' id='word_1_23' title='bbox 450 722 514 786; x_wconf 85' lang='lat' dir='ltr'><strong>iam</strong></span> <span class='ocrx_word' id='word_1_24' title='bbox 537 722 570 787; x_wconf 90' lang='lat' dir='ltr'><strong>in</strong></span> <span class='ocrx_word' id='word_1_25' title='bbox 591 723 813 805; x_wconf 88' lang='lat' dir='ltr'><strong>superioribus</strong></span> <span class='ocrx_word' id='word_1_26' title='bbox 837 723 888 786; x_wconf 87' lang='lat' dir='ltr'><strong>usi</strong></span> <span class='ocrx_word' id='word_1_27' title='bbox 910 740 1030 788; x_wconf 91' lang='lat' dir='ltr'><strong>sumus.</strong></span> <span class='ocrx_word' id='word_1_28' title='bbox 1061 722 1112 788; x_wconf 83' lang='lat' dir='ltr'><strong>Ad</strong></span> <span class='ocrx_word' id='word_1_29' title='bbox 1134 722 1274 804; x_wconf 83' lang='lat' dir='ltr'><strong>priorem</strong></span> <span class='ocrx_word' id='word_1_30' title='bbox 1295 723 1356 805; x_wconf 87' lang='lat' dir='ltr'><strong>igi·</strong></span> 
     </span>
     <span class='ocr_line' id='line_1_5' title="bbox 203 819 1356 902; baseline 0.002 -18"><span class='ocrx_word' id='word_1_31' title='bbox 203 826 248 884; x_wconf 86' lang='lat' dir='ltr'><strong>tur</strong></span> <span class='ocrx_word' id='word_1_32' title='bbox 269 819 389 885; x_wconf 69' lang='lat' dir='ltr'><strong>aericm</strong></span> <span class='ocrx_word' id='word_1_33' title='bbox 411 820 619 901; x_wconf 77' lang='lat' dir='ltr'><strong>principalem</strong></span> <span class='ocrx_word' id='word_1_34' title='bbox 647 821 810 901; x_wconf 82' lang='lat' dir='ltr'><strong>pertinent</strong></span> <span class='ocrx_word' id='word_1_35' title='bbox 833 837 890 884; x_wconf 90' lang='lat' dir='ltr'><strong>eae</strong></span> <span class='ocrx_word' id='word_1_36' title='bbox 910 820 1066 898; x_wconf 89' lang='lat' dir='ltr'><strong>notiones,</strong></span> <span class='ocrx_word' id='word_1_37' title='bbox 1088 820 1248 901; x_wconf 83' lang='lat' dir='ltr'><strong>inquibus</strong></span> <span class='ocrx_word' id='word_1_38' title='bbox 1262 839 1356 902; x_wconf 90' lang='lat' dir='ltr'><strong>prae·</strong></span> 
     </span>
     <span class='ocr_line' id='line_1_6' title="bbox 200 916 1356 1000; baseline 0.005 -22"><span class='ocrx_word' id='word_1_39' title='bbox 200 916 281 984; x_wconf 79' lang='lat' dir='ltr'><strong>vilet</strong></span> <span class='ocrx_word' id='word_1_40' title='bbox 304 917 394 982; x_wconf 88' lang='lat' dir='ltr'><strong>notio</strong></span> <span class='ocrx_word' id='word_1_41' title='bbox 417 917 615 997; x_wconf 83' lang='lat' dir='ltr'><strong>quantitatis,</strong></span> <span class='ocrx_word' id='word_1_42' title='bbox 642 936 719 1000; x_wconf 84' lang='lat' dir='ltr'><strong>ergo</strong></span> <span class='ocrx_word' id='word_1_43' title='bbox 742 919 883 983; x_wconf 86' lang='lat' dir='ltr'><strong>rationes</strong></span> <span class='ocrx_word' id='word_1_44' title='bbox 906 916 985 995; x_wconf 94' lang='lat' dir='ltr'><strong>loci,</strong></span> <span class='ocrx_word' id='word_1_45' title='bbox 1012 919 1175 999; x_wconf 86' lang='lat' dir='ltr'><strong>temporis,</strong></span> <span class='ocrx_word' id='word_1_46' title='bbox 1197 920 1356 999; x_wconf 85' lang='lat' dir='ltr'><strong>maguitu-</strong></span> 
     </span>
     <span class='ocr_line' id='line_1_7' title="bbox 199 1014 1356 1095; baseline 0.003 -15"><span class='ocrx_word' id='word_1_47' title='bbox 199 1014 289 1094; x_wconf 88' lang='lat' dir='ltr'><strong>dinis,</strong></span> <span class='ocrx_word' id='word_1_48' title='bbox 312 1015 440 1080; x_wconf 88' lang='lat' dir='ltr'><strong>numeri</strong></span> <span class='ocrx_word' id='word_1_49' title='bbox 461 1022 495 1081; x_wconf 91' lang='lat' dir='ltr'><strong>et</strong></span> <span class='ocrx_word' id='word_1_50' title='bbox 509 1016 543 1080; x_wconf 90' lang='lat' dir='ltr'><strong>in</strong></span> <span class='ocrx_word' id='word_1_51' title='bbox 557 1017 740 1081; x_wconf 89' lang='lat' dir='ltr'><strong>universum</strong></span> <span class='ocrx_word' id='word_1_52' title='bbox 763 1014 1019 1095; x_wconf 87' lang='lat' dir='ltr'><strong>comparationis,</strong></span> <span class='ocrx_word' id='word_1_53' title='bbox 1042 1015 1083 1079; x_wconf 89' lang='lat' dir='ltr'><strong>ad</strong></span> <span class='ocrx_word' id='word_1_54' title='bbox 1098 1014 1232 1082; x_wconf 84' lang='lat' dir='ltr'><strong>alteram</strong></span> <span class='ocrx_word' id='word_1_55' title='bbox 1247 1024 1356 1083; x_wconf 91' lang='lat' dir='ltr'><strong>autem</strong></span> 
     </span>
     <span class='ocr_line' id='line_1_8' title="bbox 199 1110 1162 1194; baseline -0.001 -17"><span class='ocrx_word' id='word_1_56' title='bbox 199 1130 308 1178; x_wconf 89' lang='lat' dir='ltr'><strong>omnes</strong></span> <span class='ocrx_word' id='word_1_57' title='bbox 331 1130 400 1191; x_wconf 88' lang='lat' dir='ltr'><strong>eae,</strong></span> <span class='ocrx_word' id='word_1_58' title='bbox 423 1112 594 1193; x_wconf 89' lang='lat' dir='ltr'><strong>inquibus</strong></span> <span class='ocrx_word' id='word_1_59' title='bbox 617 1113 859 1194; x_wconf 86' lang='lat' dir='ltr'><strong>praeponderat</strong></span> <span class='ocrx_word' id='word_1_60' title='bbox 880 1112 966 1176; x_wconf 89' lang='lat' dir='ltr'><strong>notio</strong></span> <span class='ocrx_word' id='word_1_61' title='bbox 989 1110 1162 1190; x_wconf 87' lang='lat' dir='ltr'><strong>qualitatis.</strong></span> 
     </span>
    </p>

    <p class='ocr_par' dir='ltr' id='par_1_3' title="bbox 199 1209 1358 1864">
     <span class='ocr_line' id='line_1_9' title="bbox 281 1209 1357 1292; baseline 0.002 -17"><span class='ocrx_word' id='word_1_62' title='bbox 281 1209 317 1276; x_wconf 93' lang='lat' dir='ltr'><strong>Si</strong></span> <span class='ocrx_word' id='word_1_63' title='bbox 341 1209 402 1275; x_wconf 92' lang='lat' dir='ltr'><strong>hoc</strong></span> <span class='ocrx_word' id='word_1_64' title='bbox 424 1210 594 1275; x_wconf 87' lang='lat' dir='ltr'><strong>statuimus</strong></span> <span class='ocrx_word' id='word_1_65' title='bbox 616 1212 804 1292; x_wconf 90' lang='lat' dir='ltr'><strong>primarium</strong></span> <span class='ocrx_word' id='word_1_66' title='bbox 827 1209 1019 1291; x_wconf 89' lang='lat' dir='ltr'><strong>principium</strong></span> <span class='ocrx_word' id='word_1_67' title='bbox 1046 1209 1210 1276; x_wconf 88' lang='lat' dir='ltr'><strong>divisionis</strong></span> <span class='ocrx_word' id='word_1_68' title='bbox 1238 1216 1271 1276; x_wconf 89' lang='lat' dir='ltr'><strong>et</strong></span> <span class='ocrx_word' id='word_1_69' title='bbox 1292 1212 1357 1278; x_wconf 88' lang='lat' dir='ltr'><strong>sin·</strong></span> 
     </span>
     <span class='ocr_line' id='line_1_10' title="bbox 199 1306 1357 1390; baseline 0.002 -17"><span class='ocrx_word' id='word_1_70' title='bbox 199 1307 271 1390; x_wconf 84' lang='lat' dir='ltr'><strong>gula</strong></span> <span class='ocrx_word' id='word_1_71' title='bbox 295 1326 417 1390; x_wconf 83' lang='lat' dir='ltr'><strong>genera</strong></span> <span class='ocrx_word' id='word_1_72' title='bbox 438 1308 573 1390; x_wconf 87' lang='lat' dir='ltr'><strong>genitivi</strong></span> <span class='ocrx_word' id='word_1_73' title='bbox 596 1310 683 1374; x_wconf 88' lang='lat' dir='ltr'><strong>intra</strong></span> <span class='ocrx_word' id='word_1_74' title='bbox 706 1318 874 1390; x_wconf 91' lang='lat' dir='ltr'><strong>utramque</strong></span> <span class='ocrx_word' id='word_1_75' title='bbox 896 1306 1030 1371; x_wconf 89' lang='lat' dir='ltr'><strong>classem</strong></span> <span class='ocrx_word' id='word_1_76' title='bbox 1046 1308 1230 1387; x_wconf 85' lang='lat' dir='ltr'><strong>primariam</strong></span> <span class='ocrx_word' id='word_1_77' title='bbox 1245 1329 1357 1375; x_wconf 90' lang='lat' dir='ltr'><strong>secun·</strong></span> 
     </span>
     <span class='ocr_line' id='line_1_11' title="bbox 199 1405 1357 1487; baseline 0.003 -17"><span class='ocrx_word' id='word_1_78' title='bbox 199 1405 271 1470; x_wconf 89' lang='lat' dir='ltr'><strong>dum</strong></span> <span class='ocrx_word' id='word_1_79' title='bbox 301 1405 492 1484; x_wconf 88' lang='lat' dir='ltr'><strong>discrimen,</strong></span> <span class='ocrx_word' id='word_1_80' title='bbox 529 1407 614 1486; x_wconf 89' lang='lat' dir='ltr'><strong>quod</strong></span> <span class='ocrx_word' id='word_1_81' title='bbox 654 1412 749 1471; x_wconf 89' lang='lat' dir='ltr'><strong>antea</strong></span> <span class='ocrx_word' id='word_1_82' title='bbox 785 1405 1027 1487; x_wconf 78' lang='lat' dir='ltr'><strong>explicavimus,</strong></span> <span class='ocrx_word' id='word_1_83' title='bbox 1064 1405 1150 1485; x_wconf 89' lang='lat' dir='ltr'><strong>quod</strong></span> <span class='ocrx_word' id='word_1_84' title='bbox 1188 1408 1357 1474; x_wconf 90' lang='lat' dir='ltr'><strong>intercedit</strong></span> 
     </span>
     <span class='ocr_line' id='line_1_12' title="bbox 199 1502 1357 1586; baseline 0.003 -18"><span class='ocrx_word' id='word_1_85' title='bbox 199 1504 280 1569; x_wconf 87' lang='lat' dir='ltr'><strong>inter</strong></span> <span class='ocrx_word' id='word_1_86' title='bbox 312 1504 457 1569; x_wconf 89' lang='lat' dir='ltr'><strong>rationes</strong></span> <span class='ocrx_word' id='word_1_87' title='bbox 488 1512 605 1569; x_wconf 87' lang='lat' dir='ltr'><strong>natura</strong></span> <span class='ocrx_word' id='word_1_88' title='bbox 641 1504 735 1569; x_wconf 88' lang='lat' dir='ltr'><strong>datas</strong></span> <span class='ocrx_word' id='word_1_89' title='bbox 762 1509 796 1568; x_wconf 91' lang='lat' dir='ltr'><strong>et</strong></span> <span class='ocrx_word' id='word_1_90' title='bbox 824 1514 941 1567; x_wconf 84' lang='lat' dir='ltr'><strong>natura</strong></span> <span class='ocrx_word' id='word_1_91' title='bbox 972 1502 1087 1581; x_wconf 87' lang='lat' dir='ltr'><strong>lactas,</strong></span> <span class='ocrx_word' id='word_1_92' title='bbox 1126 1502 1357 1586; x_wconf 71' lang='lat' dir='ltr'><strong>distribuimus</strong></span> 
     </span>
     <span class='ocr_line' id='line_1_13' title="bbox 200 1598 1357 1683; baseline 0.002 -16"><span class='ocrx_word' id='word_1_93' title='bbox 200 1601 275 1667; x_wconf 85' lang='lat' dir='ltr'><strong>laec</strong></span> <span class='ocrx_word' id='word_1_94' title='bbox 298 1601 450 1666; x_wconf 87' lang='lat' dir='ltr'><strong>oriuntur</strong></span> <span class='ocrx_word' id='word_1_95' title='bbox 472 1602 604 1683; x_wconf 86' lang='lat' dir='ltr'><strong>genitivi</strong></span> <span class='ocrx_word' id='word_1_96' title='bbox 628 1621 747 1683; x_wconf 88' lang='lat' dir='ltr'><strong>genera</strong></span> <span class='ocrx_word' id='word_1_97' title='bbox 769 1601 884 1682; x_wconf 89' lang='lat' dir='ltr'><strong>prioris</strong></span> <span class='ocrx_word' id='word_1_98' title='bbox 906 1598 1029 1666; x_wconf 87' lang='lat' dir='ltr'><strong>formae</strong></span> <span class='ocrx_word' id='word_1_99' title='bbox 1051 1601 1235 1682; x_wconf 88' lang='lat' dir='ltr'><strong>principalis</strong></span> <span class='ocrx_word' id='word_1_100' title='bbox 1257 1604 1357 1669; x_wconf 90' lang='lat' dir='ltr'><strong>totius</strong></span> 
     </span>
     <span class='ocr_line' id='line_1_14' title="bbox 200 1697 1358 1781; baseline 0.002 -17"><span class='ocrx_word' id='word_1_101' title='bbox 200 1718 307 1777; x_wconf 86' lang='lat' dir='ltr'><strong>casus,</strong></span> <span class='ocrx_word' id='word_1_102' title='bbox 331 1699 402 1764; x_wconf 92' lang='lat' dir='ltr'><strong>dico</strong></span> <span class='ocrx_word' id='word_1_103' title='bbox 426 1701 495 1764; x_wconf 89' lang='lat' dir='ltr'><strong>eius</strong></span> <span class='ocrx_word' id='word_1_104' title='bbox 516 1701 658 1781; x_wconf 86' lang='lat' dir='ltr'><strong>genitivi,</strong></span> <span class='ocrx_word' id='word_1_105' title='bbox 682 1717 744 1779; x_wconf 91' lang='lat' dir='ltr'><strong>quo</strong></span> <span class='ocrx_word' id='word_1_106' title='bbox 768 1697 847 1763; x_wconf 87' lang='lat' dir='ltr'><strong>fines</strong></span> <span class='ocrx_word' id='word_1_107' title='bbox 869 1699 1103 1779; x_wconf 82' lang='lat' dir='ltr'><strong>exprimuntur,</strong></span> <span class='ocrx_word' id='word_1_108' title='bbox 1131 1699 1247 1780; x_wconf 89' lang='lat' dir='ltr'><strong>quibus</strong></span> <span class='ocrx_word' id='word_1_109' title='bbox 1270 1702 1358 1766; x_wconf 90' lang='lat' dir='ltr'><strong>notio</strong></span> 
     </span>
     <span class='ocr_line' id='line_1_15' title="bbox 199 1795 668 1864; baseline 0 -3"><span class='ocrx_word' id='word_1_110' title='bbox 199 1795 380 1864; x_wconf 84' lang='lat' dir='ltr'><strong>delinienda</strong></span> <span class='ocrx_word' id='word_1_111' title='bbox 400 1797 588 1863; x_wconf 89' lang='lat' dir='ltr'><strong>includenda</strong></span> <span class='ocrx_word' id='word_1_112' title='bbox 611 1803 668 1862; x_wconf 88' lang='lat' dir='ltr'><strong>est.</strong></span> 
     </span>
    </p>

    <p class='ocr_par' dir='ltr' id='par_1_4' title="bbox 198 1893 1383 3833">
     <span class='ocr_line' id='line_1_16' title="bbox 281 1893 1360 1977; baseline -0.001 -17"><span class='ocrx_word' id='word_1_113' title='bbox 281 1894 426 1960; x_wconf 84' lang='lat' dir='ltr'><strong>Primum</strong></span> <span class='ocrx_word' id='word_1_114' title='bbox 450 1914 550 1977; x_wconf 90' lang='lat' dir='ltr'><strong>genus</strong></span> <span class='ocrx_word' id='word_1_115' title='bbox 573 1895 704 1976; x_wconf 86' lang='lat' dir='ltr'><strong>genitivi</strong></span> <span class='ocrx_word' id='word_1_116' title='bbox 731 1894 918 1975; x_wconf 85' lang='lat' dir='ltr'><strong>quantitatis</strong></span> <span class='ocrx_word' id='word_1_117' title='bbox 942 1899 993 1959; x_wconf 92' lang='lat' dir='ltr'><strong>est</strong></span> <span class='ocrx_word' id='word_1_118' title='bbox 1016 1893 1175 1975; x_wconf 85' lang='lat' dir='ltr'><strong>genitivus</strong></span> <span class='ocrx_word' id='word_1_119' title='bbox 1197 1899 1260 1959; x_wconf 65' lang='lat' dir='ltr'><strong>aaa</strong></span> <span class='ocrx_word' id='word_1_120' title='bbox 1282 1899 1360 1972; x_wconf 76' lang='lat' dir='ltr'><strong>qaod</strong></span> 
     </span>
     <span class='ocr_line' id='line_1_17' title="bbox 199 1991 1357 2076; baseline 0.003 -21"><span class='ocrx_word' id='word_1_121' title='bbox 199 1997 311 2057; x_wconf 76' lang='lat' dir='ltr'><strong>mtsrro&#39;</strong></span> <span class='ocrx_word' id='word_1_122' title='bbox 334 1999 426 2056; x_wconf 78' lang='lat' dir='ltr'><strong>totum</strong></span> <span class='ocrx_word' id='word_1_123' title='bbox 446 2001 497 2072; x_wconf 84' lang='lat' dir='ltr'><strong>cst,</strong></span> <span class='ocrx_word' id='word_1_124' title='bbox 517 1994 571 2074; x_wconf 90' lang='lat' dir='ltr'><strong>qui</strong></span> <span class='ocrx_word' id='word_1_125' title='bbox 583 1993 679 2074; x_wconf 93' lang='lat' dir='ltr'><strong>vulgo</strong></span> <span class='ocrx_word' id='word_1_126' title='bbox 699 1995 863 2067; x_wconf 73' lang='lat' dir='ltr'><strong>portiana</strong></span> <span class='ocrx_word' id='word_1_127' title='bbox 883 1991 1009 2072; x_wconf 91' lang='lat' dir='ltr'><strong>dicitur,</strong></span> <span class='ocrx_word' id='word_1_128' title='bbox 1032 2009 1094 2073; x_wconf 89' lang='lat' dir='ltr'><strong>quo</strong></span> <span class='ocrx_word' id='word_1_129' title='bbox 1109 1992 1142 2057; x_wconf 94' lang='lat' dir='ltr'><strong>id</strong></span> <span class='ocrx_word' id='word_1_130' title='bbox 1157 1992 1357 2076; x_wconf 84' lang='lat' dir='ltr'><strong>intelligitur,</strong></span> 
     </span>
     <span class='ocr_line' id='line_1_18' title="bbox 198 2087 1356 2170; baseline 0.002 -15"><span class='ocrx_word' id='word_1_131' title='bbox 198 2091 283 2170; x_wconf 90' lang='lat' dir='ltr'><strong>quod</strong></span> <span class='ocrx_word' id='word_1_132' title='bbox 314 2110 357 2155; x_wconf 87' lang='lat' dir='ltr'><strong>ex</strong></span> <span class='ocrx_word' id='word_1_133' title='bbox 382 2091 511 2156; x_wconf 87' lang='lat' dir='ltr'><strong>notione</strong></span> <span class='ocrx_word' id='word_1_134' title='bbox 541 2092 589 2156; x_wconf 89' lang='lat' dir='ltr'><strong>rei</strong></span> <span class='ocrx_word' id='word_1_135' title='bbox 616 2091 736 2156; x_wconf 86' lang='lat' dir='ltr'><strong>divisae</strong></span> <span class='ocrx_word' id='word_1_136' title='bbox 766 2087 988 2170; x_wconf 85' lang='lat' dir='ltr'><strong>proficiscitur.</strong></span> <span class='ocrx_word' id='word_1_137' title='bbox 1033 2088 1084 2153; x_wconf 77' lang='lat' dir='ltr'><strong>Ad</strong></span> <span class='ocrx_word' id='word_1_138' title='bbox 1111 2107 1207 2169; x_wconf 89' lang='lat' dir='ltr'><strong>quem</strong></span> <span class='ocrx_word' id='word_1_139' title='bbox 1236 2094 1356 2157; x_wconf 86' lang='lat' dir='ltr'><strong>multae</strong></span> 
     </span>
     <span class='ocr_line' id='line_1_19' title="bbox 199 2189 1358 2271; baseline 0.004 -20"><span class='ocrx_word' id='word_1_140' title='bbox 199 2189 321 2268; x_wconf 84' lang='lat' dir='ltr'><strong>species</strong></span> <span class='ocrx_word' id='word_1_141' title='bbox 338 2190 512 2269; x_wconf 84' lang='lat' dir='ltr'><strong>pertinent,</strong></span> <span class='ocrx_word' id='word_1_142' title='bbox 535 2208 613 2270; x_wconf 88' lang='lat' dir='ltr'><strong>quas</strong></span> <span class='ocrx_word' id='word_1_143' title='bbox 636 2204 885 2255; x_wconf 82' lang='lat' dir='ltr'><strong>corrrmemorsre</strong></span> <span class='ocrx_word' id='word_1_144' title='bbox 919 2205 981 2250; x_wconf 88' lang='lat' dir='ltr'><strong>non</strong></span> <span class='ocrx_word' id='word_1_145' title='bbox 996 2202 1077 2267; x_wconf 89' lang='lat' dir='ltr'><strong>opus</strong></span> <span class='ocrx_word' id='word_1_146' title='bbox 1096 2189 1145 2251; x_wconf 88' lang='lat' dir='ltr'><strong>est</strong></span> <span class='ocrx_word' id='word_1_147' title='bbox 1159 2206 1358 2271; x_wconf 86' lang='lat' dir='ltr'><strong>quarumque</strong></span> 
     </span>
     <span class='ocr_line' id='line_1_20' title="bbox 200 2283 1358 2365; baseline 0.002 -14"><span class='ocrx_word' id='word_1_148' title='bbox 200 2284 256 2351; x_wconf 88' lang='lat' dir='ltr'><strong>loc</strong></span> <span class='ocrx_word' id='word_1_149' title='bbox 279 2289 332 2352; x_wconf 85' lang='lat' dir='ltr'><strong>est</strong></span> <span class='ocrx_word' id='word_1_150' title='bbox 354 2304 534 2365; x_wconf 88' lang='lat' dir='ltr'><strong>commuue,</strong></span> <span class='ocrx_word' id='word_1_151' title='bbox 572 2292 608 2350; x_wconf 92' lang='lat' dir='ltr'><strong>ut</strong></span> <span class='ocrx_word' id='word_1_152' title='bbox 631 2287 748 2365; x_wconf 87' lang='lat' dir='ltr'><strong>ubique</strong></span> <span class='ocrx_word' id='word_1_153' title='bbox 777 2283 896 2364; x_wconf 90' lang='lat' dir='ltr'><strong>aliquid</strong></span> <span class='ocrx_word' id='word_1_154' title='bbox 919 2284 1028 2348; x_wconf 86' lang='lat' dir='ltr'><strong>nativa</strong></span> <span class='ocrx_word' id='word_1_155' title='bbox 1049 2283 1175 2349; x_wconf 88' lang='lat' dir='ltr'><strong>ratione</strong></span> <span class='ocrx_word' id='word_1_156' title='bbox 1199 2288 1259 2350; x_wconf 90' lang='lat' dir='ltr'><strong>toti</strong></span> <span class='ocrx_word' id='word_1_157' title='bbox 1282 2287 1358 2353; x_wconf 90' lang='lat' dir='ltr'><strong>sub·</strong></span> 
     </span>
     <span class='ocr_line' id='line_1_21' title="bbox 202 2381 1383 2461; baseline 0 -13"><span class='ocrx_word' id='word_1_158' title='bbox 202 2384 338 2450; x_wconf 87' lang='lat' dir='ltr'><strong>liciatur.</strong></span> <span class='ocrx_word' id='word_1_159' title='bbox 383 2382 447 2449; x_wconf 86' lang='lat' dir='ltr'><strong>Sed</strong></span> <span class='ocrx_word' id='word_1_160' title='bbox 473 2384 605 2449; x_wconf 91' lang='lat' dir='ltr'><strong>dubium</strong></span> <span class='ocrx_word' id='word_1_161' title='bbox 631 2388 681 2450; x_wconf 89' lang='lat' dir='ltr'><strong>cst</strong></span> <span class='ocrx_word' id='word_1_162' title='bbox 709 2402 784 2448; x_wconf 90' lang='lat' dir='ltr'><strong>num</strong></span> <span class='ocrx_word' id='word_1_163' title='bbox 811 2382 986 2447; x_wconf 88' lang='lat' dir='ltr'><strong>locutiones</strong></span> <span class='ocrx_word' id='word_1_164' title='bbox 1019 2381 1122 2461; x_wconf 91' lang='lat' dir='ltr'><strong>qualis</strong></span> <span class='ocrx_word' id='word_1_165' title='bbox 1152 2386 1202 2447; x_wconf 86' lang='lat' dir='ltr'><strong>est</strong></span> <span class='ocrx_word' id='word_1_166' title='bbox 1232 2387 1383 2457; x_wconf 72' lang='lat' dir='ltr'><strong>nominc·</strong></span> 
     </span>
     <span class='ocr_line' id='line_1_22' title="bbox 201 2478 1359 2564; baseline 0.003 -18"><span class='ocrx_word' id='word_1_167' title='bbox 201 2484 286 2546; x_wconf 66' lang='lat' dir='ltr'><strong>lucas</strong></span> <span class='ocrx_word' id='word_1_168' title='bbox 324 2481 398 2562; x_wconf 88' lang='lat' dir='ltr'><strong>(qui</strong></span> <span class='ocrx_word' id='word_1_169' title='bbox 426 2482 523 2564; x_wconf 91' lang='lat' dir='ltr'><strong>vulgo</strong></span> <span class='ocrx_word' id='word_1_170' title='bbox 553 2482 672 2548; x_wconf 88' lang='lat' dir='ltr'><strong>dicitur</strong></span> <span class='ocrx_word' id='word_1_171' title='bbox 696 2481 857 2563; x_wconf 80' lang='lat' dir='ltr'><strong>genitivus</strong></span> <span class='ocrx_word' id='word_1_172' title='bbox 883 2480 1044 2555; x_wconf 68' lang='lat' dir='ltr'><strong>maurice)</strong></span> <span class='ocrx_word' id='word_1_173' title='bbox 1082 2478 1145 2545; x_wconf 88' lang='lat' dir='ltr'><strong>huc</strong></span> <span class='ocrx_word' id='word_1_174' title='bbox 1171 2479 1359 2549; x_wconf 84' lang='lat' dir='ltr'><strong>referendae</strong></span> 
     </span>
     <span class='ocr_line' id='line_1_23' title="bbox 202 2576 1359 2661; baseline -0.002 -15"><span class='ocrx_word' id='word_1_175' title='bbox 202 2582 272 2646; x_wconf 78' lang='lat' dir='ltr'><strong>unt</strong></span> <span class='ocrx_word' id='word_1_176' title='bbox 318 2579 467 2646; x_wconf 80' lang='lat' dir='ltr'><strong>Alterum</strong></span> <span class='ocrx_word' id='word_1_177' title='bbox 502 2599 603 2661; x_wconf 88' lang='lat' dir='ltr'><strong>genus</strong></span> <span class='ocrx_word' id='word_1_178' title='bbox 633 2584 768 2661; x_wconf 85' lang='lat' dir='ltr'><strong>apparet</strong></span> <span class='ocrx_word' id='word_1_179' title='bbox 801 2579 834 2644; x_wconf 92' lang='lat' dir='ltr'><strong>in</strong></span> <span class='ocrx_word' id='word_1_180' title='bbox 864 2576 904 2644; x_wconf 83' lang='lat' dir='ltr'><strong>eo&#39;</strong></span> <span class='ocrx_word' id='word_1_181' title='bbox 931 2580 1086 2661; x_wconf 83' lang='lat' dir='ltr'><strong>gemtivo,</strong></span> <span class='ocrx_word' id='word_1_182' title='bbox 1122 2581 1176 2658; x_wconf 92' lang='lat' dir='ltr'><strong>qui</strong></span> <span class='ocrx_word' id='word_1_183' title='bbox 1205 2597 1277 2646; x_wconf 93' lang='lat' dir='ltr'><strong>cum</strong></span> <span class='ocrx_word' id='word_1_184' title='bbox 1307 2599 1359 2646; x_wconf 90' lang='lat' dir='ltr'><strong>su·</strong></span> 
     </span>
     <span class='ocr_line' id='line_1_24' title="bbox 202 2677 1360 2759; baseline -0.003 -15"><span class='ocrx_word' id='word_1_185' title='bbox 202 2681 329 2759; x_wconf 84' lang='lat' dir='ltr'><strong>periore</strong></span> <span class='ocrx_word' id='word_1_186' title='bbox 368 2685 439 2742; x_wconf 89' lang='lat' dir='ltr'><strong>arte</strong></span> <span class='ocrx_word' id='word_1_187' title='bbox 484 2678 670 2743; x_wconf 88' lang='lat' dir='ltr'><strong>coniunctus</strong></span> <span class='ocrx_word' id='word_1_188' title='bbox 708 2683 774 2755; x_wconf 86' lang='lat' dir='ltr'><strong>est,</strong></span> <span class='ocrx_word' id='word_1_189' title='bbox 824 2677 964 2757; x_wconf 84' lang='lat' dir='ltr'><strong>genitivo</strong></span> <span class='ocrx_word' id='word_1_190' title='bbox 1004 2681 1105 2749; x_wconf 64' lang='lat' dir='ltr'><strong>udus,</strong></span> <span class='ocrx_word' id='word_1_191' title='bbox 1146 2681 1225 2754; x_wconf 76' lang='lat' dir='ltr'><strong>qaod</strong></span> <span class='ocrx_word' id='word_1_192' title='bbox 1266 2683 1360 2742; x_wconf 68' lang='lat' dir='ltr'><strong>mersi</strong></span> 
     </span>
     <span class='ocr_line' id='line_1_25' title="bbox 199 2775 1360 2858; baseline 0.001 -19"><span class='ocrx_word' id='word_1_193' title='bbox 199 2795 317 2854; x_wconf 73' lang='lat' dir='ltr'><strong>maa,</strong></span> <span class='ocrx_word' id='word_1_194' title='bbox 345 2780 383 2840; x_wconf 91' lang='lat' dir='ltr'><strong>ut</strong></span> <span class='ocrx_word' id='word_1_195' title='bbox 402 2778 518 2838; x_wconf 80' lang='lat' dir='ltr'><strong>modius</strong></span> <span class='ocrx_word' id='word_1_196' title='bbox 539 2779 641 2854; x_wconf 80' lang='lat' dir='ltr'><strong>tritici,</strong></span> <span class='ocrx_word' id='word_1_197' title='bbox 669 2779 759 2838; x_wconf 74' lang='lat' dir='ltr'><strong>uncio</strong></span> <span class='ocrx_word' id='word_1_198' title='bbox 781 2779 852 2836; x_wconf 81' lang='lat' dir='ltr'><strong>cori</strong></span> <span class='ocrx_word' id='word_1_199' title='bbox 875 2776 946 2855; x_wconf 84' lang='lat' dir='ltr'><strong>(qui</strong></span> <span class='ocrx_word' id='word_1_200' title='bbox 969 2794 989 2838; x_wconf 89' lang='lat' dir='ltr'><strong>a</strong></span> <span class='ocrx_word' id='word_1_201' title='bbox 1010 2775 1176 2858; x_wconf 87' lang='lat' dir='ltr'><strong>Kruegero</strong></span> <span class='ocrx_word' id='word_1_202' title='bbox 1198 2793 1263 2840; x_wconf 89' lang='lat' dir='ltr'><strong>mon</strong></span> <span class='ocrx_word' id='word_1_203' title='bbox 1285 2781 1360 2857; x_wconf 87' lang='lat' dir='ltr'><strong>apte</strong></span> 
     </span>
     <span class='ocr_line' id='line_1_26' title="bbox 201 2872 1359 2955; baseline 0 -16"><span class='ocrx_word' id='word_1_204' title='bbox 201 2875 365 2955; x_wconf 82' lang='lat' dir='ltr'><strong>genitivus</strong></span> <span class='ocrx_word' id='word_1_205' title='bbox 394 2878 571 2948; x_wconf 77' lang='lat' dir='ltr'><strong>quantitatis</strong></span> <span class='ocrx_word' id='word_1_206' title='bbox 603 2873 798 2954; x_wconf 88' lang='lat' dir='ltr'><strong>appellatur,</strong></span> <span class='ocrx_word' id='word_1_207' title='bbox 835 2873 982 2951; x_wconf 87' lang='lat' dir='ltr'><strong>quoniam</strong></span> <span class='ocrx_word' id='word_1_208' title='bbox 1015 2872 1075 2938; x_wconf 93' lang='lat' dir='ltr'><strong>hoc</strong></span> <span class='ocrx_word' id='word_1_209' title='bbox 1106 2892 1219 2939; x_wconf 90' lang='lat' dir='ltr'><strong>nomen</strong></span> <span class='ocrx_word' id='word_1_210' title='bbox 1246 2874 1359 2939; x_wconf 88' lang='lat' dir='ltr'><strong>melius</strong></span> 
     </span>
     <span class='ocr_line' id='line_1_27' title="bbox 201 2969 1359 3052; baseline 0.003 -18"><span class='ocrx_word' id='word_1_211' title='bbox 201 2969 357 3052; x_wconf 84' lang='lat' dir='ltr'><strong>exemplis</strong></span> <span class='ocrx_word' id='word_1_212' title='bbox 379 2970 474 3050; x_wconf 87' lang='lat' dir='ltr'><strong>plane</strong></span> <span class='ocrx_word' id='word_1_213' title='bbox 496 2972 674 3050; x_wconf 89' lang='lat' dir='ltr'><strong>contrariis,</strong></span> <span class='ocrx_word' id='word_1_214' title='bbox 698 2971 786 3036; x_wconf 91' lang='lat' dir='ltr'><strong>velut</strong></span> <span class='ocrx_word' id='word_1_215' title='bbox 805 2989 914 3032; x_wconf 75' lang='lat' dir='ltr'><strong>coram</strong></span> <span class='ocrx_word' id='word_1_216' title='bbox 936 2975 1039 3045; x_wconf 69' lang='lat' dir='ltr'><strong>magni</strong></span> <span class='ocrx_word' id='word_1_217' title='bbox 1054 2974 1197 3047; x_wconf 79' lang='lat' dir='ltr'><strong>ponderis</strong></span> <span class='ocrx_word' id='word_1_218' title='bbox 1211 2973 1359 3037; x_wconf 88' lang='lat' dir='ltr'><strong>couveni-</strong></span> 
     </span>
     <span class='ocr_line' id='line_1_28' title="bbox 201 3068 1361 3151; baseline 0.002 -18"><span class='ocrx_word' id='word_1_219' title='bbox 201 3068 276 3145; x_wconf 89' lang='lat' dir='ltr'><strong>ret).</strong></span> <span class='ocrx_word' id='word_1_220' title='bbox 322 3068 385 3134; x_wconf 88' lang='lat' dir='ltr'><strong>Hic</strong></span> <span class='ocrx_word' id='word_1_221' title='bbox 407 3069 598 3134; x_wconf 87' lang='lat' dir='ltr'><strong>obversatur</strong></span> <span class='ocrx_word' id='word_1_222' title='bbox 621 3069 667 3148; x_wconf 92' lang='lat' dir='ltr'><strong>ei,</strong></span> <span class='ocrx_word' id='word_1_223' title='bbox 705 3069 758 3148; x_wconf 92' lang='lat' dir='ltr'><strong>qui</strong></span> <span class='ocrx_word' id='word_1_224' title='bbox 788 3069 944 3148; x_wconf 86' lang='lat' dir='ltr'><strong>loquitur,</strong></span> <span class='ocrx_word' id='word_1_225' title='bbox 981 3068 1064 3132; x_wconf 90' lang='lat' dir='ltr'><strong>ratio</strong></span> <span class='ocrx_word' id='word_1_226' title='bbox 1092 3088 1152 3133; x_wconf 90' lang='lat' dir='ltr'><strong>usu</strong></span> <span class='ocrx_word' id='word_1_227' title='bbox 1173 3074 1304 3151; x_wconf 86' lang='lat' dir='ltr'><strong>recepta</strong></span> <span class='ocrx_word' id='word_1_228' title='bbox 1327 3076 1361 3135; x_wconf 89' lang='lat' dir='ltr'><strong>et</strong></span> 
     </span>
     <span class='ocr_line' id='line_1_29' title="bbox 201 3166 1359 3247; baseline 0.001 -17"><span class='ocrx_word' id='word_1_229' title='bbox 201 3167 340 3246; x_wconf 85' lang='lat' dir='ltr'><strong>sancita,</strong></span> <span class='ocrx_word' id='word_1_230' title='bbox 379 3185 451 3231; x_wconf 90' lang='lat' dir='ltr'><strong>cum</strong></span> <span class='ocrx_word' id='word_1_231' title='bbox 485 3185 636 3231; x_wconf 88' lang='lat' dir='ltr'><strong>mensura</strong></span> <span class='ocrx_word' id='word_1_232' title='bbox 665 3166 793 3247; x_wconf 88' lang='lat' dir='ltr'><strong>proprie</strong></span> <span class='ocrx_word' id='word_1_233' title='bbox 821 3184 882 3230; x_wconf 87' lang='lat' dir='ltr'><strong>uon</strong></span> <span class='ocrx_word' id='word_1_234' title='bbox 910 3166 979 3245; x_wconf 81' lang='lat' dir='ltr'><strong>ipsa</strong></span> <span class='ocrx_word' id='word_1_235' title='bbox 1010 3166 1053 3229; x_wconf 89' lang='lat' dir='ltr'><strong>sit</strong></span> <span class='ocrx_word' id='word_1_236' title='bbox 1081 3184 1155 3246; x_wconf 88' lang='lat' dir='ltr'><strong>pars</strong></span> <span class='ocrx_word' id='word_1_237' title='bbox 1186 3167 1234 3231; x_wconf 88' lang='lat' dir='ltr'><strong>rei</strong></span> <span class='ocrx_word' id='word_1_238' title='bbox 1264 3185 1359 3246; x_wconf 87' lang='lat' dir='ltr'><strong>quam</strong></span> 
     </span>
     <span class='ocr_line' id='line_1_30' title="bbox 202 3262 1361 3346; baseline -0.002 -18"><span class='ocrx_word' id='word_1_239' title='bbox 202 3264 304 3330; x_wconf 82' lang='lat' dir='ltr'><strong>mensi</strong></span> <span class='ocrx_word' id='word_1_240' title='bbox 328 3282 455 3343; x_wconf 89' lang='lat' dir='ltr'><strong>sumus,</strong></span> <span class='ocrx_word' id='word_1_241' title='bbox 477 3264 534 3329; x_wconf 88' lang='lat' dir='ltr'><strong>sed</strong></span> <span class='ocrx_word' id='word_1_242' title='bbox 557 3265 664 3346; x_wconf 92' lang='lat' dir='ltr'><strong>potius</strong></span> <span class='ocrx_word' id='word_1_243' title='bbox 686 3282 762 3343; x_wconf 87' lang='lat' dir='ltr'><strong>pars</strong></span> <span class='ocrx_word' id='word_1_244' title='bbox 786 3264 924 3327; x_wconf 88' lang='lat' dir='ltr'><strong>notionis</strong></span> <span class='ocrx_word' id='word_1_245' title='bbox 947 3262 1048 3342; x_wconf 90' lang='lat' dir='ltr'><strong>magis</strong></span> <span class='ocrx_word' id='word_1_246' title='bbox 1071 3262 1230 3342; x_wconf 84' lang='lat' dir='ltr'><strong>generalis</strong></span> <span class='ocrx_word' id='word_1_247' title='bbox 1252 3269 1286 3328; x_wconf 89' lang='lat' dir='ltr'><strong>et</strong></span> <span class='ocrx_word' id='word_1_248' title='bbox 1308 3282 1361 3327; x_wconf 92' lang='lat' dir='ltr'><strong>su·</strong></span> 
     </span>
     <span class='ocr_line' id='line_1_31' title="bbox 203 3360 1361 3443; baseline -0.002 -17"><span class='ocrx_word' id='word_1_249' title='bbox 203 3361 341 3443; x_wconf 84' lang='lat' dir='ltr'><strong>periuris</strong></span> <span class='ocrx_word' id='word_1_250' title='bbox 365 3369 398 3426; x_wconf 94' lang='lat' dir='ltr'><strong>et</strong></span> <span class='ocrx_word' id='word_1_251' title='bbox 420 3361 482 3426; x_wconf 87' lang='lat' dir='ltr'><strong>iam</strong></span> <span class='ocrx_word' id='word_1_252' title='bbox 504 3365 606 3443; x_wconf 89' lang='lat' dir='ltr'><strong>magis</strong></span> <span class='ocrx_word' id='word_1_253' title='bbox 631 3361 800 3428; x_wconf 87' lang='lat' dir='ltr'><strong>arbitrario</strong></span> <span class='ocrx_word' id='word_1_254' title='bbox 823 3379 883 3423; x_wconf 85' lang='lat' dir='ltr'><strong>usu</strong></span> <span class='ocrx_word' id='word_1_255' title='bbox 906 3378 977 3424; x_wconf 93' lang='lat' dir='ltr'><strong>cum</strong></span> <span class='ocrx_word' id='word_1_256' title='bbox 1000 3366 1082 3437; x_wconf 90' lang='lat' dir='ltr'><strong>toto,</strong></span> <span class='ocrx_word' id='word_1_257' title='bbox 1114 3360 1197 3441; x_wconf 95' lang='lat' dir='ltr'><strong>quod</strong></span> <span class='ocrx_word' id='word_1_258' title='bbox 1227 3360 1361 3424; x_wconf 88' lang='lat' dir='ltr'><strong>metien-</strong></span> 
     </span>
     <span class='ocr_line' id='line_1_32' title="bbox 203 3457 1361 3540; baseline -0.001 -17"><span class='ocrx_word' id='word_1_259' title='bbox 203 3459 279 3524; x_wconf 92' lang='lat' dir='ltr'><strong>dum</strong></span> <span class='ocrx_word' id='word_1_260' title='bbox 303 3466 365 3538; x_wconf 89' lang='lat' dir='ltr'><strong>est,</strong></span> <span class='ocrx_word' id='word_1_261' title='bbox 388 3461 611 3540; x_wconf 88' lang='lat' dir='ltr'><strong>coniungatur.</strong></span> <span class='ocrx_word' id='word_1_262' title='bbox 657 3460 824 3524; x_wconf 88' lang='lat' dir='ltr'><strong>Transitus</strong></span> <span class='ocrx_word' id='word_1_263' title='bbox 848 3457 962 3522; x_wconf 86' lang='lat' dir='ltr'><strong>exilio</strong></span> <span class='ocrx_word' id='word_1_264' title='bbox 985 3476 1100 3538; x_wconf 89' lang='lat' dir='ltr'><strong>genere</strong></span> <span class='ocrx_word' id='word_1_265' title='bbox 1122 3458 1162 3521; x_wconf 87' lang='lat' dir='ltr'><strong>ad</strong></span> <span class='ocrx_word' id='word_1_266' title='bbox 1185 3458 1244 3523; x_wconf 93' lang='lat' dir='ltr'><strong>hoc</strong></span> <span class='ocrx_word' id='word_1_267' title='bbox 1266 3475 1361 3538; x_wconf 88' lang='lat' dir='ltr'><strong>saepe</strong></span> 
     </span>
     <span class='ocr_line' id='line_1_33' title="bbox 203 3554 1362 3638; baseline -0.002 -17"><span class='ocrx_word' id='word_1_268' title='bbox 203 3558 249 3621; x_wconf 91' lang='lat' dir='ltr'><strong>ita</strong></span> <span class='ocrx_word' id='word_1_269' title='bbox 271 3558 393 3623; x_wconf 90' lang='lat' dir='ltr'><strong>sensim</strong></span> <span class='ocrx_word' id='word_1_270' title='bbox 416 3576 454 3621; x_wconf 91' lang='lat' dir='ltr'><strong>ac</strong></span> <span class='ocrx_word' id='word_1_271' title='bbox 476 3558 630 3638; x_wconf 84' lang='lat' dir='ltr'><strong>paulatim</strong></span> <span class='ocrx_word' id='word_1_272' title='bbox 654 3557 705 3635; x_wconf 88' lang='lat' dir='ltr'><strong>fit,</strong></span> <span class='ocrx_word' id='word_1_273' title='bbox 729 3562 850 3620; x_wconf 86' lang='lat' dir='ltr'><strong>utnon</strong></span> <span class='ocrx_word' id='word_1_274' title='bbox 874 3555 989 3619; x_wconf 89' lang='lat' dir='ltr'><strong>iniuria</strong></span> <span class='ocrx_word' id='word_1_275' title='bbox 1012 3574 1104 3620; x_wconf 90' lang='lat' dir='ltr'><strong>usum</strong></span> <span class='ocrx_word' id='word_1_276' title='bbox 1126 3554 1230 3620; x_wconf 90' lang='lat' dir='ltr'><strong>adhuc</strong></span> <span class='ocrx_word' id='word_1_277' title='bbox 1252 3555 1362 3635; x_wconf 88' lang='lat' dir='ltr'><strong>vulga·</strong></span> 
     </span>
     <span class='ocr_line' id='line_1_34' title="bbox 205 3653 1363 3734; baseline -0.002 -14"><span class='ocrx_word' id='word_1_278' title='bbox 205 3659 271 3720; x_wconf 89' lang='lat' dir='ltr'><strong>tum</strong></span> <span class='ocrx_word' id='word_1_279' title='bbox 295 3661 330 3720; x_wconf 87' lang='lat' dir='ltr'><strong>et</strong></span> <span class='ocrx_word' id='word_1_280' title='bbox 350 3659 516 3734; x_wconf 84' lang='lat' dir='ltr'><strong>receptum</strong></span> <span class='ocrx_word' id='word_1_281' title='bbox 545 3658 684 3721; x_wconf 87' lang='lat' dir='ltr'><strong>retinere</strong></span> <span class='ocrx_word' id='word_1_282' title='bbox 707 3659 741 3719; x_wconf 85' lang='lat' dir='ltr'><strong>et</strong></span> <span class='ocrx_word' id='word_1_283' title='bbox 763 3662 933 3733; x_wconf 89' lang='lat' dir='ltr'><strong>utrumque</strong></span> <span class='ocrx_word' id='word_1_284' title='bbox 955 3672 1056 3734; x_wconf 85' lang='lat' dir='ltr'><strong>genus</strong></span> <span class='ocrx_word' id='word_1_285' title='bbox 1078 3654 1204 3719; x_wconf 83' lang='lat' dir='ltr'><strong>domiue</strong></span> <span class='ocrx_word' id='word_1_286' title='bbox 1232 3653 1363 3734; x_wconf 85' lang='lat' dir='ltr'><strong>genitivi</strong></span> 
     </span>
     <span class='ocr_line' id='line_1_35' title="bbox 205 3749 860 3833; baseline -0.006 -18"><span class='ocrx_word' id='word_1_287' title='bbox 205 3758 292 3817; x_wconf 69' lang='lat' dir='ltr'><strong>udus</strong></span> <span class='ocrx_word' id='word_1_288' title='bbox 315 3753 384 3818; x_wconf 90' lang='lat' dir='ltr'><strong>sive</strong></span> <span class='ocrx_word' id='word_1_289' title='bbox 400 3755 539 3827; x_wconf 70' lang='lat' dir='ltr'><strong>partitiva·</strong></span> <span class='ocrx_word' id='word_1_290' title='bbox 560 3751 727 3833; x_wconf 86' lang='lat' dir='ltr'><strong>complecti</strong></span> <span class='ocrx_word' id='word_1_291' title='bbox 749 3749 860 3830; x_wconf 85' lang='lat' dir='ltr'><strong>possis.</strong></span> 
     </span>
    </p>

    <p class='ocr_par' dir='ltr' id='par_1_5' title="bbox 209 3849 1365 4324">
     <span class='ocr_line' id='line_1_36' title="bbox 290 3849 1364 3931; baseline 0 -15"><span class='ocrx_word' id='word_1_292' title='bbox 290 3851 329 3916; x_wconf 87' lang='lat' dir='ltr'><strong>In</strong></span> <span class='ocrx_word' id='word_1_293' title='bbox 353 3849 457 3913; x_wconf 83' lang='lat' dir='ltr'><strong>altera</strong></span> <span class='ocrx_word' id='word_1_294' title='bbox 478 3850 570 3928; x_wconf 89' lang='lat' dir='ltr'><strong>serie,</strong></span> <span class='ocrx_word' id='word_1_295' title='bbox 594 3849 791 3931; x_wconf 87' lang='lat' dir='ltr'><strong>qualitativa,</strong></span> <span class='ocrx_word' id='word_1_296' title='bbox 815 3849 911 3913; x_wconf 92' lang='lat' dir='ltr'><strong>etiam</strong></span> <span class='ocrx_word' id='word_1_297' title='bbox 927 3849 1028 3912; x_wconf 87' lang='lat' dir='ltr'><strong>maior</strong></span> <span class='ocrx_word' id='word_1_298' title='bbox 1043 3850 1206 3913; x_wconf 88' lang='lat' dir='ltr'><strong>notionum</strong></span> <span class='ocrx_word' id='word_1_299' title='bbox 1224 3851 1364 3916; x_wconf 88' lang='lat' dir='ltr'><strong>varietas</strong></span> 
     </span>
     <span class='ocr_line' id='line_1_37' title="bbox 209 3946 1361 4031; baseline -0.001 -17"><span class='ocrx_word' id='word_1_300' title='bbox 209 3954 352 4031; x_wconf 87' lang='lat' dir='ltr'><strong>apparet.</strong></span> <span class='ocrx_word' id='word_1_301' title='bbox 398 3949 447 4010; x_wconf 81' lang='lat' dir='ltr'><strong>dd</strong></span> <span class='ocrx_word' id='word_1_302' title='bbox 471 3949 561 4028; x_wconf 88' lang='lat' dir='ltr'><strong>prius</strong></span> <span class='ocrx_word' id='word_1_303' title='bbox 584 3968 703 4029; x_wconf 77' lang='lat' dir='ltr'><strong>gonuS,</strong></span> <span class='ocrx_word' id='word_1_304' title='bbox 738 3946 898 4012; x_wconf 84' lang='lat' dir='ltr'><strong>vutionmn</strong></span> <span class='ocrx_word' id='word_1_305' title='bbox 920 3965 1002 4027; x_wconf 87' lang='lat' dir='ltr'><strong>quae</strong></span> <span class='ocrx_word' id='word_1_306' title='bbox 1025 3952 1140 4011; x_wconf 83' lang='lat' dir='ltr'><strong>nature</strong></span> <span class='ocrx_word' id='word_1_307' title='bbox 1161 3947 1255 4012; x_wconf 90' lang='lat' dir='ltr'><strong>datae</strong></span> <span class='ocrx_word' id='word_1_308' title='bbox 1278 3955 1361 4028; x_wconf 89' lang='lat' dir='ltr'><strong>sunt,</strong></span> 
     </span>
     <span class='ocr_line' id='line_1_38' title="bbox 210 4045 1363 4127; baseline 0 -15"><span class='ocrx_word' id='word_1_309' title='bbox 210 4049 342 4126; x_wconf 85' lang='lat' dir='ltr'><strong>primum</strong></span> <span class='ocrx_word' id='word_1_310' title='bbox 371 4065 411 4110; x_wconf 91' lang='lat' dir='ltr'><strong>ea</strong></span> <span class='ocrx_word' id='word_1_311' title='bbox 441 4045 585 4127; x_wconf 82' lang='lat' dir='ltr'><strong>exempla</strong></span> <span class='ocrx_word' id='word_1_312' title='bbox 613 4053 778 4126; x_wconf 87' lang='lat' dir='ltr'><strong>spectant,</strong></span> <span class='ocrx_word' id='word_1_313' title='bbox 817 4047 848 4110; x_wconf 90' lang='lat' dir='ltr'><strong>in</strong></span> <span class='ocrx_word' id='word_1_314' title='bbox 878 4045 993 4124; x_wconf 90' lang='lat' dir='ltr'><strong>quibus</strong></span> <span class='ocrx_word' id='word_1_315' title='bbox 1021 4046 1141 4110; x_wconf 86' lang='lat' dir='ltr'><strong>notioni</strong></span> <span class='ocrx_word' id='word_1_316' title='bbox 1175 4045 1363 4126; x_wconf 84' lang='lat' dir='ltr'><strong>exprimenti</strong></span> 
     </span>
     <span class='ocr_line' id='line_1_39' title="bbox 210 4143 1365 4226; baseline 0.002 -20"><span class='ocrx_word' id='word_1_317' title='bbox 210 4144 337 4225; x_wconf 91' lang='lat' dir='ltr'><strong>aliquid,</strong></span> <span class='ocrx_word' id='word_1_318' title='bbox 367 4144 453 4222; x_wconf 92' lang='lat' dir='ltr'><strong>quod</strong></span> <span class='ocrx_word' id='word_1_319' title='bbox 475 4144 611 4209; x_wconf 81' lang='lat' dir='ltr'><strong>ahcuius</strong></span> <span class='ocrx_word' id='word_1_320' title='bbox 634 4145 799 4226; x_wconf 82' lang='lat' dir='ltr'><strong>proprium</strong></span> <span class='ocrx_word' id='word_1_321' title='bbox 823 4150 881 4221; x_wconf 86' lang='lat' dir='ltr'><strong>est,</strong></span> <span class='ocrx_word' id='word_1_322' title='bbox 904 4143 1087 4223; x_wconf 86' lang='lat' dir='ltr'><strong>adiungitur</strong></span> <span class='ocrx_word' id='word_1_323' title='bbox 1109 4144 1270 4224; x_wconf 86' lang='lat' dir='ltr'><strong>genitivus</strong></span> <span class='ocrx_word' id='word_1_324' title='bbox 1292 4162 1365 4224; x_wconf 86' lang='lat' dir='ltr'><strong>per·</strong></span> 
     </span>
     <span class='ocr_line' id='line_1_40' title="bbox 213 4240 1365 4324; baseline 0 -19"><span class='ocrx_word' id='word_1_325' title='bbox 213 4259 305 4306; x_wconf 86' lang='lat' dir='ltr'><strong>sonae</strong></span> <span class='ocrx_word' id='word_1_326' title='bbox 327 4241 378 4306; x_wconf 89' lang='lat' dir='ltr'><strong>vel</strong></span> <span class='ocrx_word' id='word_1_327' title='bbox 402 4242 464 4320; x_wconf 90' lang='lat' dir='ltr'><strong>rei,</strong></span> <span class='ocrx_word' id='word_1_328' title='bbox 491 4241 581 4307; x_wconf 90' lang='lat' dir='ltr'><strong>cuius</strong></span> <span class='ocrx_word' id='word_1_329' title='bbox 605 4250 655 4306; x_wconf 87' lang='lat' dir='ltr'><strong>est</strong></span> <span class='ocrx_word' id='word_1_330' title='bbox 678 4242 755 4306; x_wconf 92' lang='lat' dir='ltr'><strong>illud</strong></span> <span class='ocrx_word' id='word_1_331' title='bbox 778 4241 959 4324; x_wconf 87' lang='lat' dir='ltr'><strong>proprium,</strong></span> <span class='ocrx_word' id='word_1_332' title='bbox 996 4240 1047 4304; x_wconf 89' lang='lat' dir='ltr'><strong>cui</strong></span> <span class='ocrx_word' id='word_1_333' title='bbox 1069 4240 1101 4303; x_wconf 88' lang='lat' dir='ltr'><strong>iu</strong></span> <span class='ocrx_word' id='word_1_334' title='bbox 1123 4240 1225 4304; x_wconf 84' lang='lat' dir='ltr'><strong>altero</strong></span> <span class='ocrx_word' id='word_1_335' title='bbox 1246 4259 1365 4322; x_wconf 84' lang='lat' dir='ltr'><strong>genere</strong></span> 
     </span>
    </p>
   </div>
   <div class='ocr_carea' id='block_1_3' title="bbox 212 4338 1366 4500">
    <p class='ocr_par' dir='ltr' id='par_1_6' title="bbox 212 4338 1366 4500">
     <span class='ocr_line' id='line_1_41' title="bbox 212 4338 1366 4419; baseline 0.001 -16"><span class='ocrx_word' id='word_1_336' title='bbox 212 4340 382 4419; x_wconf 85' lang='lat' dir='ltr'><strong>respondet</strong></span> <span class='ocrx_word' id='word_1_337' title='bbox 404 4340 563 4419; x_wconf 84' lang='lat' dir='ltr'><strong>genitivus</strong></span> <span class='ocrx_word' id='word_1_338' title='bbox 589 4345 778 4414; x_wconf 79' lang='lat' dir='ltr'><strong>possessoris,</strong></span> <span class='ocrx_word' id='word_1_339' title='bbox 813 4341 846 4402; x_wconf 86' lang='lat' dir='ltr'><strong>in</strong></span> <span class='ocrx_word' id='word_1_340' title='bbox 867 4339 956 4403; x_wconf 91' lang='lat' dir='ltr'><strong>cuius</strong></span> <span class='ocrx_word' id='word_1_341' title='bbox 979 4355 1040 4401; x_wconf 92' lang='lat' dir='ltr'><strong>usu</strong></span> <span class='ocrx_word' id='word_1_342' title='bbox 1063 4338 1204 4402; x_wconf 85' lang='lat' dir='ltr'><strong>rationes</strong></span> <span class='ocrx_word' id='word_1_343' title='bbox 1226 4338 1296 4402; x_wconf 88' lang='lat' dir='ltr'><strong>iure</strong></span> <span class='ocrx_word' id='word_1_344' title='bbox 1319 4340 1366 4404; x_wconf 83' lang='lat' dir='ltr'><strong>fa·</strong></span> 
     </span>
     <span class='ocr_line' id='line_1_42' title="bbox 263 4439 1150 4500; baseline -0.003 -21"><span class='ocrx_word' id='word_1_345' title='bbox 263 4439 345 4487; x_wconf 79' lang='lat' dir='ltr'><strong>llotlu,</strong></span> <span class='ocrx_word' id='word_1_346' title='bbox 360 4439 472 4490; x_wconf 69' lang='lat' dir='ltr'><strong>§putaris</strong></span> <span class='ocrx_word' id='word_1_347' title='bbox 486 4439 503 4480; x_wconf 91' lang='lat'><strong>1.</strong></span> <span class='ocrx_word' id='word_1_348' title='bbox 1113 4447 1150 4500; x_wconf 77' lang='lat'><strong>21</strong></span> 
     </span>
    </p>
   </div>
   <div class='ocr_carea' id='block_1_4' title="bbox 0 0 1579 5075">
    <p class='ocr_par' dir='ltr' id='par_1_7' title="bbox 0 0 1579 5075">
     <span class='ocr_line' id='line_1_43' title="bbox 0 0 1579 5075; baseline 0 0"><span class='ocrx_word' id='word_1_349' title='bbox 0 0 1579 5075; x_wconf 95' lang='lat' dir='ltr'><strong> </strong></span> 
     </span>
    </p>
   </div>
  </div>
 </body>
</html>
