3125 5075
513 352 659 393 nocemus
687 351 918 393 elementarium.
1221 357 1283 420 367

135 542 237 612 doque
260 557 328 615 erpo
351 558 380 602 v.
412 540 441 617 5.
466 547 514 605 51.
536 559 564 606 o.
592 543 699 615 Itaque
725 542 799 601 odeo
827 540 987 605 invenitur
1016 538 1101 622 apud
1128 538 1289 620 Aquinum

136 635 271 700 Boeotia
293 635 329 700 ir.
358 643 384 715 1,
408 655 437 700 v.
462 643 491 703 8.
515 639 641 703 Terent.
666 637 741 703 Hec.
765 638 808 717 ΙΙ,
834 644 861 717 l,
884 644 913 701 l.

226 739 275 798 54.
320 734 408 800 llaec
430 735 586 801 hactenns
609 736 649 799 de
670 734 709 799 iis
732 734 1014 811 coniunctionibus,
1037 734 1167 816 quaein
1190 752 1290 798 enun-

136 830 328 896 tiationibus
354 833 514 912 primariis
543 840 712 915 ponuntur.
755 833 969 899 Transeamus
993 832 1128 910 adeas,
1153 831 1291 911 quaein

136 929 335 995 secundariis
363 931 636 998 enunciationibus
664 937 858 1013 usurpantm·
880 939 913 997 et
940 930 1064 995 initium
1094 928 1247 995 faciamus
1271 946 1291 992 a

137 1026 375 1107 temporalibus.

223 1143 250 1189 a
295 1124 344 1191 Dc
364 1129 435 1188 dum
457 1127 674 1193 coniunctione
695 1127 728 1190 in
750 1126 894 1191 doctrina
921 1133 1099 1206 temporum
1123 1130 1156 1191 et
1178 1124 1287 1189 modo·

137 1240 208 1285 rum
231 1221 293 1285 iam
316 1224 395 1289 satis
426 1225 543 1289 dictum
573 1230 630 1289 est.
675 1225 767 1290 Addo
795 1233 912 1303 quarta
939 1222 1170 1306 significatione
1198 1226 1238 1299 (v.
1263 1241 1289 1288 c.

138 1318 210 1397 XII,
233 1319 253 1396 ἓ
279 1326 297 1383 7
320 1322 355 1401 d)
378 1323 404 1387 si
427 1323 554 1403 negatio
576 1323 765 1405 apponitur,
794 1340 921 1402 semper
949 1322 1030 1387 banc
1057 1340 1128 1388 esse
1149 1342 1194 1385 me.
1240 1321 1293 1387 Sic

141 1414 222 1481 Cato
252 1418 289 1481 R.
311 1419 348 1482 R.
373 1438 398 1486 o.
428 1426 483 1485 33:
516 1425 609 1497 Quam
636 1424 811 1483 altissimam
844 1424 957 1482 vineam
985 1422 1076 1483 lacito
1110 1425 1290 1497 alligatoque

139 1524 233 1593 recte,
257 1518 329 1577 dum
351 1537 387 1578 me
409 1522 528 1580 nimium
552 1523 750 1596 constringas.
796 1515 830 1581 (3.
854 1523 906 1582 50:
939 1521 1021 1593 Quae
1051 1521 1239 1580 crassissima
1262 1524 1294 1579 et

139 1617 336 1689 aquosissima
357 1628 452 1691 erunt,
477 1636 513 1678 ea
527 1628 709 1694 postremum
726 1625 821 1687 arato,
843 1618 913 1677 darm
934 1635 971 1677 me
985 1619 1068 1692 prins
1084 1618 1293 1679 obdurescant.

139 1709 243 1774 Plaut.
269 1709 359 1792 Capt.
382 1713 447 1792 111,
471 1721 507 1794 5,
530 1719 588 1779 24:
618 1716 701 1774 Dmm
721 1733 758 1775 ms
780 1718 817 1776 ob
839 1714 1013 1793 malefacta,
1036 1732 1175 1791 peream:
1206 1715 1293 1789 parvi

140 1808 197 1886 [id]
221 1819 363 1887 sestnmo,
388 1812 441 1877 ubi
464 1812 535 1876 vide
558 1811 697 1877 bindem.
729 1810 792 1876 Sed
814 1813 886 1873 mor
901 1810 1078 1892 coniunctio
1101 1809 1292 1890 quibusdam

139 1912 171 1975 in
195 1911 304 1975 formis
327 1908 363 1973 fit
385 1909 568 1975 adverbium
593 1915 626 1973 et
647 1906 805 1988 signifieat
827 1912 867 1969 ad
881 1913 959 1971 immo
974 1912 1112 1984 tempores
1135 1910 1293 1969 domninum

140 2028 241 2084 usque,
264 2011 370 2069 addim
415 2007 465 2072 lta
488 2007 687 2088 componitur
714 2026 784 2072 cum
812 2010 901 2071 etiam
933 2013 965 2071 et
986 2006 1103 2071 dicitur
1124 2007 1294 2075 etiomdum,

140 2106 225 2188 qnod
253 2113 302 2170 est
329 2108 434 2169 adbuc.
471 2106 543 2177 ·(Sic
565 2105 709 2170 Handins
731 2104 779 2184 ll,
802 2123 831 2185 p.
857 2108 939 2175 322).
969 2103 1073 2169 Plaut.
1098 2104 1161 2168 llil.
1186 2104 1239 2181 lV,
1264 2108 1294 2183 2,

141 2212 177 2271 2:
209 2207 409 2267 Dissimulabo
432 2207 486 2267 bos
514 2206 600 2280 qnasi
618 2203 688 2265 'non
711 2206 826 2265 videam
857 2221 952 2279 neque
975 2221 1041 2264 esse
1065 2206 1113 2264 bic
1136 2203 1301 2264 etiamdum>

109 2300 112 2304 ’
141 2308 242 2367 sciam.
287 2302 403 2367 Pseud.
425 2300 480 2376 IV,
505 2306 540 2377 2,
564 2305 598 2364 2:
623 2303 698 2363 Nam
721 2304 795 2362 nihil
818 2304 907 2361 ctiam
928 2302 998 2361 dum
1018 2303 1192 2377 harpagarit
1207 2318 1297 2375 prae·

140 2413 188 2464 ter
211 2403 349 2462 cnathum
369 2410 403 2490 pt
425 2402 609 2462 cantharum.
655 2403 684 2474 3,
710 2404 762 2462 ll:
787 2397 885 2477 [Tum]
914 2410 1012 2460 metuo
1035 2417 1161 2460 necrus
1190 2400 1296 2458 redeat

140 2504 229 2563 ctiam
258 2500 328 2561 diam
359 2518 377 2562 a
406 2499 482 2562 foro.
526 2496 608 2563 Rnd.
630 2514 658 2561 v.
684 2500 774 2562 1381.
809 2495 936 2561 Terent
960 2495 1074 2561 Heaut
1105 2495 1293 2576 ll,l,17:

141 2618 238 2676 neque
276 2602 366 2660 etiam
400 2600 470 2657 dom
503 2601 561 2659 scit
595 2605 690 2674 pstor.
740 2594 958 2659 Memorabilis
991 2597 1041 2659 est
1074 2593 1163 2659 locus
1190 2594 1294 2658 Plaut.

140 2695 232 2774 Epid.
256 2696 321 2775 ΙΙΙ,
343 2702 378 2774 4,
406 2699 461 2761 69;
486 2698 645 2773 Postquam
673 2698 813 2772 liberast,
840 2695 899 2756 Ubi
927 2696 1042 2756 habitet
1066 2694 1148 2763 dmm,
1178 2697 1295 2755 incerto

143 2795 214 2853 scio.
246 2790 305 2868 (sic
334 2791 463 2870 Iacob).
507 2789 718 2874 coniungitur
752 2794 825 2853 dum
853 2791 959 2856 verbis
985 2790 1178 2871 negationis,
1212 2790 1295 2855 unde

144 2887 285 2953 existunt
307 2905 334 2947 r.
356 2889 498 2957 amdam,
519 2892 649 2952 mccdmm
693 2888 745 2955 Sic
768 2887 872 2954 Plaut
896 2890 1009 2955 Pseud.
1034 2888 1082 2970 ll,
1106 2894 1135 2969 2,
1159 2894 1213 2955 30:
1244 2908 1294 2950 mc-

141 3004 197 3062 quc
223 2986 293 3045 dum
319 2987 447 3047 rettulit.
490 2990 526 3065 4,
548 2989 606 3049 40:
639 3004 692 3047 mee
718 2988 790 3047 dum
819 2991 877 3049 erit
908 3007 945 3049 ex
972 2990 1105 3051 aedibus.
1152 2987 1294 3066 Denique

141 3100 238 3163 quum
261 3085 331 3143 dcam
353 3078 511 3163 significet
537 3086 663 3161 tempus
691 3080 816 3146 duabus
842 3083 939 3148 rebus
960 3101 1142 3163 commune,
1170 3081 1295 3164 proiici-

142 3183 242 3247 scitur
270 3198 309 3245 ex
336 3180 396 3245 hac
424 3179 549 3244 ratione
579 3177 722 3243 adverbii
753 3178 821 3244 sive
846 3178 982 3245 enclitici
1010 3198 1102 3260 usus,
1135 3199 1197 3261 qno
1223 3180 1295 3246 aliis

141 3280 247 3344 verbis
282 3279 466 3343 adiunctum
496 3277 615 3342 indicat
641 3293 708 3341 rem
742 3275 776 3339 in
809 3275 912 3357 ipsum
935 3276 1028 3358 illud,
1060 3279 1145 3358 quod
1177 3278 1294 3359 agitur,

142 3385 269 3457 tempus
292 3376 433 3441 incidere
456 3380 512 3440 aut
533 3393 601 3440 rem
617 3374 778 3455 praesenti
802 3373 1020 3454 designatione
1043 3376 1216 3441 terminari.
1244 3375 1296 3442 lta

141 3475 178 3540 fit
199 3476 231 3538 in
253 3474 358 3539 verbis
382 3462 631 3553 cohortantibus,
654 3470 851 3553 imperativis
870 3479 905 3536 et
925 3473 1207 3540 interiectionibus.
1241 3474 1292 3540 Sic

140 3575 276 3650 opedam,
308 3572 462 3640 adesdum,
496 3573 667 3641 monadum,
700 3565 754 3644 ἄγε
780 3563 823 3652 δή.
880 3570 1013 3637 Latinus
1047 3589 1124 3636 usus
1158 3572 1293 3637 maxime

141 3671 340 3736 sermonibus
363 3669 609 3748 colloquentium
631 3668 870 3746 continebatur,
893 3687 952 3734 nec
975 3668 1141 3750 quisquam
1163 3676 1294 3749 praeter

141 3769 278 3835 comicos
308 3767 365 3833 bas
391 3766 509 3831 formas
543 3766 734 3848 usurpabat,
768 3783 830 3831 uno
865 3767 963 3832 verbo
995 3770 1120 3844 opedam
1149 3773 1294 3847 excepto.

141 3868 206 3945 (Sic
227 3867 373 3931 Handins
395 3882 426 3946 p.
450 3868 512 3930 328
528 3863 596 3946 sq.).
625 3863 731 3929 Plani.
754 3861 844 3946 Oapt
866 3865 905 3938 V,
928 3870 962 3946 3,
985 3868 1022 3930 6:
1054 3870 1080 3929 si
1109 3885 1181 3928 vera
1207 3869 1293 3942 dicis,

140 3962 340 4028 memoradum
361 3967 441 4027 mihi.
487 3962 583 4027 Poen.
606 3962 645 4042 V,
668 3966 699 4043 2,
724 3966 804 4028 103:
827 3965 1036 4026 numadum
1056 3966 1137 4025 mihi.
1182 3982 1211 4028 v.
1235 3967 1292 4029 89:

139 4065 289 4141 Agedum,
322 4067 378 4125 huc
407 4063 541 4125 ostende.
586 4059 678 4124 Truc.
702 4060 745 4140 V,
767 4063 809 4125 49
835 4063 961 4125 dimam.
1006 4060 1069 4126 Per
1097 4061 1212 4126 tmesiu
1241 4064 1298 4125 est-

140 4165 211 4225 dum
233 4161 274 4226 ab
296 4160 484 4240 imperativo
507 4157 683 4223 seiunctum
706 4157 790 4224 Men.
806 4159 855 4239 Π,
872 4165 907 4240 3,
924 4163 979 4224 27:
1000 4162 1054 4222 Set
1074 4162 1138 4222 sine
1151 4179 1198 4222 mc
1221 4162 1293 4222 dum

140 4265 219 4324 hano
242 4261 431 4335 compellare.
462 4256 589 4321 Terent
612 4254 739 4322 Phorm.
761 4255 805 4337 ΙΙ,
828 4263 858 4337 2,
885 4262 936 4321 lb:
960 4260 1034 4320 cedo
1057 4262 1134 4320 dnm.
1157 4257 1300 4323 Plautus-

139 4356 297 4441 pecnliari
329 4355 423 4420 modo
450 4354 618 4436 usurpavit
643 4357 851 4431 primumdum
877 4354 909 4419 in
937 4355 1159 4422 enumerandis
1185 4355 1294 4421 rebus.
