3125 5075
205 343 271 410 226
506 333 567 377 oar.
585 334 632 389 xv.
658 306 806 375 ooc'namn
828 329 1080 374 cummanum.

206 524 269 605 III,
291 531 322 603 4,
345 528 403 589 25:
426 524 521 585 Viden
545 530 578 585 tu
599 524 689 601 huuc,
713 541 799 600 quam
822 524 941 583 inimico
969 519 1051 583 voltu
1077 519 1232 581 intuitur?
1273 517 1366 583 Most.

205 622 279 695 ΙΙΙ,
294 628 324 701 2,
351 626 428 687 125τ
451 640 509 682 non
534 622 616 683 vidae
640 630 673 682 tu
695 622 774 682 hunc
796 624 879 682 uoltu
901 626 933 681 ut
955 620 1067 681 trictici
1082 617 1202 681 senex?
1232 614 1300 681 Mil.
1315 612 1368 692 IV,

209 725 240 801 2,
264 727 320 784 54:
344 722 441 782 Viden
464 727 496 779 tn
518 722 662 795 ignavom,
687 725 719 778 ut
741 736 808 780 scae
824 716 940 778 inient?
983 714 1100 779 Pseud.
1123 714 1162 793 V,
1187 718 1220 793 2,
1243 718 1278 777 7:
1305 716 1367 774 idon

206 822 291 883 vides
316 820 384 880 med
411 818 454 878 uti
483 817 600 876 madida
630 815 786 877 madcam?
830 813 910 878 Rud.
934 812 982 891 Π,
1004 818 1033 889 7,
1059 818 1113 876 15:
1144 815 1187 874 At
1209 815 1294 873 videa
1314 828 1366 882 mc,

207 924 330 979 ornatos
354 924 386 976 nt
408 917 461 976 sim
486 914 669 974 vestimentis
693 914 797 976 uvidis.
844 910 909 991 ΠΙ,
933 915 966 990 6,
992 913 1047 975 31:
1072 912 1170 972 Viden
1193 929 1242 972 me
1264 918 1299 971 ut
1319 928 1366 971 ra·

205 1014 295 1092 pior?
338 1012 389 1077 Ad
417 1009 549 1074 eandem
576 1026 721 1073 normam
746 1009 866 1074 dictum
894 1014 944 1075 eet
966 1009 1061 1074 etiam
1085 1007 1119 1071 in
1141 1008 1275 1087 passivo
1297 1005 1365 1071 Ter.

205 1108 323 1175 Heaut.
347 1107 402 1188 IV,
427 1114 456 1184 3,
481 1112 535 1171 ll:
559 1111 646 1169 amici
669 1126 785 1185 quoqne
808 1127 858 1170 ree
882 1118 927 1171 est
950 1108 1078 1170 ridenda
1098 1109 1130 1166 in
1153 1112 1222 1167 tuto
1244 1114 1280 1167 ut
1301 1123 1365 1167 con·

205 1211 331 1281 locetur,
355 1205 440 1286 qnod
463 1209 575 1270 contra
596 1224 624 1268 v.
644 1208 681 1268 16
704 1220 751 1283 sq.
774 1204 895 1270 dictum
918 1210 981 1270 est:
1005 1205 1214 1277 videndumst,
1238 1206 1362 1280 inquam,

205 1307 304 1369 Amici
327 1323 442 1380 quoque
466 1324 515 1365 rea
531 1295 573 1346 ’-
588 1306 617 1364 in
641 1310 706 1365 toto
729 1312 762 1363 nt
785 1306 967 1365 conlocetur.
1007 1300 1134 1365 Phorm.
1159 1299 1199 1373 V,
1216 1302 1246 1377 8,
1263 1303 1305 1364 93
1319 1317 1361 1381 eq.

204 1400 312 1467 Plant.
329 1400 409 1465 Rnd.
432 1400 475 1479 H,
493 1407 523 1479 7,
541 1405 596 1465 34;
623 1404 709 1462 Nunc
733 1403 870 1462 lenonem
893 1403 963 1478 quid
986 1403 1048 1477 agit
1063 1402 1143 1459 intua
1165 1401 1273 1466 msam.
1297 1416 1363 1460 con·

205 1502 301 1564 vivam
324 1517 429 1560 meum.
461 1496 552 1562 Cure.
576 1496 630 1571 lv,
653 1503 683 1573 4,
707 1502 764 1562 34:
789 1500 884 1574 Cupio
907 1500 980 1560 dare
1002 1497 1182 1573 mercedem,
1206 1497 1258 1572 qui
1274 1497 1362 1556 illunc

205 1599 256 1660 ubi
278 1600 319 1658 sit
341 1603 544 1658 conmonstret
576 1597 657 1658 mihi.
703 1595 830 1660 Terent.
855 1594 937 1659 Eun.
961 1595 1006 1675 ΙΙ,
1030 1600 1064 1673 3,
1090 1598 1145 1656 16:
1174 1596 1267 1654 Nunc
1295 1595 1362 1653 Par·

205 1713 304 1769 meno,
327 1701 357 1755 te
380 1695 548 1769 ostenderis
572 1697 621 1770 qni
643 1696 688 1755 vir
710 1696 779 1756 eice.
824 1692 928 1757 Plant.
953 1690 1046 1757 Curc-
1068 1690 1106 1769 V,
1130 1696 1160 1771 2,
1186 1696 1242 1755 33:
1268 1693 1364 1765 Quae·

205 1797 281 1855 ratis
309 1792 493 1853 chlamndcm
527 1801 558 1851 ct
587 1793 775 1852 machaeram
806 1793 898 1867 hano,
932 1793 1010 1853 unde
1038 1793 1075 1851 ad
1103 1808 1149 1850 mc
1179 1791 1362 1865 pervenerit

203 1886 294 1953 Pera.
317 1887 383 1966 111,
405 1894 441 1967 4,
465 1892 521 1951 84:
556 1896 588 1948 at
621 1906 676 1964 ego
703 1892 785 1950 illam
812 1888 896 1968 (nod)
924 1886 1020 1972 jener)
1045 1904 1173 1964 quaero,
1198 1904 1277 1963 qnae
1301 1885 1362 1946 init

205 1985 262 2065 IV,
285 1992 315 2061 4,
339 1990 395 2049 83:
425 1991 465 2047 At
488 2004 542 2062 ego
569 1988 698 2061 patriam
725 1995 754 2047 te
782 2005 855 2061 rogo
883 2006 958 2062 qnae
988 1990 1028 2048 eit
1055 1994 1117 2047 tua
1161 1981 1282 2048 Bacch.
1307 1980 1361 2055 ΙΙΙ,

207 2086 237 2162 6,
262 2085 506 2146 26:1ncm0n0
531 2086 677 2144 hominem
701 2086 759 2159 qni
778 2087 825 2145 sit.
873 2083 926 2163 IV,
950 2088 980 2161 8,
1007 2088 1062 2146 15:
1090 2085 1175 2144 illum
1207 2089 1238 2142 te
1261 2084 1362 2141 iuren-

205 2189 303 2243 tnrnm
332 2184 427 2259 qualis
450 2182 512 2242 sit?
555 2179 654 2244 Mera.
678 2180 718 2258 11,
746 2184 772 2249 1.
796 2185 836 2246 29
851 2199 912 2261 sq:
935 2184 993 2243 nisi
1015 2197 1138 2255 capram
1159 2181 1247 2241 iliam
1270 2180 1362 2254 anapi-

205 2299 258 2342 cor
286 2282 349 2340 lam
376 2297 421 2338 me
449 2282 597 2340 invenisse
627 2296 702 2354 qnae
733 2282 773 2339 eit
800 2287 851 2340 ant
881 2280 951 2355 quid
981 2280 1116 2340 volucrit.
1161 2274 1249 2340 Meu
1274 2274 1314 2355 V,
1335 2278 1361 2351 5,

205 2379 261 2441 52:
286 2384 352 2437 tuos
376 2395 476 2439 servos
500 2379 567 2437 iube
590 2380 677 2437 Hunc
700 2378 736 2437 ad
760 2395 805 2437 me
829 2377 937 2438 ierant.
982 2373 1079 2440 Stich.
1095 2372 1137 2451 ΙΙ,
1160 2377 1191 2451 2,
1216 2378 1273 2437 ⁷1:
1297 2376 1360 2434 iube

204 2475 332 2538 famulos
367 2493 429 2534 rem
464 2476 591 2535 divinam
626 2476 665 2533 mi
701 2476 856 2551 adparent.
908 2472 992 2536 Meu.
1016 2472 1061 2551 V,
1080 2476 1113 2550 9,
1143 2475 1198 2535 24;
1230 2474 1308 2532 Nam
1336 2478 1363 2529 et

204 2577 332 2652 patriam
361 2582 390 2633 et
413 2583 528 2647 patrem
553 2585 785 2634 commemorant
807 2576 922 2649 pariter
944 2576 993 2648 qni
1017 2573 1127 2632 fuerint
1150 2573 1218 2631 sibi.
1250 2567 1363 2631 Pseud.

203 2669 259 2748 IV,
271 2676 298 2748 7,
313 2674 370 2733 88:
387 2672 578 2731 Chiamudem
596 2673 671 2731 hanc
688 2690 891 2732 conmemores
908 2674 1009 2746 quanti
1022 2672 1209 2730 conductast.
1230 2665 1299 2729 Mil.
1315 2664 1363 2740 IV,

203 2771 234 2847 2,
258 2773 290 2833 5:
316 2771 371 2843 Qui
395 2777 522 2841 aucupet
549 2785 595 2827 me
619 2769 688 2842 quid
712 2770 817 2843 agam?
846 2768 943 2831 Mero.
962 2767 984 2845 Ι,
1001 2772 1131 2845 i,6sq.:
1155 2768 1238 2839 Qnoa
1259 2766 1363 2838 edepol

205 2884 261 2942 ego
285 2868 374 2926 credo
398 2867 539 2925 humanas
563 2868 761 2939 querimonias
780 2868 844 2925 Non
861 2869 936 2926 tanti
953 2866 1062 2940 facere,
1087 2863 1156 2939 qnid
1180 2865 1278 2922 velint
1292 2860 1358 2937 quid

203 2983 262 3025 non
290 2965 391 3023 velint.
442 2960 528 3023 Trio.
557 2961 613 3038 IV,
636 2966 669 3039 2,
706 2966 778 3024 150:
817 2966 841 3022 si
871 2974 899 3023 le
928 2962 1119 3023 floccifacio
1149 2979 1187 3020 an
1221 2963 1362 3035 periisses

202 3064 296 3139 prins.
341 3058 443 3123 Plaut.
467 3058 592 3138 Fragm.
618 3078 645 3138 p.
669 3064 744 3136 485,
768 3078 797 3122 ι.
826 3066 876 3124 13;
900 3064 1002 3136 Neque
1033 3062 1218 3118 munerulem
1243 3059 1360 3130 Lenem,

202 3177 298 3236 neque
322 3161 493 3230 Lenoniam,
517 3160 632 3232 Rogata
663 3156 753 3219 inerit
775 3177 830 3218 nec
854 3178 907 3235 ne,
934 3157 1049 3218 floccid’
1073 3163 1219 3216 aestumo.
1265 3153 1360 3216 Mete.

201 3255 245 3334 II,
261 3262 291 3333 4,
317 3261 369 3318 15:
393 3257 564 3331 Responde:
589 3275 646 3331 quo
668 3260 729 3316 leto
754 3276 859 3318 censes
884 3276 929 3316 me
952 3266 985 3316 nt
1008 3272 1127 3330 peream
1146 3251 1364 3327 potissumum?

200 3353 299 3419 Poen.
323 3351 378 3430 IV,
403 3357 438 3436 2,
462 3358 518 3418 91:
550 3355 623 3414 Vale
650 3362 682 3413 et
708 3356 782 3414 haec
813 3374 887 3416 cura
915 3357 1082 3414 clanculum
1114 3358 1147 3411 nt
1180 3353 1243 3411 sint
1273 3351 1361 3411 dicta.

200 3449 290 3515 Pers.
315 3449 369 3527 IV,
394 3455 421 3527 3,
446 3455 502 3514 54:
525 3454 600 3510 Eum
623 3457 652 3510 te
675 3454 741 3513 volo
762 3471 867 3513 curare
891 3459 924 3514 ot
947 3454 1016 3513 istic
1038 3459 1175 3510 vaeneat.
1212 3446 1297 3509 Rud.
1312 3443 1360 3518 IV,

200 3553 232 3624 4,
256 3553 310 3611 24:
341 3549 411 3623 quid
434 3557 465 3608 tn
488 3567 533 3608 me
562 3567 648 3608 curas
670 3552 739 3624 quid
764 3569 863 3610 rernm
893 3549 1016 3625 geram?
1062 3545 1158 3608 Truc·
1183 3543 1228 3623 ΙΙ,
1254 3551 1283 3620 2,
1308 3547 1361 3607 62:

201 3647 311 3708 Verum
339 3665 393 3722 ego
419 3650 515 3719 ilium,
548 3663 714 3721 quanquam
738 3650 913 3715 violentum,
937 3665 1025 3722 spero
1049 3647 1159 3704 mutari
1183 3652 1286 3718 potest
1309 3639 1361 3716 (sic

198 3742 347 3822 Kampm.
378 3743 417 3806 de
443 3745 504 3805 AB
536 3761 565 3822 p.
593 3748 647 3815 ll,
675 3742 780 3806 adnot.
807 3744 860 3822 3.),
906 3744 1036 3806 Terent.
1071 3740 1170 3805 Andr.
1196 3739 1245 3818 Π,
1271 3745 1305 3817 3,
1328 3745 1361 3801 4:

198 3843 286 3902 Prius
310 3860 396 3916 quam
419 3849 509 3915 tuom,
533 3850 564 3901 nt
587 3859 653 3903 sese
674 3843 792 3916 habeat,
808 3847 945 3903 animum
969 3842 1005 3902 ad
1024 3842 1143 3916 nuptias
1159 3840 1360 3915 perspexerit.

198 3937 335 4016 Adelph.
361 3937 397 4015 V,
420 3943 455 4015 4,
479 3941 532 4001 20:
556 3942 641 4000 Ilium
666 3948 698 3999 nt
719 3943 799 4000 vivat
822 3949 936 4014 optant.

289 4037 336 4096 10.
381 4033 525 4097 Alterum
549 4042 608 4113 est,
631 4041 668 4098 ut
688 4055 781 4096 unum
803 4041 964 4097 subiectum
985 4043 1092 4111 spectet
1113 4036 1154 4093 ud
1168 4033 1247 4094 duas
1269 4051 1360 4095 enan·

197 4136 340 4195 motiones
376 4132 409 4193 ἐκ
445 4127 644 4211 παραλλήλου
675 4136 793 4208 positae
820 4134 866 4197 iia
896 4141 931 4196 ui
959 4135 988 4198 in
1026 4132 1129 4196 altera
1164 4131 1358 4195 nominativo

199 4246 276 4293 casu
300 4229 342 4293 sit
364 4229 550 4293 addendum.
582 4229 686 4294 Huius
711 4249 798 4309 usne,
822 4233 875 4311 qni
900 4233 983 4312 apud
1007 4232 1149 4297 Graecos
1171 4227 1274 4293 multo
1297 4226 1356 4291 ire·

198 4329 349 4408 quentior
372 4335 422 4392 est
446 4331 486 4404 (v.
513 4327 628 4390 Bernh.
651 4349 680 4410 p.
703 4335 776 4407 468,
801 4331 855 4409 qni
878 4329 971 4394 affert
993 4330 1077 4395 inter
1100 4330 1164 4394 alia
1186 4334 1241 4392 καί
1262 4347 1292 4390 τε
1306 4321 1354 4384 διὰ
