3125 5075
394 357 481 395 Cusus
497 357 762 397 sussrsrlmvoudrl.
777 378 802 385 -
817 358 980 397 Gssrrlrrtt's.
1217 368 1277 423 317

142 529 210 593 cutio
230 529 426 610 postulabat,
448 532 684 613 angustioribus
712 529 827 595 finibus
854 537 888 594 et
914 531 1005 610 quasi
1033 530 1181 596 cancellis
1210 548 1280 596 eam

137 626 347 694 circumscribi
363 646 494 695 neeesse
509 636 605 709 esset,
621 629 705 709 quod
718 629 788 710 ipso
800 629 1000 694 substantivo
1014 628 1160 711 apposito
1175 626 1282 694 fiebat.

134 725 211 792 Hinc
238 726 343 792 oritur
369 728 560 810 primigenia
581 726 770 809 significatio
794 727 943 809 genitivi,
971 733 1008 792 ut
1033 744 1148 792 nomen
1170 727 1202 790 111
1223 725 1283 791 boc

133 843 204 890 cusu
224 825 367 905 positum
391 844 461 891 eam
476 826 635 890 notionem
658 824 834 907 significet,
857 843 938 905 qnae
959 814 1102 901 alteram,
1125 828 1283 903 quatenus

131 922 161 986 id
189 924 407 988 necessarium
443 930 506 1002 est,
541 922 672 989 definiat
697 924 865 1004 ipsumque
888 923 957 987 eius
983 923 1045 986 vim
1073 929 1106 987 et
1137 929 1283 986 naturam

132 1019 217 1085 nulls
239 1019 307 1085 ulia
328 1040 406 1087 uoce
427 1022 644 1086 intercedente
667 1022 849 1086 constituat.
883 1020 1084 1100 Quapropter
1106 1020 1137 1083 id
1160 1038 1285 1097 nomen,

83 1137 88 1202 p
134 1118 214 1199 quod
239 1118 273 1182 in
295 1119 436 1200 genitivo
452 1126 501 1186 est
519 1120 668 1200 positum,
690 1120 777 1184 notio
794 1119 938 1199 superior
952 1123 1011 1189 est,
1026 1116 1161 1181 alterum
1177 1125 1286 1181 autem

133 1217 159 1280 ei
179 1217 365 1282 subiectum
380 1223 422 1297 et,
446 1224 483 1283 ut
496 1219 542 1282 ita
557 1217 668 1295 dicam,
684 1216 932 1282 subordinatum.
949 1216 988 1281 ci.
1004 1215 1042 1280 G.
1058 1215 1229 1280 Hermann.
1246 1215 1286 1279 de

133 1314 330 1379 emendanda
361 1322 421 1380 rat.
454 1334 484 1397 p.
522 1320 594 1380 140:
630 1316 898 1395 „quotiescunque
924 1313 1053 1393 aliquod
1086 1332 1199 1377 nornen
1233 1331 1287 1393 ge·

134 1412 227 1476 ritino
265 1431 342 1478 casu
371 1413 555 1492 adhibetur,
590 1430 716 1492 semper
750 1430 803 1477 res
839 1412 883 1475 ita
912 1414 1087 1493 cogitatur,
1121 1420 1158 1475 ut
1185 1430 1223 1475 ex
1249 1430 1288 1475 ea

137 1510 270 1587 pudeat
299 1510 361 1575 aliu
382 1531 435 1577 res
458 1519 608 1591 tanquam
631 1510 750 1590 aliquid
772 1511 999 1588 accessorium,
1028 1510 1098 1591 ipsa
1119 1519 1225 1573 autem
1249 1528 1288 1573 ex

137 1607 215 1672 nulla
239 1626 276 1672 re
300 1608 445 1688 pendeat,
470 1608 526 1674 sod
549 1608 617 1673 sola
638 1627 696 1689 per
718 1626 752 1672 se
775 1609 930 1674 constet.“

213 1704 343 1771 Nomen
366 1708 545 1787 proprium,
569 1708 612 1785 si,
646 1724 727 1785 quae
757 1708 888 1787 propria
914 1713 963 1773 est
990 1707 1059 1771 eius
1090 1703 1289 1785 significatio,

136 1821 239 1882 unum,
264 1805 321 1883 qui
342 1807 466 1869 nomine
490 1806 651 1869 nominato
673 1806 713 1867 ab
729 1806 874 1869 omnibus
889 1805 960 1870 aliis
982 1804 1098 1883 differt,
1122 1801 1290 1883 significat,

138 1909 288 1981 quantum
303 1901 337 1965 id
358 1901 428 1967 fieri
443 1910 559 1983 potest,
582 1901 744 1967 definitum
768 1911 827 1979 est,
851 1923 889 1966 ex
911 1922 974 1983 quo
999 1901 1149 1980 efficitur,
1173 1908 1209 1965 ut
1231 1902 1291 1965 hac

139 1997 366 2081 significatione
394 2001 480 2065 nullo
509 2001 601 2065 modo
632 2002 782 2067 admittat
809 2001 1058 2065 additamentum
1091 2000 1121 2064 in
1152 2000 1290 2080 genitivo

136 2099 290 2177 positum,
307 2099 392 2178 quod
415 2099 594 2180 ubieunque
611 2100 728 2163 nomini
751 2100 880 2180 proprio
897 2099 1054 2164 adiectum
1078 2105 1137 2175 est,
1153 2100 1290 2161 nonium

141 2197 294 2278 accipitur
316 2216 375 2278 pro
399 2216 474 2262 vero
496 2198 621 2262 nomine
645 2198 784 2277 proprio.
830 2196 922 2273 Quod
945 2204 995 2261 est
1023 2195 1291 2275 simplicissimum

138 2305 167 2358 et
185 2295 369 2360 necessario
392 2313 431 2358 ex
453 2296 590 2360 maxime
612 2294 753 2376 generali
776 2293 1007 2375 significatione
1031 2311 1237 2371 consequens.

214 2392 286 2458 lum
313 2393 340 2457 si
363 2394 559 2472 quaerimur,
587 2394 746 2475 quomodo
778 2392 835 2456 illa
856 2391 1016 2473 generalis
1040 2391 1170 2472 genitivi
1194 2392 1290 2470 signi-

137 2486 236 2556 ficatio
266 2491 449 2557 accuratius
471 2489 664 2572 explicetur,
696 2488 958 2572 proficiscendum
987 2495 1036 2555 est
1058 2488 1117 2554 bare
1140 2489 1172 2553 111
1193 2508 1229 2554 11
1252 2489 1292 2554 ab

137 2607 172 2655 ea
192 2591 242 2669 vi,
271 2607 357 2670 quae
381 2589 518 2655 omnium
541 2590 704 2654 notionum
726 2596 776 2654 est
799 2589 982 2653 eommunis.
1028 2589 1124 2669 Atqui
1153 2589 1185 2652 in
1215 2607 1293 2652 ncra-

140 2706 263 2769 quaque
298 2687 424 2752 notione
457 2688 665 2753 discernenda
698 2693 773 2751 sunt
802 2687 832 2750 id
863 2689 947 2767 quod
978 2686 1033 2752 illa
1072 2687 1291 2766 complectitur

139 2786 291 2865 (ambitus
318 2786 473 2861 notionis,
501 2783 648 2870 Umicuql
679 2790 712 2848 et
745 2785 778 2850 id
801 2786 884 2866 quod
912 2787 943 2849 in
971 2806 1009 2851 ea
1032 2787 1115 2851 inest
1138 2783 1290 2865 (31111111,

139 2902 217 2965 quae
241 2884 346 2963 curbo,
369 2883 395 2947 si
424 2885 608 2948 interiorem
630 2902 740 2948 eorum
761 2884 1010 2964 magnitudinem
1034 2892 1168 2965 spectas,
1192 2886 1294 2947 inrer-

138 3000 200 3047 sam
225 2983 312 3048 inter
335 3001 368 3046 se
391 2983 624 3063 proportionem
648 2980 799 3062 efficiunt,
823 3003 894 3046 num
916 3003 977 3063 quo
999 2983 1094 3047 latins
1117 2988 1207 3062 patet
1227 3002 1294 3046 anr-

144 3081 227 3146 bitus
250 3080 399 3159 notionis,
423 3099 459 3144 eo
482 3081 595 3160 ocinus,
618 3097 680 3159 quo
704 3081 870 3160 angustior
891 3080 945 3145 ille
970 3088 1029 3159 est,
1053 3099 1090 3143 eo
1113 3081 1185 3160 plus
1209 3082 1240 3144 in
1256 3099 1295 3144 ea

141 3180 231 3245 inest.
279 3177 410 3256 Quodsi,
433 3183 589 3258 utsupra
612 3178 731 3243 dictum
755 3186 814 3255 est,
838 3180 977 3259 genitivo
1000 3179 1146 3258 apposito
1170 3197 1295 3258 semper

139 3276 219 3343 citici
243 3275 404 3353 columns,
434 3296 473 3339 ne
496 3277 583 3341 notio
606 3277 699 3341 nimis
721 3278 787 3341 late
809 3283 933 3356 pateat,
958 3295 1027 3340 cum
1051 3295 1162 3340 nonnen
1186 3277 1218 3339 in
1241 3294 1296 3355 ge·

142 3378 240 3441 ritino
267 3372 407 3454 positum
435 3374 536 3453 illam,
565 3381 721 3455 quatenns
749 3376 790 3439 ad
818 3375 1056 3456 intelligendum
1080 3375 1295 3438 necessarium

139 3480 196 3555 est,
222 3470 365 3550 definiat,
389 3472 507 3552 duplici
531 3474 562 3537 id
589 3474 682 3537 modo
710 3470 778 3536 fieri
801 3481 927 3553 potest,
950 3494 987 3538 ac
1009 3474 1144 3553 primum
1168 3472 1296 3550 quidem

139 3572 197 3650 ita,
220 3576 259 3636 ut
282 3569 369 3634 notio
393 3568 572 3636 definienda
599 3572 637 3636 iis
670 3571 747 3652 ipsis
776 3570 890 3637 ficubus
921 3571 1118 3647 includatur,
1147 3570 1187 3633 ad
1217 3588 1296 3648 quos

141 3677 258 3736 natura
281 3687 340 3732 sua
361 3669 511 3748 pertinet,
534 3669 629 3749 bique
652 3671 791 3749 genitivo
815 3671 1049 3735 constituantur
1072 3677 1106 3733 et
1128 3669 1297 3748 designen-

142 3776 202 3834 tur.
248 3767 299 3832 Ex
326 3765 386 3830 hoc
415 3784 532 3846 genere
558 3767 701 3847 genitivi,
731 3769 784 3832 ubi
812 3770 944 3833 alteram
974 3769 1134 3831 notionem
1163 3769 1297 3829 maxime

139 3866 272 3949 propris
300 3873 335 3928 et
363 3864 516 3943 peculiari
545 3863 773 3945 significatione
795 3867 827 3930 in
859 3888 892 3931 se
916 3867 1062 3944 includit,
1092 3866 1240 3929 t'ucillime
1264 3871 1297 3929 et

139 3974 254 4047 sponte
285 3978 345 4027 sua
371 3963 512 4026 nascitur
535 3963 722 4043 significatio
746 3965 815 4029 eius
838 3966 962 4042 localis,
996 3966 1100 4028 inesse
1124 3964 1243 4042 aliquid
1266 3964 1298 4026 in

140 4063 246 4143 aliquo
270 4061 350 4126 loco.
396 4059 541 4124 Alterum
573 4067 637 4139 est,
665 4063 692 4127 si
721 4063 860 4127 ambitus
890 4064 1026 4127 notionis
1054 4064 1099 4126 ita
1121 4070 1298 4137 coercetur,

141 4168 178 4225 ut
198 4168 359 4242 augeatur
381 4158 423 4238 id,
447 4158 535 4238 quod
558 4160 589 4223 in
613 4158 666 4222 illa
688 4161 787 4238 inest,
810 4163 894 4242 quod
916 4163 993 4224 item
1016 4161 1053 4224 tit
1075 4160 1220 4240 apposito
1243 4178 1298 4240 ge·

140 4259 249 4324 nitivo.
294 4256 440 4337 Utroque
455 4275 573 4337 genere
588 4259 718 4338 gernitivi
736 4260 819 4323 idem
837 4259 983 4337 efficitur,
1008 4278 1197 4339 quamquam
1216 4259 1298 4322 ratio

144 4363 178 4420 et
198 4356 260 4436 ria,
283 4374 348 4437 qua
369 4355 424 4437 qui
446 4354 589 4435 loquitur
611 4358 727 4436 quique
750 4359 840 4422 audit
862 4359 1052 4438 cogitatione
1076 4377 1134 4421 scra
1158 4359 1198 4420 ad
1220 4356 1299 4421 illud
