3125 5075
511 561 601 603 (Ἆὸῢδ
616 564 884 606 suusnamuvouctt.
904 588 924 597 -
938 569 1041 612 ABLAT.
1311 584 1350 639 75

210 732 371 799 Pontedera
393 741 428 799 et
443 734 662 802 Schneiderue
685 739 726 804 ab
749 739 809 805 hoc
833 741 901 805 loeo
924 742 1029 806 alleua
1052 760 1123 807 esse
1147 752 1350 822 censuerunt,

209 831 328 896 dubitari
350 839 479 912 posset,
511 851 568 912 an,
597 838 863 915 quemadmodum
892 839 987 903 etiam
1010 839 1042 903 in
1064 842 1172 920 priore
1195 842 1351 921 exemplo,

155 927 158 1004 '‚
208 934 298 1012 potius
320 934 499 999 ablativum
516 932 679 1011 qualitatis
700 938 891 1011 contineant,
915 946 974 999 ton
992 940 1085 1020 quter.
1108 937 1247 1018 qelnntor
1265 935 1351 1022 loqu.

156 1047 158 1118 J
206 1026 378 1095 tuttiuteil.
430 1027 466 1095 C.
494 1034 529 1093 6:
563 1036 673 1107 Agrum
700 1037 806 1107 quihus
835 1038 906 1098 Iocis
932 1054 1089 1113 conseras,
1128 1042 1171 1097 sic
1198 1039 1351 1099 observari

156 1125 160 1212 f,
205 1138 316 1203 oportet.
363 1128 398 1194 0.
422 1134 458 1194 9:
488 1133 563 1191 locIs
586 1134 715 1206 aquosis,
741 1135 905 1208 humectis,
930 1136 1085 1205 umbrosis,
1109 1151 1180 1197 cum
1204 1134 1351 1214 capitae

157 1265 159 1272 ·
205 1224 242 1289 bis
263 1230 291 1287 in
319 1232 387 1290 loco
419 1225 560 1306 positum
583 1227 632 1292 sit.
678 1228 772 1292 Ennii
794 1229 896 1294 annal.
920 1229 941 1293 l.
964 1228 1059 1304 XIII,
1086 1229 1123 1293 lr.
1148 1235 1181 1295 3:
1215 1235 1279 1309 Quo
1302 1252 1351 1294 res

157 1321 159 1328 '
206 1343 278 1399 sapsa
302 1323 348 1403 (h.
374 1343 403 1389 e.
427 1324 511 1403 ipsa)
541 1328 603 1387 loco
624 1345 691 1388 sese
720 1338 910 1405 ostentatque
934 1331 1084 1404 iubetque.
1130 1328 1352 1393 Andromacha

207 1420 404 1487 leobmalotis
425 1420 463 1488 lr.
484 1429 538 1488 12:
562 1428 723 1486 Hectorem
746 1444 839 1487 curru
861 1429 1041 1502 mandrie-uqa
1064 1430 1222 1502 raptarier.
1248 1425 1350 1490 Plaut.

209 1517 283 1582 Ilost.
299 1520 326 1598 I,
347 1526 376 1600 3,
402 1524 458 1585 96:
480 1522 563 1584 soon
584 1526 712 1599 quidque
730 1525 841 1585 meost?
865 1526 930 1585 ride
953 1528 1104 1600 capillum,
1129 1528 1206 1585 satin
1230 1543 1351 1600 compo·

158 1673 161 1710 i
211 1620 280 1679 sitast
301 1620 478 1682 commode?

158 1713 163 1790 Ξ
277 1751 369 1816 Ennii
391 1750 429 1817 fr.
453 1752 624 1820 Alcumaeo
648 1761 684 1820 t:

530 1882 663 1941 Intendit
685 1883 810 1941 crinitus
833 1882 941 1956 Apollo

531 1983 639 2039 Arcum
662 1988 808 2052 auratum,
832 1980 904 2037 lutra
926 1980 1054 2050 iunixus,

531 2078 626 2137 Diana
649 2076 744 2138 lucem
768 2079 839 2138 iacit
862 2096 880 2137 a
903 2078 995 2149 laona,

212 2220 284 2281 quem
307 2213 416 2272 tamen
445 2207 618 2273 ablativum
648 2207 851 2273 instrumenti
882 2225 953 2272 esse
982 2207 1186 2271 veulsimilius
1214 2213 1277 2284 est,
1311 2204 1352 2267 si·

212 2310 250 2367 tut
269 2304 406 2371 fortasse
428 2306 525 2370 etlam
549 2306 650 2371 Phor.
675 2306 765 2384 Men,
787 2326 814 2369 v.
839 2309 918 2368 870:
953 2308 1006 2366 Set
1036 2309 1100 2382 ans
1129 2308 1177 2366 bic
1205 2314 1266 2377 est,
1302 2305 1352 2377 qui

212 2421 244 2462 ue
262 2408 369 2480 capillo
391 2407 460 2466 hinc
485 2409 520 2466 de
544 2425 632 2467 curru
657 2406 787 2481 derIpit?
811 2402 925 2467 Pseud.
942 2403 967 2480 I,
985 2408 1013 2480 3,
1031 2407 1088 2467 83:
1113 2410 1173 2463 Aut
1196 2409 1277 2464 terro
1301 2411 1352 2461 ant

211 2507 271 2561 nuri
293 2506 433 2568 alicunde
458 2504 583 2582 [aliqua]
607 2508 738 2566 evolvam
763 2506 794 2565 id
816 2512 970 2578 argentum
995 2504 1059 2563 tihi.
1105 2498 1175 2565 Cas.
1191 2498 1248 2579 IV,
1274 2504 1299 2576 Ι,
1317 2504 1352 2562 5:

161 2600 164 2607 '
208 2605 263 2661 totls
285 2605 420 2664 aedibus.
467 2601 564 2666 llere.
588 2621 616 2666 v.
642 2608 697 2667 57:
722 2612 787 2662 tota
810 2604 891 2662 urbe.
939 2599 1085 2679 Kampm.
1113 2600 1152 2663 tle
1176 2602 1218 2660 m
1242 2615 1351 2677 pratel).

206 2704 264 2774 [IS
287 2706 356 2764 tres
387 2700 474 2764 locos
496 2699 658 2765 Plautinos
686 2698 796 2777 affert,
835 2699 887 2761 ubi
920 2703 985 2760 navi
1014 2698 1134 2762 olletum
1164 2697 1208 2761 sit
1235 2714 1293 2775 pro
1323 2699 1353 2756 in

205 2802 266 2870 nori,
288 2799 377 2861 inter
399 2817 480 2877 quos
504 2799 586 2862 lleu.
604 2797 641 2877 V,
666 2806 694 2873 9,
719 2802 768 2875 26,
792 2797 907 2860 Bacch.
927 2796 968 2872 ΙΙ,
993 2802 1022 2874 3,
1047 2801 1101 2860 31:
1125 2800 1211 2857 Nunc
1236 2799 1353 2857 tibimet

203 2896 261 2956 illuc
284 2900 357 2957 roam
382 2901 589 2973 capiundumst
612 2902 684 2972 iter,
719 2895 775 2960 scol
805 2893 853 2957 his
883 2893 960 2959 locis
983 2893 1142 2958 ablativus
1171 2894 1279 2974 potius
1303 2899 1353 2955 est

201 2990 454 3059 instrumentalis.

275 3092 326 3154 Ad
351 3111 444 3156 usum
468 3093 658 3157 translatum
682 3090 812 3157 ablativi
838 3091 899 3156 loci
923 3098 1071 3171 spectant
1094 3091 1172 3156 haec
1196 3090 1351 3170 exemplu.

202 3184 270 3252 Cato
295 3191 333 3254 R.
357 3190 394 3254 It.
419 3211 445 3255 c.
471 3199 505 3255 5:
539 3195 659 3256 Lilibus
681 3192 812 3252 familiae
839 3195 1049 3266 supersedeat,
1083 3189 1350 3268 quemadmodum

202 3293 243 3350 est
263 3289 350 3367 apud
376 3288 523 3353 Plautum
549 3290 643 3357 Poen.
669 3294 693 3372 l,
715 3299 743 3370 3,
770 3300 805 3357 5:
841 3295 1004 3369 supersedc
1032 3293 1233 3357 tollebatis,
1270 3286 1300 3349 lr.
1324 3305 1351 3349 e.

203 3384 325 3450 abstine.
374 3387 467 3451 Euuii
494 3389 626 3456 lledeae
650 3392 752 3457 exulis
775 3393 812 3455 l‘r.
840 3397 867 3461 l,
891 3410 918 3452 v.
944 3394 1022 3452 233:
1052 3390 1151 3446 antimo
1175 3405 1274 3463 aegra,
1298 3384 1351 3465 qui

204 3488 298 3548 tannen
322 3484 386 3550 abl.
416 3487 557 3565 proximo
583 3490 713 3571 attiugit
740 3488 801 3554 etbl.
832 3506 946 3553 causae
976 3488 1042 3548 sive
1072 3483 1285 3547 instrumenti.
1320 3480 1351 3545 S.

206 3578 230 3643 C.
250 3582 289 3646 tle
300 3584 570 3650 Bacchanalibus:
594 3594 637 3650 sei
661 3609 733 3665 ques
758 3598 844 3650 esent
867 3591 935 3663 quei
959 3603 1114 3645 erroreum
1137 3583 1193 3642 cod
1214 3582 1351 3651 fecisent,

208 3681 275 3755 qual
300 3681 482 3760 exemplum
513 3682 710 3766 llartuugius
740 3688 779 3749 rle
811 3684 936 3748 casibus
966 3702 994 3763 p.
1019 3686 1059 3745 84
1089 3679 1196 3756 allent,
1232 3683 1268 3741 ut
1298 3676 1353 3740 de·

210 3786 365 3855 monstret,
400 3781 578 3860 antiquiore
607 3782 733 3864 liuguae
765 3784 899 3847 Latinae
929 3790 1074 3860 ternpore
1097 3776 1352 3859 praepositiones

212 3877 343 3949 quosdam
383 3897 454 3942 eum
486 3878 548 3942 elio
582 3899 656 3947 casn
691 3883 876 3946 coniunctas
905 3879 1004 3943 luisse
1041 3883 1138 3957 atque
1174 3874 1352 3957 posteriore

214 3978 343 4056 loorrpore.
390 3976 495 4040 Plano.
521 3977 616 4043 llere.
641 3979 683 4059 ll,
707 3986 740 4058 3,
771 3984 823 4043 12:
859 3983 922 4040 Nec
946 3981 1015 4055 quid
1038 3977 1124 4038 cordo
1147 3995 1223 4038 nunc
1247 3976 1352 4035 consili

214 4087 299 4148 capere
323 4080 446 4153 possIm,
471 4080 548 4140 Scio.
580 4078 676 4144 Mero.
702 4077 756 4156 IV,
780 4083 810 4157 3,
834 4082 888 4142 32:
911 4078 1112 4138 hlanul'estum
1136 4085 1224 4137 teneo
1246 4077 1275 4133 iu
1300 4093 1351 4134 no-

214 4171 253 4233 ΙΙΙ.
281 4175 343 4238 LY.
368 4179 436 4254 Qtoa
458 4179 572 4237 monito?
601 4176 752 4255 T1·uc.lI,
776 4179 807 4253 6,
831 4179 885 4239 37:
909 4178 1005 4249 Salve,
1030 4177 1080 4251 qui
1103 4193 1148 4234 mc
1172 4174 1352 4234 Interfecisti

215 4284 270 4338 lene
298 4287 327 4334 et
351 4276 418 4334 otta
440 4278 473 4336 et
496 4277 620 4343 latrinae,
653 4275 707 4355 qui
737 4273 900 4338 ablativus
932 4290 995 4336 non
1026 4270 1160 4336 multum
1190 4271 1288 4335 distat
1311 4271 1352 4336 ab

214 4379 246 4431 00.
266 4373 315 4451 qui
338 4369 549 4451 explicandus
575 4379 625 4436 est
653 4390 712 4451 por
733 4376 811 4448 quod
836 4376 944 4433 attinet
966 4374 1012 4432 ad.
1058 4369 1185 4433 Tenent.
1214 4368 1351 4451 Adelph.

213 4459 254 4536 lli.
274 4476 301 4549 2,
322 4474 382 4536 46:
412 4475 517 4547 peiore
538 4491 587 4533 res
609 4473 669 4532 loco
692 4490 750 4531 non
773 4474 851 4546 potis
875 4483 1008 4532 estesse
1031 4487 1118 4544 quum
1139 4470 1168 4529 in
1192 4489 1250 4546 quo
1273 4490 1351 4532 nunc

212 4567 285 4633 sitast,
