3125 5075
461 378 550 419 morio
563 378 602 418 m·
615 378 796 420 centunculo
812 380 871 420 GU!
885 380 1040 423 sumtuum
1244 393 1305 452 203

144 582 306 645 nunquam
320 565 580 647 significationem
594 566 692 633 habet
703 567 853 649 activam,
871 568 959 634 reiut
975 569 1103 635 Terent.
1124 572 1205 636 Eun.
1219 572 1261 654 11,
1275 578 1303 649 2,

146 667 185 724 7:
211 682 313 726 omnes
335 670 401 728 noli
416 684 462 728 me
486 675 574 744 atque
602 669 690 728 nmici
713 668 865 741 deserunt,
889 664 962 731 ine.
985 668 1039 747 qui
1062 687 1113 733 me
1136 675 1302 749 noverunt,

146 758 330 828 familiares,
363 764 399 841 V,
424 768 453 841 2,
475 770 514 829 4:
536 772 623 827 notros
646 766 717 825 milri
740 766 858 841 quidum
882 768 998 828 obviam
1022 769 1119 829 vonit
1150 766 1202 833 Sic
1217 769 1303 849 apud

144 858 288 925 Graecos
320 866 449 934 γνωστοὶ
475 887 519 915 =
545 858 639 936 φίλοι.
674 861 712 928 ci.
743 860 871 927 Ruhnk.
902 861 943 928 ad
978 862 1084 929 locum
1119 871 1302 947 utrumque.

143 955 241 1022 Herz.
265 957 305 1022 ad
329 958 403 1025 Sall.
427 978 458 1039 p.
483 963 554 1023 207.
601 959 733 1026 Possim
755 965 863 1030 autem
887 960 1105 1042 accipiendum
1127 967 1177 1028 ost
1197 972 1304 1040 protom

145 1054 251 1120 Plaut
274 1054 388 1136 Amph.
412 1056 491 1138 prol.
515 1075 544 1121 v.
573 1061 630 1123 48:
660 1061 790 1122 &otum
816 1062 982 1122 arbitratur
1015 1079 1082 1124 erse
1109 1061 1140 1121 id
1174 1081 1191 1123 a
1219 1066 1303 1126 robis

146 1157 215 1227 sibi,
238 1153 279 1218 ad
295 1172 323 1235 q.
337 1153 356 1217 Ι.
374 1152 526 1219 Granou:
551 1155 641 1234 „Non
658 1155 801 1221 homines
818 1156 911 1220 modo
925 1160 1008 1233 proti
1023 1156 1181 1238 dicuntur,
1198 1160 1254 1224 sed
1271 1168 1304 1224 et

146 1248 335 1318 beneficium
363 1259 500 1330 pratum,
529 1255 613 1333 quod
641 1254 743 1335 gratis
772 1253 881 1332 datur,
904 1280 948 1308 =
975 1255 1056 1319 bene
1084 1257 1223 1337 positum
1252 1257 1303 1322 rel

147 1347 350 1415 collocatum.
395 1348 514 1415 Contra
537 1350 664 1418 Terent.
687 1350 802 1417 Heaut.
827 1350 864 1431 V,
892 1358 922 1429 l,
947 1357 1006 1417 61:
1034 1357 1171 1431 ignosces
1202 1368 1302 1418 tamen

143 1451 232 1527 Post,
254 1457 286 1510 ot
308 1452 339 1510 id
365 1449 547 1525 inpretamf‘
592 1448 674 1516 Item
697 1452 856 1512 damnosum
877 1449 981 1515 Plani.
995 1450 1097 1531 Epid..
1121 1451 1164 1531 ΙΙ,
1189 1458 1218 1531 3,
1244 1458 1302 1518 14;

145 1555 303 1625 argentum
325 1551 470 1624 accipiam
493 1567 511 1610 a
532 1549 672 1612 damnoso
696 1568 776 1626 sone,
799 1547 935 1628 passive.
966 1547 1100 1614 Parcus:
1124 1550 1199 1630 „qui
1215 1550 1303 1615 darn·

143 1643 194 1708 nis
221 1644 438 1710 absumitur.“
484 1645 632 1711 Taubm.:
656 1648 872 1725 ,‚rue›1moic,
906 1664 965 1725 pro
992 1645 1108 1712 infelici
1137 1652 1171 1712 et
1192 1648 1301 1715 multia

142 1741 269 1807 &mnis
291 1741 465 1810 conlecto.“

230 1838 410 1922 Participiis
432 1841 500 1907 lere
522 1841 676 1908 adverbia
698 1847 913 1921 apponuntur,
937 1841 993 1907 sed
1016 1839 1110 1906 Truc.
1134 1840 1189 1922 IV,
1214 1847 1243 1922 3,
1260 1848 1300 1909 48

142 1943 251 2002 minen
273 1935 378 2020 aepg
399 1938 534 2004 habent:
562 1948 688 2016 propter
715 1942 798 2016 maia
821 1940 917 2018 lacta,
945 1939 999 2005 ubi
1022 1938 1110 2004 Acid.
1138 1945 1172 2005 et
1198 1940 1301 2007 Goell.

142 2035 289 2102 scribunt
314 2040 392 2100 mae
420 2038 512 2111 sacto.
557 2037 617 2102 Vir
645 2036 806 2116 estquod
835 2053 1079 2102 commemorem
1107 2038 1168 2102 adi.
1197 2025 1303 2116 torrem

141 2133 242 2199 etiam
263 2134 310 2199 ita
332 2136 422 2216 poni,
452 2144 487 2200 ut
515 2154 573 2216 pro
596 2153 634 2199 eo
663 2137 753 2196 simis
780 2137 884 2211 torem
906 2139 1092 2215 exspectes,
1115 2141 1152 2199 ut
1175 2136 1302 2202 Terent.

143 2231 244 2297 Andr.
273 2232 308 2313 V,
332 2238 361 2313 6,
389 2239 443 2300 13:
467 2237 616 2311 lonpumet
635 2238 718 2296 illum
743 2251 788 2294 me
813 2243 990 2310 exspectare
1014 2236 1082 2295 dum
1105 2244 1201 2296 exeat.
1237 2234 1298 2299 Pro

141 2329 343 2396 substantivo
375 2332 514 2412 positum
544 2337 594 2397 est
620 2331 812 2397 adiectivum
837 2331 939 2395 Piaut
971 2330 1056 2395 Trin.
1081 2330 1112 2410 Ι,
1135 2335 1164 2409 a,
1187 2336 1222 2396 8:
1245 2334 1300 2394 'l'ui

141 2430 366 2506 benevolentis,
403 2430 668 2511 quemadmodum
702 2427 841 2493 sortasse
875 2429 973 2493 etiam
1006 2427 1171 2509 explicari-
1192 2435 1301 2509 potest

141 2523 239 2593 Most.
262 2525 292 2600 l,
315 2532 351 2608 3,
376 2532 430 2595 38;
454 2532 536 2606 Quae
557 2532 640 2593 illum
663 2529 717 2592 tibi
740 2534 894 2590 aeternum
916 2535 1004 2605 pute‘e
1032 2526 1097 2589 iore
1120 2531 1245 2591 amicum
1270 2536 1301 2591 et

141 2627 379 2691 benevolentem.

229 2724 483 2791 collectivum
509 2726 536 2790 ei
564 2743 635 2790 cum
664 2724 866 2791 substantivo
887 2725 919 2789 in
949 2740 1045 2788 unam
1066 2723 1226 2790 notionem
1249 2728 1299 2790 est

143 2821 348 2888 coniunctum
370 2821 404 2889 in
425 2841 500 2889 casu
524 2841 595 2889 cum
619 2840 657 2888 eo
679 2841 857 2904 congruere
879 2828 990 2888 notum
1012 2828 1079 2901 est,
1102 2822 1148 2888 sic
1171 2822 1299 2888 Terent.

142 2918 227 2985 Eun.
250 2919 291 3001 ΙΙ,
308 2925 344 3000 2,
369 2924 423 2987 36:
447 2922 506 2983 Sed
527 2925 743 2985 Parmenonem
765 2931 835 2983 aute
859 2926 967 2985 ostium
990 2925 1011 2996 †
1037 2923 1159 2984 Thaidis
1182 2926 1301 2985 tristem

142 3021 239 3084 rideo.
283 3017 433 3084 Notanda
456 3026 506 3084 est
526 3019 664 3100 primum
687 3017 867 3084 coniunctio
894 3019 1041 3084 Plautina
1056 3018 1205 3085 adiectivi
1228 3037 1300 3086 cum

140 3116 344 3192 substentivo
366 3116 508 3183 eiusdem
531 3118 656 3199 stirpis,
680 3118 721 3183 de
743 3133 807 3196 qua
828 3116 901 3181 vide
923 3116 1065 3182 Lindem.
1093 3116 1134 3183 ad
1156 3117 1223 3182 Mil.
1244 3118 1300 3198 IV,

143 3221 175 3298 3,
194 3223 246 3283 rt:
269 3219 408 3279 Pulcrum
423 3221 664 3295 pulcritudinem,
688 3215 741 3296 qni
757 3211 853 3279 affert
868 3219 1040 3294 praeterea
1057 3214 1151 3280 Most
1175 3213 1200 3295 Ι,
1217 3223 1247 3296 3,
1264 3224 1299 3281 5:

144 3318 248 3381 Venno
270 3322 396 3378 venusta
416 3323 450 3380 et
470 3313 567 3381 Poen.
590 3312 623 3390 I,
648 3319 683 3389 1,
707 3318 762 3379 30:
786 3332 842 3374 nou
867 3316 992 3377 tutemet
1014 3315 1196 3380 latumias.
1236 3315 1300 3379 ld-

141 3413 261 3481 iectira
294 3414 429 3490 primm
463 3415 593 3488 modum,
629 3415 768 3480 dumus,
801 3417 968 3486 postremae
995 3429 1093 3491 saepe
1128 3429 1186 3493 pro
1210 3420 1300 3490 porte

134 3513 257 3588 prim,
277 3512 391 3590 medio,
413 3514 522 3574 333333
541 3509 588 3576 rei
611 3510 746 3576 alicuius
761 3513 934 3588 ponuntur,
958 3526 986 3573 u.
1010 3509 1114 3575 Rudd.
1137 3510 1180 3591 11,
1202 3530 1231 3594 p.
1248 3519 1300 3578 44.

142 3606 197 3675 Sin
216 3605 324 3673 Plant
351 3607 430 3675 Olet.
453 3615 514 3675 cot.
542 3613 576 3675 6:
596 3613 745 3685 postremo
767 3611 798 3669 iu
820 3608 984 3677 moenio,
1005 3607 1027 3671 i.
1051 3627 1078 3672 ε.
1101 3608 1134 3673 in
1156 3615 1301 3677 extrema

140 3711 238 3787 parto
259 3724 286 3773 c.
309 3706 439 3773 Terent.
463 3709 560 3773 Andr.
583 3708 616 3780 l,
640 3711 676 3786 1,
700 3708 776 3769 106:
805 3707 933 3767 medinm
953 3707 1106 3768 maliem
1128 3711 1300 3786 complecti·

143 3812 213 3881 tur,
235 3820 295 3885 pro
314 3805 445 3869 33333333
465 3809 607 3870 multata
639 3802 765 3869 Phorm.
788 3802 814 3880 1,
836 3808 868 3883 d,
884 3807 942 3869 37:
965 3807 1069 3867 ultima
1089 3809 1202 3883 plutea.
1240 3807 1300 3875 ld.

141 3898 224 3981 prot
250 3919 280 3966 v.
305 3907 338 3969 9:
367 3909 466 3983 primu
494 3904 597 3969 fabula
616 3928 658 3956 =
680 3900 871 3983 principium
901 3899 1038 3968 fabulae.
1083 3902 1186 3985 Saepe
1214 3904 1301 3973 adle-

141 3999 264 4067 ctirum
277 4018 338 4082 pro
356 4001 497 4082 genitivo
511 4000 704 4069 substantivi
718 4001 858 4082 ponitur,
882 3999 967 4079 quod
981 4000 1151 4066 admodum
1167 4002 1302 4085 simplex

142 4101 195 4163 eet
213 4096 409 4179 Ter-AM,
433 4104 537 4181 mle:
559 4102 822 4177 utaperiamus,
845 4100 945 4176 potins
968 4101 1181 4164 onnanelacero
1207 4104 1300 4166 filium

143 4198 204 4260 Bne
233 4207 343 4276 sponte
373 4209 455 4263 recte
485 4201 597 4263 lacero.
641 4197 695 4266 Sic
723 4195 840 4262 dicitur
869 4212 889 4259 a
919 4196 1039 4262 Getone
1070 4197 1108 4263 R.
1136 4199 1174 4264 R
1203 4218 1229 4265 ε.
1259 4205 1301 4267 43

136 4299 311 4373 mamm
330 4297 585 4363 sommarium:
599 4315 676 4364 sem.
692 4312 860 4379 pomorum
881 4295 1043 4372 (Benecke
1065 4296 1108 4361 ad
1127 4295 1193 4364 Cic
1208 4297 1302 4365 caol.

141 4410 175 4476 p
204 4393 1175 4475 ret)trinutum.111‚e‚oo:ouaomoute.orc
1205 4396 1301 4463 llost
