3125 5075
277 370 339 428 298
718 355 875 398 sunanann.
900 357 963 398 CAV.
979 357 1021 400 ΙΙΙ.

276 537 339 596 ires
363 534 526 595 murtrum
550 533 636 593 male.
682 529 811 596 Terent.
841 531 957 596 licant.
992 529 1046 608 IV,
1070 533 1099 608 3,
1122 533 1179 595 3⁷:
1214 531 1284 593 dum
1307 533 1358 592 s'lla'
1380 549 1447 594 aos-

276 635 372 694 salos.
417 629 517 694 Nasu.
552 628 590 693 lr.
619 630 677 694 inc.
706 646 785 694 corn.
809 633 865 707 20,
899 645 928 692 v.
952 632 1030 692 216:
1078 631 1133 690 Vol
1159 647 1236 705 quae
1274 639 1382 705 sperat
1412 647 1443 692 se

276 736 440 806 nupturam
476 730 618 803 virginem
654 729 879 789 adulescentulo.
925 725 1052 791 Terent.
1082 723 1216 805 Adelph.
1248 723 1304 803 lv,
1330 731 1361 801 5,
1385 729 1442 791 37:

276 829 392 890 Assur
413 827 461 886 aia
481 828 569 886 redeas
591 829 656 902 quie
678 826 742 887 eet?
785 823 880 888 Ennii
903 822 1006 887 annal.
1029 820 1050 885 l.
1073 819 1099 901 1,
1130 819 1168 885 fr.
1192 827 1251 888 48:
1282 828 1442 901 Postquam

279 927 418 988 consistit
441 923 547 985 fluvius
571 926 621 999 qui
644 931 692 984 est
713 922 841 983 masibu’
863 925 1014 998 princeps.
1048 919 1151 984 Plana
1174 921 1257 986 nuo.
1281 919 1308 998 Ι,
1333 925 1363 999 2,
1388 924 1438 986 58:

281 1025 386 1086 Amori
408 1024 482 1082 haec
506 1031 602 1098 curat,
626 1023 729 1082 tritico
752 1028 839 1082 curat
861 1021 964 1081 Ceres.
1010 1015 1091 1082 Rud.
1114 1016 1141 1097 Ι,
1164 1023 1193 1098 2,
1216 1023 1274 1084 32;
1304 1021 1371 1082 lllis
1394 1037 1440 1080 cu·

279 1123 402 1183 randum
426 1136 544 1193 censeo,
568 1120 741 1193 Sceparnio.
786 1114 871 1180 Trin.
900 1114 955 1195 IV,
979 1119 1007 1194 3,
1032 1119 1089 1179 5οε
1128 1119 1182 1178 Set
1203 1135 1259 1194 ego
1282 1135 1348 1180 sum
1372 1117 1440 1176 insi-
1486 1169 1487 1180 .

279 1221 411 1296 pientior
436 1218 487 1292 qai
515 1217 604 1277 rebus
633 1233 735 1276 curem
757 1217 897 1290 puplicis.
942 1211 1028 1277 Trin.
1066 1231 1094 1279 v.
1119 1218 1197 1280 204:
1242 1219 1300 1292 Qui
1324 1219 1441 1278 illorum
1485 1241 1488 1246 ’

280 1317 379 1378 verbis
402 1315 487 1375 falsis
509 1322 654 1388 acceptor
676 1313 727 1374 lui.
761 1309 854 1376 (turc.
876 1309 919 1389 ΙΙ,
944 1317 972 1389 3,
999 1315 1055 1377 19:
1080 1314 1176 1374 vitent
1197 1313 1378 1394 infortunio,
1401 1309 1438 1375 ad
1483 1337 1488 1382 r

281 1430 311 1493 q.
335 1414 354 1475 l.
378 1410 558 1476 Gronovius
581 1407 676 1473 alfort
698 1407 770 1473 Ges.
793 1407 843 1487 ΙΙ,
878 1413 911 1487 2,
942 1413 996 1473 35:
1042 1411 1167 1486 Semper
1193 1421 1225 1472 tu
1248 1413 1319 1472 huic
1352 1411 1438 1472 verbo
1483 1443 1488 1478 f

285 1514 378 1572 vitato
401 1511 454 1570 abs
477 1517 529 1570 tuo
552 1511 625 1571 viro.
665 1505 727 1570 CL.
765 1509 842 1581 Quoi
865 1507 977 1568 verbo?
1015 1505 1058 1584 (h.
1082 1525 1109 1571 e.
1139 1523 1269 1587 operam
1292 1506 1381 1582 dato,
1403 1523 1438 1572 na
1481 1549 1488 1570 .

281 1606 342 1671 hoc
365 1605 498 1671 verbnm
521 1604 659 1682 audias),
682 1603 758 1668 item
775 1601 872 1668 Poen.
893 1603 973 1685 prol.
997 1623 1026 1668 v.
1051 1607 1105 1668 25:
1129 1609 1225 1667 vitem
1247 1608 1375 1682 ancipiti
1397 1609 1436 1666 in-

282 1707 423 1768 fortunio.
470 1701 651 1766 Gronovius
674 1700 764 1765 addit
785 1700 864 1767 haec
891 1702 978 1767 dicta
1001 1719 1071 1766 esse
1098 1701 1210 1766 eodem
1237 1701 1351 1778 modo,
1379 1717 1435 1782 quo

283 1819 380 1881 snepc
414 1799 499 1881 apud
521 1798 670 1863 Plautum
697 1803 776 1862 malo
799 1817 917 1864 cavere.
961 1798 1056 1863 Poen.
1094 1799 1134 1878 V,
1157 1807 1187 1878 4,
1211 1804 1267 1865 ⁷4:
1305 1819 1361 1876 pro
1384 1802 1434 1862 hoc

283 1904 354 1962 mihi
378 1908 522 1976 patronus
543 1900 598 1959 sim
622 1905 785 1960 necessest.
830 1895 929 1961 Mera.
965 1897 1001 1975 V,
1026 1902 1054 1974 2,
1080 1902 1114 1961 1:
1150 1901 1255 1960 Divom
1279 1909 1369 1975 atque
1390 1901 1435 1959 ho·

284 2002 393 2059 minum
416 2015 491 2073 qaae
515 1998 681 2072 spectatrix
704 2005 793 2071 atque
822 2013 875 2057 era
898 1998 1002 2058 eadem
1025 2015 1058 2058 ee
1082 1999 1259 2060 hominibus.
1305 1994 1373 2060 Mil.
1398 1993 1435 2072 ΙΙ,

284 2099 313 2174 2,
338 2098 413 2158 118:
450 2097 525 2154 Nam
548 2096 611 2154 illic
634 2101 681 2156 est
703 2097 920 2155 Philocomasio
943 2103 1053 2171 custos,
1085 2112 1167 2154 meus
1191 2112 1365 2172 conservos,
1393 2095 1435 2170 qui

284 2198 309 2254 it
331 2194 420 2254 loros·
455 2191 503 2256 lb.
526 2189 564 2267 V,
587 2206 615 2253 v.
640 2194 697 2254 38:
723 2193 795 2266 Quis
819 2198 886 2251 erat
907 2192 1017 2267 igitur?
1039 2189 1097 2255 SC.
1121 2194 1343 2254 Philocomasio
1366 2209 1435 2253 ama·

285 2302 343 2353 tor.
387 2288 500 2369 Amph.
523 2288 603 2368 prol.
628 2308 656 2352 v.
680 2293 736 2352 44:
784 2292 850 2365 quis
879 2289 1044 2351 benefactis
1067 2307 1150 2350 meus
1173 2299 1279 2365 pater,
1314 2291 1435 2350 Deorum

287 2397 438 2466 regnator,
462 2389 661 2449 architectust
676 2390 822 2461 omnihus,
846 2387 931 2465 adq.
950 2385 968 2449 l.
985 2403 1012 2448 a.
1025 2385 1157 2450 Taubm.
1180 2385 1312 2449 Terent.
1330 2385 1434 2450 Heaut.

286 2486 328 2564 ΙΙ,
354 2491 382 2563 3,
403 2489 458 2549 29:
483 2487 565 2560 Quae
590 2495 637 2547 est
658 2487 739 2547 dicta
762 2495 859 2547 mater
881 2502 948 2547 esse
971 2488 999 2547 ei
1023 2487 1160 2552 antehac.
1184 2485 1332 2546 nonfuit.
1367 2481 1433 2547 nec

286 2585 328 2660 ΙΙ,
356 2590 385 2662 2,
413 2588 465 2646 16;
489 2586 547 2644 etsi
568 2584 615 2642 illa
636 2592 724 2659 pater
746 2604 789 2658 es,
813 2581 843 2645 h.
860 2602 887 2646 e.
903 2580 998 2647 illius.
1043 2581 1177 2662 Adelph.
1201 2582 1227 2656 Ι,
1252 2586 1281 2660 2,
1305 2588 1363 2647 46;
1383 2584 1433 2643 Na·

287 2693 357 2745 tura
385 2693 416 2744 tu
442 2685 487 2741 illi
514 2687 603 2757 pater
625 2700 673 2755 es,
709 2684 843 2743 consiliis
866 2700 930 2758 ego.
975 2679 1091 2745 Heaut.
1125 2679 1162 2759 V,
1187 2682 1216 2756 2,
1241 2684 1296 2744 38:
1335 2688 1431 2741 matres

287 2800 390 2843 omnes
413 2780 484 2840 filiis
507 2782 541 2838 ln
564 2787 690 2855 peccato
713 2780 892 2854 adiutrices,
930 2782 1041 2841 auxilio
1063 2782 1094 2838 iu
1117 2787 1244 2854 paterna
1267 2780 1375 2839 iniuria
1393 2792 1431 2837 so·

288 2882 353 2939 lent
374 2896 449 2939 esse.
494 2875 576 2940 Eun.
613 2876 651 2954 V,
675 2880 704 2954 8,
729 2878 786 2940 22:
824 2880 871 2938 lta
894 2886 1014 2939 nostrae
1038 2878 1147 2938 omnist
1169 2878 1281 2937 fautrix
1304 2876 1428 2937 iamillsa.

283 2975 380 3038 Andr.
404 2973 448 3053 II,
472 2978 501 3052 G,
525 2979 579 3037 27:
618 2977 649 3035 Si
672 2977 720 3035 hic
743 2977 845 3038 maliet
867 2978 1040 3051 quicquam,
1064 2977 1130 3035 hem
1153 2976 1217 3035 illlc
1242 2982 1290 3035 eat
1312 2976 1376 3034 huic
1394 2970 1428 3031 rei

282 3081 384 3148 capnt.
430 3070 566 3151 Adelph.
589 3070 644 3151 IV,
669 3076 698 3149 2,
722 3076 779 3135 29:
817 3076 895 3133 idem
919 3075 998 3149 quod
1020 3091 1075 3148 ego
1100 3075 1203 3148 sensit,
1232 3079 1263 3132 te
1286 3090 1352 3133 csse
1374 3070 1426 3130 huic

281 3175 326 3233 rei
349 3179 447 3247 capnt.
504 3167 601 3233 Andr.
626 3168 665 3248 V,
688 3176 719 3247 4,
743 3173 777 3232 2:
801 3173 879 3246 qnod
901 3172 961 3247 ipsi
984 3173 1071 3245 cupio
1092 3172 1243 3246 Glycerio.

373 3268 446 3331 Duo
468 3266 567 3331 dativi
590 3267 651 3331 sibi
674 3266 814 3347 oppositi
838 3268 965 3331 suntin
987 3266 1037 3330 his
1060 3266 1221 3348 exemplis.
1268 3264 1361 3330 Ennii
1379 3260 1425 3325 Te·

283 3363 406 3428 lamon.
429 3362 467 3427 fr.
493 3369 521 3439 2,
544 3384 572 3428 v.
598 3370 668 3429 328.
693 3363 826 3445 Telephi
848 3363 886 3428 tr.
914 3369 961 3443 13,
985 3383 1013 3428 v.
1037 3368 1114 3428 389:
1144 3368 1247 3428 Nihilo
1271 3369 1364 3425 minus
1381 3358 1424 3435 ipsi

288 3467 383 3537 lucet,
413 3482 478 3523 curn
501 3464 549 3523 illi
571 3465 753 3525 accenderit.
799 3460 902 3527 Plaut.
929 3461 1027 3526 Merc.
1056 3459 1111 3540 IV,
1140 3468 1169 3539 4,
1200 3466 1234 3527 3:
1279 3464 1368 3523 Nobis
1386 3474 1423 3517 co

286 3563 445 3638 quendam,
467 3580 526 3622 non
550 3565 619 3636 quoi
642 3563 782 3623 conducti
806 3581 915 3622 sumus.
941 3559 1022 3624 Men.
1045 3558 1100 3638 IV,
1124 3564 1153 3637 2,
1176 3564 1235 3625 82:

413 3662 498 3721 Palla
521 3662 621 3720 mihist
647 3661 734 3720 domo
757 3668 906 3734 surrupta.
930 3656 1032 3722 MEN.
1056 3661 1140 3720 Palla
1161 3664 1333 3735 surruptast
1352 3646 1424 3717 mitit

416 3754 510 3819 PEN.
555 3759 652 3818 Viden
686 3758 738 3817 ted
770 3764 805 3816 ut
832 3759 979 3818 scelestus
1007 3758 1131 3832 captat?
1167 3760 1237 3819 hnic
1264 3754 1422 3831 surruptast

1081 3874 1138 3917 non
1161 3857 1237 3916 tibi:

418 3957 492 4015 Nam
516 3954 654 4031 proiecto
678 3956 732 4015 tibi
755 3964 897 4029 surrupta
919 3957 945 4016 si
968 3961 1058 4027 esset,
1083 3957 1165 4015 salva
1187 3972 1267 4015 nunc
1290 3953 1374 4014 foret.

282 4051 409 4116 Acidal.
434 4050 476 4115 ad
498 4051 528 4114 h.
552 4050 572 4115 l.
595 4050 691 4116 affert
713 4050 804 4130 Capt
841 4050 897 4130 lV,
920 4054 949 4129 2,
973 4055 1029 4115 86:
1074 4052 1215 4113 Essurire
1239 4054 1312 4112 mihi
1333 4049 1421 4111 videre

281 4150 347 4214 ER.
381 4154 456 4211 Mihi
480 4152 597 4227 quidem
621 4153 746 4225 essurio,
777 4168 836 4211 non
861 4151 929 4225 tibi,
954 4154 988 4212 et
1009 4148 1124 4214 Pseud.
1148 4148 1204 4228 IV,
1231 4154 1258 4225 1,
1283 4151 1340 4212 23ε
1371 4146 1420 4213 pp

281 4251 363 4324 piter
386 4258 415 4309 te
439 4251 510 4309 mihi
534 4256 642 4309 servet.
666 4246 713 4312 sl.
737 4251 830 4309 lmmo
854 4250 936 4309 mihi.
981 4246 1053 4310 Aul.
1083 4246 1138 4325 IV,
1166 4250 1197 4327 2,
1223 4251 1261 4311 16
1286 4242 1420 4325 (remou-

282 4344 322 4408 ad
345 4344 450 4410 Sanct.
473 4363 503 4426 p.
529 4348 618 4421 182):
641 4348 672 4407 id
696 4348 772 4407 adeo
795 4348 849 4406 aaa
871 4346 980 4407 iactam
1003 4344 1074 4425 (int.
1098 4340 1238 4409 fideliam
1260 4342 1352 4409 mulsi
1370 4330 1419 4416 ult
