3125 5075
183 146 1474 374 ,ιι-

493 520 581 562 ΟΔΟΙΙΒ
595 519 864 565 ΒΠΒΒΤΔΙΙΤΠΟΒΙΙΙ.
877 543 902 553 -
915 522 1019 564 ΔΒΙιΑΤ.
1294 533 1354 590 179

230 700 274 760 sito
291 697 444 759 sustuleris
466 704 499 756 et
520 712 593 757 rasa
614 704 721 770 parata
742 705 840 771 eruut,
864 698 964 758 damni
980 699 1053 760 nihil
1068 700 1357 775 eritealcamestate,

227 793 268 859 uhi
284 811 339 856 esre
357 789 459 856 hahet
483 786 746 871 significationem
776 793 866 858 verbi
889 793 1019 857 oriendi.
1057 790 1161 858 Praei.
1191 792 1218 870 t.
1241 799 1279 856 4:
1318 796 1359 853 ht
1401 846 1406 859 .

227 911 251 954 rs
269 892 401 967 aorioots
427 898 460 951 et
484 890 542 950 viri
568 888 725 950 fortissimi
755 898 787 950 et
820 892 930 951 milites
958 894 1155 954 strenuissimi
1189 893 1357 967 gignuntur.

227 984 249 1052 ΙΙ.
267 992 292 1053 3.
312 986 340 1065 i.
361 993 399 1051 4:
437 1005 474 1050 ea
495 986 602 1061 quouis
623 986 689 1046 olea
712 988 808 1048 oleum
832 990 954 1050 viridius
978 997 1009 1049 et
1030 991 1136 1050 bonum
1160 989 1225 1050 fieri
1247 995 1357 1064 potest.

227 1082 249 1148 C.
266 1090 295 1150 5:
315 1086 452 1148 Scabiem
474 1085 579 1160 pecori
601 1115 644 1124 —
666 1091 781 1146 caueto.
805 1085 835 1144 id
858 1102 893 1145 ea
920 1086 1001 1157 soene
1029 1093 1060 1145 et
1082 1087 1108 1146 si
1130 1087 1263 1162 impluit,
1290 1085 1357 1145 fieri

226 1187 290 1246 alet
317 1179 350 1245 G.
378 1185 455 1246 157:
477 1182 527 1241 ubi
550 1179 688 1242 sufflatae
712 1190 781 1242 sunt
803 1198 839 1241 ec
861 1184 932 1246 cido.
963 1179 1026 1247 lh:
1051 1184 1100 1244 ubi
1123 1199 1159 1242 ca
1181 1183 1273 1243 molto
1295 1184 1358 1243 cibo

227 1282 288 1341 drus
305 1298 364 1341 non
387 1281 421 1339 ia
466 1276 562 1341 Euuii
583 1275 687 1340 annal.
711 1276 730 1341 Ι.
751 1276 776 1355 Ι,
816 1275 853 1341 fr.
879 1282 934 1341 29:
973 1286 1122 1341 Assaraco
1151 1287 1238 1340 natus
1267 1280 1357 1353 Capis

229 1379 330 1452 optimus
368 1378 453 1452 isque
483 1377 563 1450 pium
600 1391 636 1433 ex
668 1392 698 1435 se
721 1377 871 1436 Anchisen
893 1382 1025 1450 penerat.
1069 1374 1165 1439 Ennii
1193 1379 1274 1455 trag.
1298 1374 1357 1437 inc.

229 1468 313 1554 iigm.
338 1477 394 1537 20:
417 1493 432 1535 e
454 1489 504 1547 spe
523 1473 643 1547 quidem
667 1473 697 1532 id
720 1476 867 1535 successit
888 1475 951 1535 tihi.
973 1471 1184 1552 Epicharmus
1207 1469 1244 1534 ir.
1270 1475 1297 1534 7.
1324 1487 1357 1549 p.

231 1572 272 1633 us
291 1568 440 1633 Vahlen:
478 1571 529 1645 qui
552 1576 657 1629 ventus
680 1577 727 1631 est
749 1578 781 1630 et
803 1573 912 1633 nubes:
950 1573 1044 1631 imber
1071 1581 1177 1647 postea
1200 1574 1297 1645 atque
1321 1587 1358 1628 ea

225 1665 293 1728 ahs
314 1668 429 1744 frigus:
453 1673 558 1727 sentus
582 1674 650 1741 post
672 1667 714 1729 iit.
759 1664 863 1729 Plaut.
887 1666 985 1732 Stich.
1008 1685 1037 1730 v.
1062 1672 1139 1731 291:
1162 1669 1296 1744 donaque
1320 1685 1356 1727 ec

222 1779 285 1825 saro.
317 1760 400 1827 Rud.
423 1761 463 1841 V,
485 1766 515 1838 2,
541 1767 594 1826 13:
632 1766 709 1825 Nam
729 1765 787 1825 hoc
810 1767 927 1841 quidem
952 1768 1002 1840 pol
1025 1783 1040 1824 c
1061 1765 1205 1839 rohiqs‘ae,
1227 1783 1286 1825 nou
1310 1774 1357 1825 est

216 1864 320 1935 cserro
343 1861 465 1922 iactum.
509 1857 625 1922 Bacch.
648 1857 703 1937 IV,
725 1868 755 1939 4,
781 1865 812 1923 1:
837 1865 912 1923 Huic
938 1872 1065 1923 statuam
1088 1864 1179 1924 statui
1212 1862 1299 1921 decet
1322 1877 1359 1920 eo

214 1973 286 2021 aas.
309 1957 408 2021 Mero.
425 1955 451 2035 1,
469 1960 498 2034 2,
522 1959 580 2019 28;
603 1958 744 2019 Resinam
767 1977 803 2021 ac
824 1961 909 2020 melle
935 1963 1112 2037 Aegyptiam
1136 1967 1249 2037 voratu,
1273 1956 1303 2021 h.
1329 1975 1357 2022 e.

207 2057 336 2121 resinam
359 2072 430 2119 cum
454 2052 564 2128 melle,
591 2048 664 2130 μετὰ
685 2050 820 2133 μέλιτος,
858 2073 886 2117 v.
909 2055 1010 2135 intpp.
1056 2055 1128 2119 Aul.
1166 2055 1212 2135 ΙΙ,
1241 2061 1275 2133 2,
1300 2059 1355 2118 29;

204 2150 303 2231 Neque
327 2156 382 2214 illo
412 2155 597 2228 quisquamst
619 2155 696 2214 alter
719 2155 807 2215 hodie
831 2171 867 2213 ea
882 2159 1060 2228 paupertate
1081 2156 1211 2231 parcior,
1233 2149 1263 2214 h.
1285 2169 1311 2214 e.
1337 2168 1355 2216 e

202 2262 333 2314 numero
355 2265 542 2328 pauperum.
566 2246 663 2312 Stich.
686 2268 715 2312 v.
741 2253 796 2313 12:
821 2253 872 2328 qui
893 2271 966 2312 unus
990 2253 1076 2312 unice
1095 2252 1215 2312 Ciuitas
1236 2268 1272 2309 ea
1294 2267 1356 2309 one

199 2352 287 2410 *hus
311 2348 425 2423 probus
447 2347 632 2408 Perhihetur.
656 2343 681 2420 Ι,
706 2350 735 2423 2,
759 2351 813 2411 63;
838 2352 891 2410 Ee
912 2349 1001 2409 molis
1023 2349 1123 2409 multis
1144 2351 1252 2408 malum
1276 2348 1355 2422 quod

193 2445 399 2508 minumumst.
423 2440 466 2517 ΙΙ,
489 2445 519 2519 2,
545 2447 598 2506 19:
623 2444 732 2504 Verum
754 2463 791 2504 ee
810 2446 913 2506 maltis
934 2446 1105 2520 nequiorem
1131 2446 1243 2505 nullum
1266 2461 1354 2518 quam

194 2538 247 2605 hio
269 2554 318 2606 est
341 2540 511 2614 (conveni).
554 2539 649 2604 Most.
686 2539 845 2620 1‚1,2s:
889 2546 1042 2605 iuventute
1077 2544 1215 2601 exomni
1241 2542 1354 2602 Attica.

190 2631 313 2706 Pseud.
337 2636 363 2715 I,
387 2642 418 2715 3,
443 2640 518 2701 156;
556 2640 647 2698 Pauci
669 2657 705 2698 ex
727 2641 828 2700 moltis
851 2650 921 2701 suut
943 2642 1044 2712 amici,
1072 2640 1184 2699 homini
1208 2639 1283 2697 certi
1307 2639 1357 2712 qui

192 2742 284 2801 sieut.
318 2756 348 2799 v.
373 2739 449 2799 158:
483 2739 582 2811 Atque
606 2753 755 2811 exquaero
784 2756 820 2796 ea
845 2740 907 2799 illis
933 2738 1035 2798 multis
1062 2753 1150 2796 unum
1179 2736 1228 2810 qui
1256 2741 1356 2793 certus

190 2839 263 2897 siet.
309 2831 394 2896 suen.
433 2849 460 2892 v.
485 2835 565 2895 370:
602 2835 679 2907 Quia
706 2836 757 2909 pol
785 2842 815 2894 te
837 2854 926 2895 unum
960 2853 995 2895 ec
1017 2835 1153 2894 omnibus
1184 2835 1285 2891 Venus
1308 2848 1354 2890 me

191 2935 292 2994 voluit
314 2929 516 3006 magnificare.
552 2927 648 2992 Most.
671 2928 696 3007 Ι,
720 2936 749 3005 4,
773 2934 830 2995 24;
866 2935 915 2992 Illi
938 2951 992 3008 ego
1020 2949 1055 2991 ec
1078 2933 1212 2991 omnihus
1235 2936 1354 3004 optume

190 3034 272 3091 solo.
297 3026 393 3091 Most
417 3043 444 3086 u.
468 3029 546 3089 880:
570 3027 656 3087 Solus
680 3059 718 3069 —
743 3046 779 3087 cc
799 3031 957 3102 plurumis.
981 3026 1078 3092 Stich.
1103 3026 1127 3105 Ι,
1145 3031 1173 3104 3,
1190 3029 1246 3088 88;
1269 3028 1356 3085 Nunc

190 3122 401 3200 Miccotrogus
422 3126 539 3184 nomine
556 3141 572 3182 e
588 3141 659 3184 uero
681 3142 779 3184 vocor.
804 3124 900 3190 Stich.
924 3125 949 3203 Ι,
967 3131 995 3202 3,
1015 3131 1087 3188 114:
1112 3127 1196 3186 Satin
1212 3132 1245 3184 ut
1257 3123 1355 3184 facete

193 3240 291 3300 aeque
317 3229 407 3296 atque
442 3239 477 3280 es
492 3223 616 3294 motura
639 3224 764 3299 astititl,
801 3221 831 3285 h.
863 3240 890 3284 e.
928 3224 1018 3303 quasi
1042 3241 1079 3286 ex
1106 3222 1233 3301 pictura
1255 3222 1355 3295 ortus

193 3318 289 3399 quasi
312 3317 418 3396 pictus
441 3316 491 3379 sit.
526 3316 620 3381 Most.
643 3317 685 3395 ΙΙ,
712 3324 739 3393 l,
763 3323 817 3382 71:
841 3322 944 3397 Neque
961 3323 1116 3397 quicquam
1138 3320 1222 3379 nobis
1238 3320 1358 3393 pariant

193 3435 232 3476 ex
252 3435 285 3477 se
306 3416 495 3476 incommodi.
540 3413 630 3478 Pers.
654 3414 709 3493 IV,
733 3422 763 3491 4,
787 3420 860 3479 100:
891 3419 1019 3478 Divitias
1043 3425 1075 3477 tu
1097 3434 1133 3476 ec
1155 3419 1230 3475 istac
1252 3415 1355 3476 iacies.

196 3511 294 3576 Mers.
339 3509 386 3588 ΙΙ,
417 3514 451 3589 2,
480 3515 534 3576 53:
578 3516 635 3574 Hic
662 3515 748 3575 homo
779 3532 815 3573 ee
844 3532 944 3574 amore
974 3516 1092 3573 insanit.
1138 3509 1184 3588 ΙΙ,
1214 3514 1250 3587 3,
1280 3513 1356 3572 106:

197 3612 292 3671 Saum
320 3628 379 3669 uon
409 3618 455 3669 est
483 3627 519 3669 ec
546 3627 644 3670 camora
672 3613 760 3672 illius.
809 3608 857 3688 ΙΙ,
888 3615 922 3686 3,
954 3614 1028 3673 11οε
1058 3612 1224 3684 Numquam
1249 3606 1357 3681 edepol

201 3706 253 3768 fuit
290 3724 388 3783 neque
421 3707 473 3766 fiet
503 3709 554 3767 ille
596 3725 686 3768 senex
721 3710 855 3769 insanior
894 3712 946 3769 Ea
979 3725 1086 3768 amore.
1139 3703 1205 3782 ΠΙ,
1238 3708 1270 3778 l,
1301 3706 1355 3766 19:

204 3821 236 3862 cs
269 3807 370 3876 formo
407 3821 513 3864 nomen
550 3804 714 3865 inditumst.
763 3802 856 3882 Epid.
894 3803 940 3882 ΙΙ,
977 3810 1009 3882 l,
1047 3811 1087 3867 4:
1137 3822 1195 3879 qua
1231 3819 1266 3862 ea
1304 3800 1358 3860 tihi

210 3918 415 3961 commemores
440 3903 525 3961 Hanc
549 3932 590 3941 -
612 3900 704 3960 filiam
727 3911 910 3976 prognatam.
954 3900 1069 3966 Pseud.
1093 3900 1119 3979 I,
1143 3905 1171 3978 5,
1196 3902 1250 3961 77:
1281 3899 1357 3971 Quia

211 3999 335 4059 uolebam
357 4017 394 4060 ec
415 4013 596 4058 memorem
619 4001 756 4074 progigni
779 4001 896 4060 malum.
919 3997 962 4077 II,
986 4004 1014 4078 2,
1039 4002 1094 4062 60;
1117 4017 1153 4057 ee
1176 3999 1229 4057 hoc
1250 4012 1357 4055 nomeu

215 4094 311 4157 mihist.
335 4092 412 4157 Cist.
436 4091 496 4169 ΙΙΙ,
514 4112 541 4156 v.
558 4097 613 4156 21:
637 4097 841 4171 Tranquillum
862 4096 963 4157 iacere
987 4117 1022 4157 ec
1036 4100 1124 4159 irato.
1146 4093 1242 4157 Poeu.
1266 4089 1303 4168 V,
1328 4095 1357 4166 3,

218 4192 266 4248 45:
285 4193 421 4254 Restitue
446 4202 545 4253 certas
568 4194 608 4251 mi
635 4209 670 4250 cc
692 4194 813 4253 incertis
836 4212 914 4253 nuuc
943 4212 1023 4269 opes.
1061 4191 1218 4256 Astrabae
1245 4187 1357 4267 fragm.

219 4296 243 4358 l·
259 4291 325 4364 476,
346 4306 375 4350 v.
399 4293 432 4354 3:
455 4291 611 4350 Axitiosae
640 4307 787 4350 annonam
821 4308 921 4350 earam
952 4292 1042 4351 coilc‘
1069 4292 1250 4351 concinnant
1277 4288 1356 4348 viris.

225 4374 298 4446 Tluc.
317 4384 358 4456 ΙΙ,
386 4389 416 4464 2,
441 4389 495 4449 64;
535 4386 603 4446 Vidi
629 4386 765 4463 equidem
800 4405 835 4446 ex
865 4387 1004 4449 iumentis
1033 4388 1145 4448 domita
1174 4385 1240 4458 fieri
1267 4392 1356 4458 atque

231 4476 284 4541 thas
302 4483 425 4558 hestiae,
459 4481 584 4563 dequo
607 4500 702 4548 versu
725 4480 966 4562 videKampm.
995 4501 1025 4564 p.
1052 4488 1100 4547 19.
1145 4479 1210 4544 lull.
1248 4477 1304 4558 IV,
1327 4484 1356 4557 2,

1080 4586 1140 4645 12*
