<?xml version="1.0" encoding="UTF-8"?>
<!DOCTYPE html PUBLIC "-//W3C//DTD XHTML 1.0 Transitional//EN"
    "http://www.w3.org/TR/xhtml1/DTD/xhtml1-transitional.dtd">
<html xmlns="http://www.w3.org/1999/xhtml" xml:lang="en" lang="en">
 <head>
  <title>
</title>
<meta http-equiv="Content-Type" content="text/html;charset=utf-8" />
  <meta name='ocr-system' content='tesseract 3.04.00' />
  <meta name='ocr-capabilities' content='ocr_page ocr_carea ocr_par ocr_line ocrx_word'/>
</head>
<body>
  <div class='ocr_page' id='page_1' title='image "./syntaxispriscor00holtgoog_0395.png"; bbox 0 0 3125 5075; ppageno 0'>
   <div class='ocr_carea' id='block_1_1' title="bbox 200 306 914 374">
    <p class='ocr_par' dir='ltr' id='par_1_1' title="bbox 200 306 914 374">
     <span class='ocr_line' id='line_1_1' title="bbox 200 306 914 374; baseline 0.001 -27"><span class='ocrx_word' id='word_1_1' title='bbox 200 307 269 374; x_wconf 65' lang='lat'><strong>376¹</strong></span> <span class='ocrx_word' id='word_1_2' title='bbox 656 307 785 349; x_wconf 69' lang='grc' dir='ltr'>ΡΙΟΙΙΟΙΙ.</span> <span class='ocrx_word' id='word_1_3' title='bbox 799 307 862 349; x_wconf 78' lang='grc' dir='ltr'><strong>ΟΔΡ.</strong></span> <span class='ocrx_word' id='word_1_4' title='bbox 876 306 914 348; x_wconf 80' lang='lat' dir='ltr'><strong>vl.</strong></span> 
     </span>
    </p>
   </div>
   <div class='ocr_carea' id='block_1_2' title="bbox 200 480 1362 1345">
    <p class='ocr_par' dir='ltr' id='par_1_2' title="bbox 200 480 1361 1246">
     <span class='ocr_line' id='line_1_2' title="bbox 200 480 1356 561; baseline 0.003 -17"><span class='ocrx_word' id='word_1_5' title='bbox 200 482 334 544; x_wconf 84' lang='lat' dir='ltr'><strong>narrarit</strong></span> <span class='ocrx_word' id='word_1_6' title='bbox 356 482 429 542; x_wconf 87' lang='lat' dir='ltr'><strong>mihi</strong></span> <span class='ocrx_word' id='word_1_7' title='bbox 458 483 516 543; x_wconf 88' lang='lat' dir='ltr'><strong>Hie</strong></span> <span class='ocrx_word' id='word_1_8' title='bbox 545 483 627 543; x_wconf 85' lang='lat' dir='ltr'><strong>intus</strong></span> <span class='ocrx_word' id='word_1_9' title='bbox 649 482 799 544; x_wconf 71' lang='lat' dir='ltr'><strong>Bacchis?</strong></span> <span class='ocrx_word' id='word_1_10' title='bbox 841 480 968 546; x_wconf 87' lang='lat' dir='ltr'><strong>Phorm.</strong></span> <span class='ocrx_word' id='word_1_11' title='bbox 990 480 1033 560; x_wconf 93' lang='grc' dir='ltr'><strong>ΙΙ,</strong></span> <span class='ocrx_word' id='word_1_12' title='bbox 1055 487 1086 561; x_wconf 99' lang='grc'><strong>4,</strong></span> <span class='ocrx_word' id='word_1_13' title='bbox 1113 487 1165 547; x_wconf 81' lang='lat'><strong>14:</strong></span> <span class='ocrx_word' id='word_1_14' title='bbox 1197 486 1277 559; x_wconf 82' lang='lat' dir='ltr'><strong>Quot</strong></span> <span class='ocrx_word' id='word_1_15' title='bbox 1304 487 1356 547; x_wconf 90' lang='lat' dir='ltr'><strong>ho·</strong></span> 
     </span>
     <span class='ocr_line' id='line_1_3' title="bbox 200 576 1356 660; baseline 0.003 -18"><span class='ocrx_word' id='word_1_16' title='bbox 200 583 296 642; x_wconf 88' lang='lat' dir='ltr'><strong>mines</strong></span> <span class='ocrx_word' id='word_1_17' title='bbox 319 586 365 640; x_wconf 86' lang='lat' dir='ltr'><strong>tot</strong></span> <span class='ocrx_word' id='word_1_18' title='bbox 386 582 562 642; x_wconf 85' lang='lat' dir='ltr'><strong>sententiae.</strong></span> <span class='ocrx_word' id='word_1_19' title='bbox 607 576 842 658; x_wconf 83' lang='lat' dir='ltr'><strong>Nonnunquam</strong></span> <span class='ocrx_word' id='word_1_20' title='bbox 870 580 1104 645; x_wconf 84' lang='lat' dir='ltr'><strong>substantivum</strong></span> <span class='ocrx_word' id='word_1_21' title='bbox 1130 596 1356 660; x_wconf 82' lang='lat' dir='ltr'><strong>praegressum</strong></span> 
     </span>
     <span class='ocr_line' id='line_1_4' title="bbox 203 674 1355 759; baseline 0 -18"><span class='ocrx_word' id='word_1_22' title='bbox 203 674 290 756; x_wconf 83' lang='lat' dir='ltr'><strong>apud</strong></span> <span class='ocrx_word' id='word_1_23' title='bbox 312 692 487 756; x_wconf 84' lang='lat' dir='ltr'><strong>pronomen</strong></span> <span class='ocrx_word' id='word_1_24' title='bbox 509 675 678 741; x_wconf 86' lang='lat' dir='ltr'><strong>relativum</strong></span> <span class='ocrx_word' id='word_1_25' title='bbox 700 675 869 756; x_wconf 89' lang='lat' dir='ltr'><strong>repetitur,</strong></span> <span class='ocrx_word' id='word_1_26' title='bbox 893 682 931 741; x_wconf 92' lang='lat' dir='ltr'><strong>ut</strong></span> <span class='ocrx_word' id='word_1_27' title='bbox 950 678 1027 743; x_wconf 87' lang='lat' dir='ltr'><strong>Hoc.</strong></span> <span class='ocrx_word' id='word_1_28' title='bbox 1050 677 1129 759; x_wconf 81' lang='lat' dir='ltr'><strong>proi</strong></span> <span class='ocrx_word' id='word_1_29' title='bbox 1146 682 1176 754; x_wconf 83' lang='lat'>2,</span> <span class='ocrx_word' id='word_1_30' title='bbox 1197 696 1227 740; x_wconf 84' lang='lat' dir='ltr'><strong>v.</strong></span> <span class='ocrx_word' id='word_1_31' title='bbox 1252 683 1286 741; x_wconf 82' lang='lat'><strong>2:</strong></span> <span class='ocrx_word' id='word_1_32' title='bbox 1308 698 1355 741; x_wconf 86' lang='lat' dir='ltr'><strong>eo-</strong></span> 
     </span>
     <span class='ocr_line' id='line_1_5' title="bbox 203 775 1357 851; baseline 0.002 -14"><span class='ocrx_word' id='word_1_33' title='bbox 203 776 270 837; x_wconf 89' lang='lat' dir='ltr'><strong>dem</strong></span> <span class='ocrx_word' id='word_1_34' title='bbox 294 783 328 835; x_wconf 89' lang='lat' dir='ltr'><strong>ut</strong></span> <span class='ocrx_word' id='word_1_35' title='bbox 348 775 414 836; x_wconf 86' lang='lat' dir='ltr'><strong>iure</strong></span> <span class='ocrx_word' id='word_1_36' title='bbox 438 778 482 835; x_wconf 88' lang='lat' dir='ltr'><strong>uti</strong></span> <span class='ocrx_word' id='word_1_37' title='bbox 504 795 605 837; x_wconf 87' lang='lat' dir='ltr'><strong>senem</strong></span> <span class='ocrx_word' id='word_1_38' title='bbox 627 777 747 851; x_wconf 83' lang='lat' dir='ltr'>Liceat,</span> <span class='ocrx_word' id='word_1_39' title='bbox 782 794 839 851; x_wconf 89' lang='lat' dir='ltr'><strong>quo</strong></span> <span class='ocrx_word' id='word_1_40' title='bbox 860 778 927 837; x_wconf 79' lang='lat' dir='ltr'><strong>iure</strong></span> <span class='ocrx_word' id='word_1_41' title='bbox 950 797 1013 840; x_wconf 88' lang='lat' dir='ltr'><strong>sum</strong></span> <span class='ocrx_word' id='word_1_42' title='bbox 1038 796 1111 839; x_wconf 80' lang='lat' dir='ltr'><strong>nous</strong></span> <span class='ocrx_word' id='word_1_43' title='bbox 1137 778 1357 839; x_wconf 84' lang='lat' dir='ltr'><strong>adulescentior</strong></span> 
     </span>
     <span class='ocr_line' id='line_1_6' title="bbox 203 869 1360 950; baseline -0.002 -14"><span class='ocrx_word' id='word_1_44' title='bbox 203 876 237 936; x_wconf 86' lang='lat' dir='ltr'><strong>et</strong></span> <span class='ocrx_word' id='word_1_45' title='bbox 258 870 375 935; x_wconf 85' lang='lat' dir='ltr'><strong>Heaut.</strong></span> <span class='ocrx_word' id='word_1_46' title='bbox 398 869 478 950; x_wconf 90' lang='lat' dir='ltr'><strong>prol.</strong></span> <span class='ocrx_word' id='word_1_47' title='bbox 502 888 531 935; x_wconf 86' lang='lat' dir='ltr'><strong>v.</strong></span> <span class='ocrx_word' id='word_1_48' title='bbox 553 875 607 935; x_wconf 84' lang='lat'><strong>20:</strong></span> <span class='ocrx_word' id='word_1_49' title='bbox 642 875 741 933; x_wconf 81' lang='lat' dir='ltr'><strong>Habet</strong></span> <span class='ocrx_word' id='word_1_50' title='bbox 771 874 915 936; x_wconf 90' lang='lat' dir='ltr'><strong>bonorum</strong></span> <span class='ocrx_word' id='word_1_51' title='bbox 937 878 1117 949; x_wconf 72' lang='lat' dir='ltr'><strong>exemplum,</strong></span> <span class='ocrx_word' id='word_1_52' title='bbox 1150 893 1208 948; x_wconf 91' lang='lat' dir='ltr'><strong>quo</strong></span> <span class='ocrx_word' id='word_1_53' title='bbox 1231 879 1360 949; x_wconf 79' lang='lat' dir='ltr'><strong>exemplo</strong></span> 
     </span>
     <span class='ocr_line' id='line_1_7' title="bbox 203 970 1359 1051; baseline 0.004 -20"><span class='ocrx_word' id='word_1_54' title='bbox 203 972 263 1032; x_wconf 89' lang='lat' dir='ltr'><strong>sibi</strong></span> <span class='ocrx_word' id='word_1_55' title='bbox 282 972 391 1031; x_wconf 82' lang='lat' dir='ltr'><strong>Licere</strong></span> <span class='ocrx_word' id='word_1_56' title='bbox 414 970 444 1031; x_wconf 93' lang='lat' dir='ltr'><strong>id</strong></span> <span class='ocrx_word' id='word_1_57' title='bbox 467 971 577 1045; x_wconf 85' lang='lat' dir='ltr'><strong>iecere,</strong></span> <span class='ocrx_word' id='word_1_58' title='bbox 601 973 680 1047; x_wconf 91' lang='lat' dir='ltr'><strong>quod</strong></span> <span class='ocrx_word' id='word_1_59' title='bbox 702 973 747 1032; x_wconf 89' lang='lat' dir='ltr'><strong>illi</strong></span> <span class='ocrx_word' id='word_1_60' title='bbox 770 972 916 1047; x_wconf 85' lang='lat' dir='ltr'><strong>fecerunt,</strong></span> <span class='ocrx_word' id='word_1_61' title='bbox 939 980 1032 1050; x_wconf 88' lang='lat' dir='ltr'><strong>putat.</strong></span> <span class='ocrx_word' id='word_1_62' title='bbox 1080 971 1177 1036; x_wconf 80' lang='lat' dir='ltr'><strong>Andr.</strong></span> <span class='ocrx_word' id='word_1_63' title='bbox 1192 971 1219 1050; x_wconf 93' lang='grc'><strong>1,</strong></span> <span class='ocrx_word' id='word_1_64' title='bbox 1240 977 1266 1051; x_wconf 92' lang='lat' dir='ltr'><strong>l,</strong></span> <span class='ocrx_word' id='word_1_65' title='bbox 1286 978 1359 1036; x_wconf 85' lang='lat'>121:</span> 
     </span>
     <span class='ocr_line' id='line_1_8' title="bbox 204 1070 1361 1151; baseline 0.006 -23"><span class='ocrx_word' id='word_1_66' title='bbox 204 1070 252 1131; x_wconf 91' lang='lat' dir='ltr'><strong>lta</strong></span> <span class='ocrx_word' id='word_1_67' title='bbox 279 1077 341 1129; x_wconf 91' lang='lat' dir='ltr'><strong>tum</strong></span> <span class='ocrx_word' id='word_1_68' title='bbox 364 1070 485 1130; x_wconf 83' lang='lat' dir='ltr'><strong>discedo</strong></span> <span class='ocrx_word' id='word_1_69' title='bbox 515 1071 643 1146; x_wconf 88' lang='lat' dir='ltr'><strong>abillo,</strong></span> <span class='ocrx_word' id='word_1_70' title='bbox 667 1070 772 1141; x_wconf 85' lang='lat' dir='ltr'><strong>utqui</strong></span> <span class='ocrx_word' id='word_1_71' title='bbox 805 1088 836 1130; x_wconf 90' lang='lat' dir='ltr'><strong>se</strong></span> <span class='ocrx_word' id='word_1_72' title='bbox 859 1071 950 1132; x_wconf 85' lang='lat' dir='ltr'><strong>filium</strong></span> <span class='ocrx_word' id='word_1_73' title='bbox 972 1074 1070 1148; x_wconf 84' lang='lat' dir='ltr'><strong>Neget</strong></span> <span class='ocrx_word' id='word_1_74' title='bbox 1096 1072 1248 1146; x_wconf 89' lang='lat' dir='ltr'><strong>daturum,</strong></span> <span class='ocrx_word' id='word_1_75' title='bbox 1279 1071 1361 1151; x_wconf 92' lang='lat' dir='ltr'><strong>quod</strong></span> 
     </span>
     <span class='ocr_line' id='line_1_9' title="bbox 205 1164 867 1246; baseline -0.003 -16"><span class='ocrx_word' id='word_1_76' title='bbox 205 1170 293 1231; x_wconf 88' lang='lat' dir='ltr'><strong>recte</strong></span> <span class='ocrx_word' id='word_1_77' title='bbox 317 1164 419 1230; x_wconf 89' lang='lat' dir='ltr'><strong>Schm.</strong></span> <span class='ocrx_word' id='word_1_78' title='bbox 440 1164 590 1245; x_wconf 81' lang='lat' dir='ltr'><strong>explicet:</strong></span> <span class='ocrx_word' id='word_1_79' title='bbox 614 1169 651 1229; x_wconf 91' lang='lat' dir='ltr'><strong>ut</strong></span> <span class='ocrx_word' id='word_1_80' title='bbox 672 1182 692 1228; x_wconf 86' lang='lat' dir='ltr'><strong>a</strong></span> <span class='ocrx_word' id='word_1_81' title='bbox 713 1164 779 1244; x_wconf 86' lang='lat' dir='ltr'><strong>toli,</strong></span> <span class='ocrx_word' id='word_1_82' title='bbox 804 1164 867 1246; x_wconf 92' lang='lat' dir='ltr'><strong>qui.</strong></span> 
     </span>
    </p>

    <p class='ocr_par' dir='ltr' id='par_1_3' title="bbox 291 1262 1362 1345">
     <span class='ocr_line' id='line_1_10' title="bbox 291 1262 1362 1345; baseline 0.004 -19"><span class='ocrx_word' id='word_1_83' title='bbox 291 1262 483 1327; x_wconf 87' lang='lat' dir='ltr'><strong>Pronomina</strong></span> <span class='ocrx_word' id='word_1_84' title='bbox 505 1263 640 1329; x_wconf 87' lang='lat' dir='ltr'><strong>relativa</strong></span> <span class='ocrx_word' id='word_1_85' title='bbox 661 1266 736 1325; x_wconf 90' lang='lat' dir='ltr'><strong>suut</strong></span> <span class='ocrx_word' id='word_1_86' title='bbox 759 1262 855 1327; x_wconf 82' lang='lat' dir='ltr'><strong>etiam</strong></span> <span class='ocrx_word' id='word_1_87' title='bbox 878 1267 1044 1339; x_wconf 82' lang='lat' dir='ltr'><strong>quicunque</strong></span> <span class='ocrx_word' id='word_1_88' title='bbox 1064 1271 1098 1329; x_wconf 90' lang='lat' dir='ltr'><strong>et</strong></span> <span class='ocrx_word' id='word_1_89' title='bbox 1119 1268 1263 1343; x_wconf 71' lang='lat' dir='ltr'><strong>quisquc,</strong></span> <span class='ocrx_word' id='word_1_90' title='bbox 1287 1283 1362 1345; x_wconf 88' lang='lat' dir='ltr'><strong>quo·</strong></span> 
     </span>
    </p>
   </div>
   <div class='ocr_carea' id='block_1_3' title="bbox 108 1360 1363 1442">
    <p class='ocr_par' dir='ltr' id='par_1_4' title="bbox 108 1360 1363 1442">
     <span class='ocr_line' id='line_1_11' title="bbox 108 1360 1363 1442; baseline 0.006 -22"><span class='ocrx_word' id='word_1_91' title='bbox 108 1415 111 1420; x_wconf 88' lang='lat'>.</span> <span class='ocrx_word' id='word_1_92' title='bbox 206 1379 278 1425; x_wconf 85' lang='lat' dir='ltr'><strong>rum</strong></span> <span class='ocrx_word' id='word_1_93' title='bbox 306 1360 353 1426; x_wconf 88' lang='lat' dir='ltr'><strong>vis</strong></span> <span class='ocrx_word' id='word_1_94' title='bbox 382 1379 420 1425; x_wconf 88' lang='lat' dir='ltr'><strong>ea</strong></span> <span class='ocrx_word' id='word_1_95' title='bbox 447 1367 512 1440; x_wconf 91' lang='lat' dir='ltr'><strong>est,</strong></span> <span class='ocrx_word' id='word_1_96' title='bbox 540 1365 577 1423; x_wconf 90' lang='lat' dir='ltr'><strong>nt</strong></span> <span class='ocrx_word' id='word_1_97' title='bbox 604 1360 710 1423; x_wconf 88' lang='lat' dir='ltr'><strong>omnia</strong></span> <span class='ocrx_word' id='word_1_98' title='bbox 742 1360 812 1425; x_wconf 89' lang='lat' dir='ltr'><strong>eius</strong></span> <span class='ocrx_word' id='word_1_99' title='bbox 841 1362 980 1442; x_wconf 90' lang='lat' dir='ltr'><strong>generis,</strong></span> <span class='ocrx_word' id='word_1_100' title='bbox 1007 1362 1092 1441; x_wconf 90' lang='lat' dir='ltr'><strong>quod</strong></span> <span class='ocrx_word' id='word_1_101' title='bbox 1121 1362 1363 1428; x_wconf 87' lang='lat' dir='ltr'><strong>describendum</strong></span> 
     </span>
    </p>
   </div>
   <div class='ocr_carea' id='block_1_4' title="bbox 206 1457 1376 4397">
    <p class='ocr_par' dir='ltr' id='par_1_5' title="bbox 206 1457 1376 4397">
     <span class='ocr_line' id='line_1_12' title="bbox 207 1457 1364 1546; baseline 0.003 -23"><span class='ocrx_word' id='word_1_102' title='bbox 207 1461 274 1537; x_wconf 88' lang='lat' dir='ltr'><strong>est,</strong></span> <span class='ocrx_word' id='word_1_103' title='bbox 308 1460 574 1539; x_wconf 85' lang='lat' dir='ltr'><strong>complectantur,</strong></span> <span class='ocrx_word' id='word_1_104' title='bbox 611 1457 745 1537; x_wconf 89' lang='lat' dir='ltr'><strong>ideoque</strong></span> <span class='ocrx_word' id='word_1_105' title='bbox 768 1457 866 1523; x_wconf 86' lang='lat' dir='ltr'><strong>latius</strong></span> <span class='ocrx_word' id='word_1_106' title='bbox 888 1464 980 1546; x_wconf 85' lang='lat' dir='ltr'><strong>patet</strong></span> <span class='ocrx_word' id='word_1_107' title='bbox 1001 1479 1095 1541; x_wconf 91' lang='lat' dir='ltr'><strong>quam</strong></span> <span class='ocrx_word' id='word_1_108' title='bbox 1119 1459 1271 1540; x_wconf 90' lang='lat' dir='ltr'><strong>simplicis</strong></span> <span class='ocrx_word' id='word_1_109' title='bbox 1293 1480 1364 1542; x_wconf 82' lang='lat' dir='ltr'><strong>pro</strong></span> 
     </span>
     <span class='ocr_line' id='line_1_13' title="bbox 206 1556 1365 1640; baseline 0.003 -20"><span class='ocrx_word' id='word_1_110' title='bbox 206 1556 341 1621; x_wconf 91' lang='lat' dir='ltr'><strong>nominis</strong></span> <span class='ocrx_word' id='word_1_111' title='bbox 376 1561 436 1633; x_wconf 82' lang='lat' dir='ltr'><strong>qui.</strong></span> <span class='ocrx_word' id='word_1_112' title='bbox 486 1560 624 1636; x_wconf 78' lang='lat' dir='ltr'><strong><em>Quisquis</em></strong></span> <span class='ocrx_word' id='word_1_113' title='bbox 659 1562 693 1620; x_wconf 90' lang='lat' dir='ltr'><strong>et</strong></span> <span class='ocrx_word' id='word_1_114' title='bbox 721 1575 793 1621; x_wconf 93' lang='lat' dir='ltr'><strong>cum</strong></span> <span class='ocrx_word' id='word_1_115' title='bbox 822 1558 1021 1622; x_wconf 85' lang='lat' dir='ltr'><strong>substantivo</strong></span> <span class='ocrx_word' id='word_1_116' title='bbox 1051 1564 1085 1623; x_wconf 91' lang='lat' dir='ltr'><strong>et</strong></span> <span class='ocrx_word' id='word_1_117' title='bbox 1114 1557 1182 1623; x_wconf 92' lang='lat' dir='ltr'><strong>sine</strong></span> <span class='ocrx_word' id='word_1_118' title='bbox 1214 1577 1253 1624; x_wconf 92' lang='lat' dir='ltr'><strong>eo</strong></span> <span class='ocrx_word' id='word_1_119' title='bbox 1279 1560 1365 1640; x_wconf 91' lang='lat' dir='ltr'><strong>poui-</strong></span> 
     </span>
     <span class='ocr_line' id='line_1_14' title="bbox 206 1654 1365 1736; baseline 0.003 -16"><span class='ocrx_word' id='word_1_120' title='bbox 206 1659 274 1734; x_wconf 87' lang='lat' dir='ltr'><strong>tur,</strong></span> <span class='ocrx_word' id='word_1_121' title='bbox 315 1673 539 1736; x_wconf 86' lang='lat' dir='ltr'><strong>nonnunquam</strong></span> <span class='ocrx_word' id='word_1_122' title='bbox 578 1654 673 1719; x_wconf 84' lang='lat' dir='ltr'><strong>etiarn</strong></span> <span class='ocrx_word' id='word_1_123' title='bbox 711 1654 744 1718; x_wconf 94' lang='lat' dir='ltr'><strong>in</strong></span> <span class='ocrx_word' id='word_1_124' title='bbox 778 1661 944 1720; x_wconf 86' lang='lat' dir='ltr'><strong>contracte</strong></span> <span class='ocrx_word' id='word_1_125' title='bbox 980 1656 1203 1721; x_wconf 79' lang='lat' dir='ltr'><strong>enunciatione</strong></span> <span class='ocrx_word' id='word_1_126' title='bbox 1249 1659 1365 1723; x_wconf 88' lang='lat' dir='ltr'><strong>omisso</strong></span> 
     </span>
     <span class='ocr_line' id='line_1_15' title="bbox 207 1752 1366 1832; baseline 0.003 -13"><span class='ocrx_word' id='word_1_127' title='bbox 207 1753 306 1819; x_wconf 85' lang='lat' dir='ltr'><strong>uerbo</strong></span> <span class='ocrx_word' id='word_1_128' title='bbox 332 1752 549 1832; x_wconf 81' lang='lat' dir='ltr'><strong>substantivo,</strong></span> <span class='ocrx_word' id='word_1_129' title='bbox 583 1757 620 1816; x_wconf 90' lang='lat' dir='ltr'><strong>ut</strong></span> <span class='ocrx_word' id='word_1_130' title='bbox 646 1752 747 1816; x_wconf 89' lang='lat' dir='ltr'><strong>vicem</strong></span> <span class='ocrx_word' id='word_1_131' title='bbox 782 1753 977 1832; x_wconf 88' lang='lat' dir='ltr'><strong>pronominis</strong></span> <span class='ocrx_word' id='word_1_132' title='bbox 1008 1753 1163 1818; x_wconf 88' lang='lat' dir='ltr'><strong>indefiniti</strong></span> <span class='ocrx_word' id='word_1_133' title='bbox 1200 1756 1366 1824; x_wconf 79' lang='lat' dir='ltr'><strong>sustineat</strong></span> 
     </span>
     <span class='ocr_line' id='line_1_16' title="bbox 208 1850 1365 1931; baseline 0.003 -17"><span class='ocrx_word' id='word_1_134' title='bbox 208 1856 372 1928; x_wconf 76' lang='lat' dir='ltr'><strong>quicunque</strong></span> <span class='ocrx_word' id='word_1_135' title='bbox 393 1850 462 1915; x_wconf 85' lang='lat' dir='ltr'><strong>iere</strong></span> <span class='ocrx_word' id='word_1_136' title='bbox 485 1866 612 1927; x_wconf 85' lang='lat' dir='ltr'><strong>semper</strong></span> <span class='ocrx_word' id='word_1_137' title='bbox 634 1850 701 1913; x_wconf 91' lang='lat' dir='ltr'><strong>sine</strong></span> <span class='ocrx_word' id='word_1_138' title='bbox 724 1851 934 1915; x_wconf 87' lang='lat' dir='ltr'><strong>substantivo.</strong></span> <span class='ocrx_word' id='word_1_139' title='bbox 968 1855 1107 1931; x_wconf 75' lang='lat' dir='ltr'><strong>Quisquis</strong></span> <span class='ocrx_word' id='word_1_140' title='bbox 1129 1852 1222 1916; x_wconf 89' lang='lat' dir='ltr'><strong>etde</strong></span> <span class='ocrx_word' id='word_1_141' title='bbox 1244 1872 1365 1919; x_wconf 87' lang='lat' dir='ltr'><strong>mascu-</strong></span> 
     </span>
     <span class='ocr_line' id='line_1_17' title="bbox 208 1949 1367 2030; baseline 0.002 -16"><span class='ocrx_word' id='word_1_142' title='bbox 208 1949 273 2014; x_wconf 93' lang='lat' dir='ltr'><strong>lino</strong></span> <span class='ocrx_word' id='word_1_143' title='bbox 296 1950 391 2014; x_wconf 92' lang='lat' dir='ltr'><strong>etde</strong></span> <span class='ocrx_word' id='word_1_144' title='bbox 414 1949 563 2014; x_wconf 81' lang='lat' dir='ltr'><strong>feminino</strong></span> <span class='ocrx_word' id='word_1_145' title='bbox 586 1967 704 2029; x_wconf 87' lang='lat' dir='ltr'><strong>genere</strong></span> <span class='ocrx_word' id='word_1_146' title='bbox 727 1949 859 2025; x_wconf 89' lang='lat' dir='ltr'><strong>dicitur,</strong></span> <span class='ocrx_word' id='word_1_147' title='bbox 897 1950 1000 2013; x_wconf 92' lang='lat' dir='ltr'><strong>rarior</strong></span> <span class='ocrx_word' id='word_1_148' title='bbox 1028 1955 1079 2014; x_wconf 90' lang='lat' dir='ltr'><strong>est</strong></span> <span class='ocrx_word' id='word_1_149' title='bbox 1104 1952 1238 2030; x_wconf 83' lang='lat' dir='ltr'><strong>antiqno</strong></span> <span class='ocrx_word' id='word_1_150' title='bbox 1267 1951 1367 2016; x_wconf 86' lang='lat' dir='ltr'><strong>forma</strong></span> 
     </span>
     <span class='ocr_line' id='line_1_18' title="bbox 209 2046 1367 2127; baseline 0.003 -18"><span class='ocrx_word' id='word_1_151' title='bbox 209 2050 322 2124; x_wconf 79' lang='lat' dir='ltr'><strong>quiqui,</strong></span> <span class='ocrx_word' id='word_1_152' title='bbox 345 2065 427 2127; x_wconf 91' lang='lat' dir='ltr'><strong>quae</strong></span> <span class='ocrx_word' id='word_1_153' title='bbox 450 2052 537 2111; x_wconf 85' lang='lat' dir='ltr'><strong>extat</strong></span> <span class='ocrx_word' id='word_1_154' title='bbox 559 2047 644 2127; x_wconf 85' lang='lat' dir='ltr'><strong>apud</strong></span> <span class='ocrx_word' id='word_1_155' title='bbox 666 2046 815 2110; x_wconf 86' lang='lat' dir='ltr'><strong>Plautum</strong></span> <span class='ocrx_word' id='word_1_156' title='bbox 838 2046 911 2111; x_wconf 87' lang='lat' dir='ltr'><strong>Aul.</strong></span> <span class='ocrx_word' id='word_1_157' title='bbox 934 2047 989 2126; x_wconf 90' lang='lat' dir='ltr'>IV,</span> <span class='ocrx_word' id='word_1_158' title='bbox 1016 2054 1064 2126; x_wconf 91' lang='lat'>10,</span> <span class='ocrx_word' id='word_1_159' title='bbox 1087 2054 1143 2112; x_wconf 84' lang='lat'><strong>44:</strong></span> <span class='ocrx_word' id='word_1_160' title='bbox 1187 2052 1294 2124; x_wconf 68' lang='lat' dir='ltr'><strong>quiqui</strong></span> <span class='ocrx_word' id='word_1_161' title='bbox 1316 2064 1367 2126; x_wconf 86' lang='lat' dir='ltr'><strong>est,</strong></span> 
     </span>
     <span class='ocr_line' id='line_1_19' title="bbox 210 2143 1366 2228; baseline 0.003 -21"><span class='ocrx_word' id='word_1_162' title='bbox 210 2163 239 2207; x_wconf 85' lang='lat' dir='ltr'><strong>v.</strong></span> <span class='ocrx_word' id='word_1_163' title='bbox 263 2143 414 2209; x_wconf 83' lang='lat' dir='ltr'><strong>Schmidt.</strong></span> <span class='ocrx_word' id='word_1_164' title='bbox 443 2145 483 2210; x_wconf 90' lang='lat' dir='ltr'><strong>de</strong></span> <span class='ocrx_word' id='word_1_165' title='bbox 506 2162 648 2225; x_wconf 92' lang='lat' dir='ltr'><strong>pronom.</strong></span> <span class='ocrx_word' id='word_1_166' title='bbox 671 2163 701 2224; x_wconf 91' lang='lat' dir='ltr'><strong>p.</strong></span> <span class='ocrx_word' id='word_1_167' title='bbox 718 2150 768 2209; x_wconf 80' lang='grc'><strong>54.</strong></span> <span class='ocrx_word' id='word_1_168' title='bbox 793 2144 902 2210; x_wconf 84' lang='lat' dir='ltr'><strong>Livius</strong></span> <span class='ocrx_word' id='word_1_169' title='bbox 924 2145 1123 2210; x_wconf 83' lang='lat' dir='ltr'><strong>Andronicus</strong></span> <span class='ocrx_word' id='word_1_170' title='bbox 1141 2143 1180 2210; x_wconf 86' lang='lat' dir='ltr'><strong>ir.</strong></span> <span class='ocrx_word' id='word_1_171' title='bbox 1205 2147 1265 2211; x_wconf 88' lang='lat' dir='ltr'><strong>inc.</strong></span> <span class='ocrx_word' id='word_1_172' title='bbox 1290 2154 1366 2228; x_wconf 82' lang='lat' dir='ltr'><strong>truq.</strong></span> 
     </span>
     <span class='ocr_line' id='line_1_20' title="bbox 211 2242 1370 2324; baseline 0.002 -17"><span class='ocrx_word' id='word_1_173' title='bbox 211 2247 230 2307; x_wconf 89' lang='grc'><strong>6</strong></span> <span class='ocrx_word' id='word_1_174' title='bbox 264 2260 314 2323; x_wconf 88' lang='lat' dir='ltr'><strong>op.</strong></span> <span class='ocrx_word' id='word_1_175' title='bbox 341 2242 478 2307; x_wconf 89' lang='lat' dir='ltr'><strong>Nonium</strong></span> <span class='ocrx_word' id='word_1_176' title='bbox 506 2261 536 2324; x_wconf 93' lang='lat' dir='ltr'><strong>p.</strong></span> <span class='ocrx_word' id='word_1_177' title='bbox 564 2248 633 2319; x_wconf 78' lang='lat'>197,</span> <span class='ocrx_word' id='word_1_178' title='bbox 665 2248 704 2307; x_wconf 87' lang='grc'><strong>34</strong></span> <span class='ocrx_word' id='word_1_179' title='bbox 737 2246 839 2321; x_wconf 81' lang='lat' dir='ltr'><strong>(„cuis</strong></span> <span class='ocrx_word' id='word_1_180' title='bbox 866 2249 898 2308; x_wconf 90' lang='lat' dir='ltr'><strong>et</strong></span> <span class='ocrx_word' id='word_1_181' title='bbox 921 2243 1031 2323; x_wconf 80' lang='lat' dir='ltr'><strong>generi</strong></span> <span class='ocrx_word' id='word_1_182' title='bbox 1060 2243 1210 2308; x_wconf 82' lang='lat' dir='ltr'><strong>ienlinino</strong></span> <span class='ocrx_word' id='word_1_183' title='bbox 1240 2244 1370 2310; x_wconf 83' lang='lat' dir='ltr'><strong>attribui</strong></span> 
     </span>
     <span class='ocr_line' id='line_1_21' title="bbox 210 2339 1370 2423; baseline -0.001 -18"><span class='ocrx_word' id='word_1_184' title='bbox 210 2359 305 2423; x_wconf 90' lang='lat' dir='ltr'><strong>posse</strong></span> <span class='ocrx_word' id='word_1_185' title='bbox 328 2347 473 2406; x_wconf 88' lang='lat' dir='ltr'><strong>veterum</strong></span> <span class='ocrx_word' id='word_1_186' title='bbox 496 2339 671 2405; x_wconf 86' lang='lat' dir='ltr'><strong>auctoritas</strong></span> <span class='ocrx_word' id='word_1_187' title='bbox 694 2339 843 2421; x_wconf 85' lang='lat' dir='ltr'><strong>voluit“):</strong></span> <span class='ocrx_word' id='word_1_188' title='bbox 881 2344 991 2403; x_wconf 86' lang='lat' dir='ltr'><strong>Mulier</strong></span> <span class='ocrx_word' id='word_1_189' title='bbox 1013 2344 1146 2417; x_wconf 78' lang='lat' dir='ltr'><strong>quisquis</strong></span> <span class='ocrx_word' id='word_1_190' title='bbox 1169 2362 1211 2418; x_wconf 91' lang='lat' dir='ltr'><strong>es,</strong></span> <span class='ocrx_word' id='word_1_191' title='bbox 1237 2352 1267 2405; x_wconf 86' lang='lat' dir='ltr'><strong>tc</strong></span> <span class='ocrx_word' id='word_1_192' title='bbox 1292 2349 1370 2405; x_wconf 87' lang='lat' dir='ltr'><strong>voln-</strong></span> 
     </span>
     <span class='ocr_line' id='line_1_22' title="bbox 210 2438 1369 2514; baseline -0.001 -13"><span class='ocrx_word' id='word_1_193' title='bbox 210 2457 285 2504; x_wconf 77' lang='lat' dir='ltr'><strong>mus,</strong></span> <span class='ocrx_word' id='word_1_194' title='bbox 331 2438 410 2503; x_wconf 84' lang='lat' dir='ltr'><strong>Cato</strong></span> <span class='ocrx_word' id='word_1_195' title='bbox 433 2438 470 2502; x_wconf 80' lang='lat' dir='ltr'><strong>lt.</strong></span> <span class='ocrx_word' id='word_1_196' title='bbox 493 2438 530 2502; x_wconf 88' lang='lat' dir='ltr'><strong>R.</strong></span> <span class='ocrx_word' id='word_1_197' title='bbox 554 2457 580 2503; x_wconf 85' lang='lat' dir='ltr'><strong>c.</strong></span> <span class='ocrx_word' id='word_1_198' title='bbox 605 2443 638 2501; x_wconf 84' lang='lat'><strong>7:</strong></span> <span class='ocrx_word' id='word_1_199' title='bbox 683 2442 716 2499; x_wconf 93' lang='lat' dir='ltr'><strong>In</strong></span> <span class='ocrx_word' id='word_1_200' title='bbox 741 2442 845 2500; x_wconf 90' lang='lat' dir='ltr'><strong>eodem</strong></span> <span class='ocrx_word' id='word_1_201' title='bbox 868 2441 958 2501; x_wconf 88' lang='lat' dir='ltr'><strong>iundo</strong></span> <span class='ocrx_word' id='word_1_202' title='bbox 982 2460 1064 2501; x_wconf 86' lang='lat' dir='ltr'><strong>sunm</strong></span> <span class='ocrx_word' id='word_1_203' title='bbox 1088 2442 1233 2514; x_wconf 67' lang='lat' dir='ltr'><strong>quidqud</strong></span> <span class='ocrx_word' id='word_1_204' title='bbox 1254 2443 1369 2503; x_wconf 86' lang='lat' dir='ltr'><strong>conseri</strong></span> 
     </span>
     <span class='ocr_line' id='line_1_23' title="bbox 211 2536 1368 2616; baseline -0.001 -14"><span class='ocrx_word' id='word_1_205' title='bbox 211 2549 339 2616; x_wconf 88' lang='lat' dir='ltr'><strong>oportet.</strong></span> <span class='ocrx_word' id='word_1_206' title='bbox 386 2536 539 2603; x_wconf 82' lang='lat' dir='ltr'><strong>Similiter</strong></span> <span class='ocrx_word' id='word_1_207' title='bbox 562 2556 587 2601; x_wconf 87' lang='lat' dir='ltr'><strong>c.</strong></span> <span class='ocrx_word' id='word_1_208' title='bbox 611 2541 666 2602; x_wconf 81' lang='lat'><strong>48:</strong></span> <span class='ocrx_word' id='word_1_209' title='bbox 702 2538 797 2599; x_wconf 81' lang='lat' dir='ltr'><strong>Suum</strong></span> <span class='ocrx_word' id='word_1_210' title='bbox 818 2540 964 2612; x_wconf 73' lang='lat' dir='ltr'><strong>quidquod</strong></span> <span class='ocrx_word' id='word_1_211' title='bbox 985 2558 1076 2615; x_wconf 91' lang='lat' dir='ltr'><strong>genus</strong></span> <span class='ocrx_word' id='word_1_212' title='bbox 1100 2543 1246 2600; x_wconf 90' lang='lat' dir='ltr'><strong>talearum</strong></span> <span class='ocrx_word' id='word_1_213' title='bbox 1270 2544 1368 2613; x_wconf 89' lang='lat' dir='ltr'><strong>serito,</strong></span> 
     </span>
     <span class='ocr_line' id='line_1_24' title="bbox 211 2635 1369 2717; baseline 0.001 -15"><span class='ocrx_word' id='word_1_214' title='bbox 211 2638 252 2702; x_wconf 90' lang='lat' dir='ltr'><strong>ad</strong></span> <span class='ocrx_word' id='word_1_215' title='bbox 275 2654 306 2717; x_wconf 90' lang='lat' dir='ltr'><strong>q.</strong></span> <span class='ocrx_word' id='word_1_216' title='bbox 330 2636 349 2700; x_wconf 93' lang='lat' dir='ltr'><strong>l.</strong></span> <span class='ocrx_word' id='word_1_217' title='bbox 374 2635 567 2701; x_wconf 76' lang='lat' dir='ltr'><strong>Schneider:</strong></span> <span class='ocrx_word' id='word_1_218' title='bbox 602 2661 665 2714; x_wconf 88' lang='lat'><strong>„=</strong></span> <span class='ocrx_word' id='word_1_219' title='bbox 687 2654 830 2699; x_wconf 87' lang='lat' dir='ltr'><strong>seorsum</strong></span> <span class='ocrx_word' id='word_1_220' title='bbox 852 2649 945 2698; x_wconf 87' lang='lat' dir='ltr'><strong>suum</strong></span> <span class='ocrx_word' id='word_1_221' title='bbox 968 2637 1116 2715; x_wconf 90' lang='lat' dir='ltr'><strong>quodque</strong></span> <span class='ocrx_word' id='word_1_222' title='bbox 1139 2655 1241 2716; x_wconf 85' lang='lat' dir='ltr'><strong>genus</strong></span> <span class='ocrx_word' id='word_1_223' title='bbox 1264 2639 1369 2703; x_wconf 89' lang='lat' dir='ltr'><strong>serito·</strong></span> 
     </span>
     <span class='ocr_line' id='line_1_25' title="bbox 211 2731 1370 2815; baseline -0.003 -16"><span class='ocrx_word' id='word_1_224' title='bbox 211 2735 263 2799; x_wconf 86' lang='lat' dir='ltr'><strong>Ito</strong></span> <span class='ocrx_word' id='word_1_225' title='bbox 284 2738 428 2811; x_wconf 71' lang='lat' dir='ltr'><strong>quidquod</strong></span> <span class='ocrx_word' id='word_1_226' title='bbox 448 2753 506 2815; x_wconf 89' lang='lat' dir='ltr'><strong>pro</strong></span> <span class='ocrx_word' id='word_1_227' title='bbox 528 2737 661 2811; x_wconf 84' lang='lat' dir='ltr'><strong>quodque</strong></span> <span class='ocrx_word' id='word_1_228' title='bbox 683 2733 763 2798; x_wconf 82' lang='lat' dir='ltr'><strong>dixit</strong></span> <span class='ocrx_word' id='word_1_229' title='bbox 785 2734 880 2797; x_wconf 89' lang='lat' dir='ltr'><strong>etiam</strong></span> <span class='ocrx_word' id='word_1_230' title='bbox 904 2731 1045 2798; x_wconf 81' lang='lat' dir='ltr'><strong>Cicero.“</strong></span> <span class='ocrx_word' id='word_1_231' title='bbox 1090 2732 1124 2797; x_wconf 74' lang='lat' dir='ltr'><strong>C·</strong></span> <span class='ocrx_word' id='word_1_232' title='bbox 1148 2742 1202 2798; x_wconf 80' lang='lat'><strong>24:</strong></span> <span class='ocrx_word' id='word_1_233' title='bbox 1226 2735 1370 2813; x_wconf 75' lang='lat' dir='ltr'><strong>Quicquid</strong></span> 
     </span>
     <span class='ocr_line' id='line_1_26' title="bbox 211 2831 1367 2912; baseline 0 -16"><span class='ocrx_word' id='word_1_234' title='bbox 211 2837 275 2896; x_wconf 75' lang='lat' dir='ltr'><strong>uteri</strong></span> <span class='ocrx_word' id='word_1_235' title='bbox 298 2835 471 2896; x_wconf 83' lang='lat' dir='ltr'><strong>defrutobis.</strong></span> <span class='ocrx_word' id='word_1_236' title='bbox 518 2833 611 2896; x_wconf 89' lang='lat' dir='ltr'><strong>Ennii</strong></span> <span class='ocrx_word' id='word_1_237' title='bbox 634 2832 835 2912; x_wconf 85' lang='lat' dir='ltr'><strong>Melanippae</strong></span> <span class='ocrx_word' id='word_1_238' title='bbox 856 2831 893 2896; x_wconf 89' lang='lat' dir='ltr'><strong>ir.</strong></span> <span class='ocrx_word' id='word_1_239' title='bbox 919 2838 954 2895; x_wconf 89' lang='lat'><strong>5:</strong></span> <span class='ocrx_word' id='word_1_240' title='bbox 997 2835 1143 2908; x_wconf 81' lang='lat' dir='ltr'><strong>quidquid</strong></span> <span class='ocrx_word' id='word_1_241' title='bbox 1165 2844 1220 2898; x_wconf 89' lang='lat' dir='ltr'><strong>est.</strong></span> <span class='ocrx_word' id='word_1_242' title='bbox 1267 2833 1367 2896; x_wconf 87' lang='lat' dir='ltr'><strong>Plaut</strong></span> 
     </span>
     <span class='ocr_line' id='line_1_27' title="bbox 212 2930 1369 3011; baseline -0.003 -16"><span class='ocrx_word' id='word_1_243' title='bbox 212 2930 297 2995; x_wconf 87' lang='lat' dir='ltr'><strong>Men.</strong></span> <span class='ocrx_word' id='word_1_244' title='bbox 313 2931 350 3008; x_wconf 88' lang='lat' dir='ltr'><strong>V,</strong></span> <span class='ocrx_word' id='word_1_245' title='bbox 368 2936 396 3009; x_wconf 84' lang='lat'>2,</span> <span class='ocrx_word' id='word_1_246' title='bbox 413 2935 468 2995; x_wconf 80' lang='lat'><strong>60:</strong></span> <span class='ocrx_word' id='word_1_247' title='bbox 491 2934 631 3011; x_wconf 80' lang='lat' dir='ltr'><strong>Quisquis</strong></span> <span class='ocrx_word' id='word_1_248' title='bbox 653 2951 694 3006; x_wconf 88' lang='lat' dir='ltr'><strong>es,</strong></span> <span class='ocrx_word' id='word_1_249' title='bbox 718 2932 858 3005; x_wconf 79' lang='lat' dir='ltr'><strong>quicquid</strong></span> <span class='ocrx_word' id='word_1_250' title='bbox 878 2933 932 2992; x_wconf 90' lang='lat' dir='ltr'><strong>tibi</strong></span> <span class='ocrx_word' id='word_1_251' title='bbox 954 2950 1058 2991; x_wconf 86' lang='lat' dir='ltr'><strong>uomeu</strong></span> <span class='ocrx_word' id='word_1_252' title='bbox 1081 2940 1136 3005; x_wconf 90' lang='lat' dir='ltr'><strong>est,</strong></span> <span class='ocrx_word' id='word_1_253' title='bbox 1160 2952 1269 2994; x_wconf 82' lang='lat' dir='ltr'><strong>senex:</strong></span> <span class='ocrx_word' id='word_1_254' title='bbox 1296 2952 1369 2993; x_wconf 93' lang='lat' dir='ltr'><strong>sum·</strong></span> 
     </span>
     <span class='ocr_line' id='line_1_28' title="bbox 213 3029 1371 3109; baseline -0.002 -18"><span class='ocrx_word' id='word_1_255' title='bbox 213 3050 292 3092; x_wconf 90' lang='lat' dir='ltr'><strong>mum</strong></span> <span class='ocrx_word' id='word_1_256' title='bbox 315 3034 413 3092; x_wconf 84' lang='lat' dir='ltr'><strong>Iovem</strong></span> <span class='ocrx_word' id='word_1_257' title='bbox 435 3034 574 3107; x_wconf 81' lang='lat' dir='ltr'><strong>Deosque</strong></span> <span class='ocrx_word' id='word_1_258' title='bbox 599 3034 636 3092; x_wconf 92' lang='lat' dir='ltr'><strong>do</strong></span> <span class='ocrx_word' id='word_1_259' title='bbox 659 3037 755 3095; x_wconf 90' lang='lat' dir='ltr'><strong>testis.</strong></span> <span class='ocrx_word' id='word_1_260' title='bbox 800 3031 877 3095; x_wconf 76' lang='lat' dir='ltr'><strong>cist.</strong></span> <span class='ocrx_word' id='word_1_261' title='bbox 901 3029 944 3109; x_wconf 86' lang='lat' dir='ltr'><strong>ll,</strong></span> <span class='ocrx_word' id='word_1_262' title='bbox 970 3036 998 3106; x_wconf 90' lang='lat'><strong>3,</strong></span> <span class='ocrx_word' id='word_1_263' title='bbox 1022 3033 1077 3092; x_wconf 81' lang='lat'><strong>66:</strong></span> <span class='ocrx_word' id='word_1_264' title='bbox 1101 3032 1240 3091; x_wconf 86' lang='lat' dir='ltr'><strong>Conteris</strong></span> <span class='ocrx_word' id='word_1_265' title='bbox 1263 3033 1308 3090; x_wconf 88' lang='lat' dir='ltr'><strong>Tu</strong></span> <span class='ocrx_word' id='word_1_266' title='bbox 1323 3038 1371 3089; x_wconf 90' lang='lat' dir='ltr'><strong>tua</strong></span> 
     </span>
     <span class='ocr_line' id='line_1_29' title="bbox 213 3126 1369 3205; baseline 0 -16"><span class='ocrx_word' id='word_1_267' title='bbox 213 3147 259 3190; x_wconf 90' lang='lat' dir='ltr'><strong>me</strong></span> <span class='ocrx_word' id='word_1_268' title='bbox 284 3132 418 3190; x_wconf 87' lang='lat' dir='ltr'><strong>oratione</strong></span> <span class='ocrx_word' id='word_1_269' title='bbox 442 3134 558 3204; x_wconf 88' lang='lat' dir='ltr'><strong>mulier,</strong></span> <span class='ocrx_word' id='word_1_270' title='bbox 581 3133 714 3204; x_wconf 83' lang='lat' dir='ltr'><strong>quisquis</strong></span> <span class='ocrx_word' id='word_1_271' title='bbox 736 3150 778 3192; x_wconf 91' lang='lat' dir='ltr'><strong>es.</strong></span> <span class='ocrx_word' id='word_1_272' title='bbox 824 3129 907 3193; x_wconf 90' lang='lat' dir='ltr'><strong>Item</strong></span> <span class='ocrx_word' id='word_1_273' title='bbox 929 3129 969 3192; x_wconf 90' lang='lat' dir='ltr'><strong>do</strong></span> <span class='ocrx_word' id='word_1_274' title='bbox 991 3126 1142 3191; x_wconf 85' lang='lat' dir='ltr'><strong>feminino</strong></span> <span class='ocrx_word' id='word_1_275' title='bbox 1166 3127 1247 3191; x_wconf 82' lang='lat' dir='ltr'><strong>uno.</strong></span> <span class='ocrx_word' id='word_1_276' title='bbox 1270 3126 1326 3205; x_wconf 91' lang='lat' dir='ltr'>IV,</span> <span class='ocrx_word' id='word_1_277' title='bbox 1343 3135 1369 3202; x_wconf 90' lang='lat'>4,</span> 
     </span>
     <span class='ocr_line' id='line_1_30' title="bbox 216 3224 1369 3303; baseline -0.006 -13"><span class='ocrx_word' id='word_1_278' title='bbox 216 3230 292 3290; x_wconf 86' lang='lat'>102:</span> <span class='ocrx_word' id='word_1_279' title='bbox 318 3230 390 3289; x_wconf 91' lang='lat' dir='ltr'><strong>Tum</strong></span> <span class='ocrx_word' id='word_1_280' title='bbox 413 3230 468 3289; x_wconf 90' lang='lat' dir='ltr'><strong>tibi</strong></span> <span class='ocrx_word' id='word_1_281' title='bbox 491 3229 592 3289; x_wconf 89' lang='lat' dir='ltr'><strong>hercle</strong></span> <span class='ocrx_word' id='word_1_282' title='bbox 616 3231 687 3290; x_wconf 87' lang='lat' dir='ltr'><strong>deos</strong></span> <span class='ocrx_word' id='word_1_283' title='bbox 710 3232 804 3290; x_wconf 90' lang='lat' dir='ltr'><strong>iratos</strong></span> <span class='ocrx_word' id='word_1_284' title='bbox 827 3248 893 3290; x_wconf 89' lang='lat' dir='ltr'><strong>esse</strong></span> <span class='ocrx_word' id='word_1_285' title='bbox 909 3235 1037 3303; x_wconf 89' lang='lat' dir='ltr'><strong>oportet,</strong></span> <span class='ocrx_word' id='word_1_286' title='bbox 1061 3228 1194 3299; x_wconf 83' lang='lat' dir='ltr'><strong>quisquis</strong></span> <span class='ocrx_word' id='word_1_287' title='bbox 1209 3244 1250 3286; x_wconf 92' lang='lat' dir='ltr'><strong>es.</strong></span> <span class='ocrx_word' id='word_1_288' title='bbox 1275 3224 1369 3288; x_wconf 88' lang='lat' dir='ltr'><strong>Poen.</strong></span> 
     </span>
     <span class='ocr_line' id='line_1_31' title="bbox 212 3323 1371 3401; baseline -0.004 -14"><span class='ocrx_word' id='word_1_289' title='bbox 212 3328 272 3388; x_wconf 85' lang='lat' dir='ltr'><strong>aet.</strong></span> <span class='ocrx_word' id='word_1_290' title='bbox 296 3323 339 3401; x_wconf 86' lang='lat' dir='ltr'><strong>ll,</strong></span> <span class='ocrx_word' id='word_1_291' title='bbox 354 3343 383 3388; x_wconf 85' lang='lat' dir='ltr'><strong>v.</strong></span> <span class='ocrx_word' id='word_1_292' title='bbox 401 3329 456 3389; x_wconf 79' lang='lat'><strong>37:</strong></span> <span class='ocrx_word' id='word_1_293' title='bbox 479 3345 648 3400; x_wconf 87' lang='lat' dir='ltr'><strong>quemquem</strong></span> <span class='ocrx_word' id='word_1_294' title='bbox 670 3331 750 3388; x_wconf 91' lang='lat' dir='ltr'><strong>visco</strong></span> <span class='ocrx_word' id='word_1_295' title='bbox 774 3329 969 3399; x_wconf 84' lang='lat' dir='ltr'><strong>offenderant,</strong></span> <span class='ocrx_word' id='word_1_296' title='bbox 992 3327 1063 3385; x_wconf 85' lang='lat' dir='ltr'><strong>Tum</strong></span> <span class='ocrx_word' id='word_1_297' title='bbox 1080 3326 1178 3384; x_wconf 90' lang='lat' dir='ltr'><strong>crebri</strong></span> <span class='ocrx_word' id='word_1_298' title='bbox 1200 3326 1239 3384; x_wconf 91' lang='lat' dir='ltr'><strong>ad</strong></span> <span class='ocrx_word' id='word_1_299' title='bbox 1262 3332 1371 3384; x_wconf 87' lang='lat' dir='ltr'><strong>terrum</strong></span> 
     </span>
     <span class='ocr_line' id='line_1_32' title="bbox 214 3423 1371 3504; baseline 0.001 -21"><span class='ocrx_word' id='word_1_300' title='bbox 214 3425 391 3486; x_wconf 85' lang='lat' dir='ltr'><strong>accidebant</strong></span> <span class='ocrx_word' id='word_1_301' title='bbox 418 3428 491 3488; x_wconf 86' lang='lat' dir='ltr'><strong>cett.</strong></span> <span class='ocrx_word' id='word_1_302' title='bbox 516 3423 612 3488; x_wconf 91' lang='lat' dir='ltr'><strong>Poen.</strong></span> <span class='ocrx_word' id='word_1_303' title='bbox 637 3423 675 3501; x_wconf 89' lang='lat' dir='ltr'><strong>V,</strong></span> <span class='ocrx_word' id='word_1_304' title='bbox 700 3430 730 3504; x_wconf 84' lang='lat'>2,</span> <span class='ocrx_word' id='word_1_305' title='bbox 754 3430 808 3488; x_wconf 79' lang='lat'><strong>79:</strong></span> <span class='ocrx_word' id='word_1_306' title='bbox 852 3435 883 3485; x_wconf 94' lang='lat' dir='ltr'><strong>et</strong></span> <span class='ocrx_word' id='word_1_307' title='bbox 905 3432 937 3484; x_wconf 89' lang='lat' dir='ltr'><strong>tu</strong></span> <span class='ocrx_word' id='word_1_308' title='bbox 960 3425 1083 3498; x_wconf 89' lang='lat' dir='ltr'><strong>edepol,</strong></span> <span class='ocrx_word' id='word_1_309' title='bbox 1111 3423 1244 3495; x_wconf 68' lang='lat' dir='ltr'><strong>quuquis</strong></span> <span class='ocrx_word' id='word_1_310' title='bbox 1265 3441 1304 3482; x_wconf 82' lang='lat' dir='ltr'><strong>es.</strong></span> <span class='ocrx_word' id='word_1_311' title='bbox 1343 3426 1371 3494; x_wconf 91' lang='lat'>4,</span> 
     </span>
     <span class='ocr_line' id='line_1_33' title="bbox 214 3520 1372 3601; baseline -0.007 -16"><span class='ocrx_word' id='word_1_312' title='bbox 214 3525 271 3585; x_wconf 83' lang='lat'><strong>30:</strong></span> <span class='ocrx_word' id='word_1_313' title='bbox 310 3524 451 3596; x_wconf 71' lang='lat' dir='ltr'><strong>quecquid</strong></span> <span class='ocrx_word' id='word_1_314' title='bbox 471 3526 559 3599; x_wconf 91' lang='lat' dir='ltr'><strong>sapit.</strong></span> <span class='ocrx_word' id='word_1_315' title='bbox 603 3521 694 3587; x_wconf 85' lang='lat' dir='ltr'><strong>Truc.</strong></span> <span class='ocrx_word' id='word_1_316' title='bbox 720 3521 761 3601; x_wconf 93' lang='lat' dir='ltr'><strong>ll,</strong></span> <span class='ocrx_word' id='word_1_317' title='bbox 788 3527 815 3599; x_wconf 92' lang='lat'>1,</span> <span class='ocrx_word' id='word_1_318' title='bbox 837 3526 894 3585; x_wconf 84' lang='lat'><strong>42:</strong></span> <span class='ocrx_word' id='word_1_319' title='bbox 940 3523 993 3584; x_wconf 92' lang='lat' dir='ltr'><strong>sed</strong></span> <span class='ocrx_word' id='word_1_320' title='bbox 1014 3522 1104 3597; x_wconf 84' lang='lat' dir='ltr'><strong>iores,</strong></span> <span class='ocrx_word' id='word_1_321' title='bbox 1127 3520 1273 3593; x_wconf 82' lang='lat' dir='ltr'><strong>quidquid</strong></span> <span class='ocrx_word' id='word_1_322' title='bbox 1294 3520 1372 3579; x_wconf 86' lang='lat' dir='ltr'><strong>iutu-</strong></span> 
     </span>
     <span class='ocr_line' id='line_1_34' title="bbox 214 3614 1371 3699; baseline -0.008 -17"><span class='ocrx_word' id='word_1_323' title='bbox 214 3630 317 3699; x_wconf 89' lang='lat' dir='ltr'><strong>rnmst,</strong></span> <span class='ocrx_word' id='word_1_324' title='bbox 338 3621 452 3684; x_wconf 84' lang='lat' dir='ltr'><strong>feriam.</strong></span> <span class='ocrx_word' id='word_1_325' title='bbox 496 3620 610 3685; x_wconf 89' lang='lat' dir='ltr'><strong>Pseud.</strong></span> <span class='ocrx_word' id='word_1_326' title='bbox 634 3620 676 3698; x_wconf 93' lang='grc' dir='ltr'>ΙΙ,</span> <span class='ocrx_word' id='word_1_327' title='bbox 699 3624 729 3696; x_wconf 94' lang='grc'><strong>2,</strong></span> <span class='ocrx_word' id='word_1_328' title='bbox 751 3626 808 3683; x_wconf 84' lang='grc'><strong>44;</strong></span> <span class='ocrx_word' id='word_1_329' title='bbox 832 3621 976 3694; x_wconf 71' lang='lat' dir='ltr'><strong>quidqud</strong></span> <span class='ocrx_word' id='word_1_330' title='bbox 996 3628 1043 3680; x_wconf 89' lang='lat' dir='ltr'><strong>est</strong></span> <span class='ocrx_word' id='word_1_331' title='bbox 1064 3635 1170 3678; x_wconf 77' lang='lat' dir='ltr'><strong>uoureu</strong></span> <span class='ocrx_word' id='word_1_332' title='bbox 1192 3620 1257 3677; x_wconf 90' lang='lat' dir='ltr'><strong>tibi.</strong></span> <span class='ocrx_word' id='word_1_333' title='bbox 1285 3614 1371 3680; x_wconf 81' lang='lat' dir='ltr'><strong>Pers.</strong></span> 
     </span>
     <span class='ocr_line' id='line_1_35' title="bbox 214 3713 1372 3797; baseline -0.004 -15"><span class='ocrx_word' id='word_1_334' title='bbox 214 3716 268 3797; x_wconf 91' lang='lat' dir='ltr'>IV,</span> <span class='ocrx_word' id='word_1_335' title='bbox 293 3725 321 3793; x_wconf 89' lang='lat'>3,</span> <span class='ocrx_word' id='word_1_336' title='bbox 344 3723 397 3783; x_wconf 79' lang='lat'><strong>76:</strong></span> <span class='ocrx_word' id='word_1_337' title='bbox 426 3722 597 3797; x_wconf 89' lang='lat' dir='ltr'><strong>etquidem</strong></span> <span class='ocrx_word' id='word_1_338' title='bbox 620 3723 727 3795; x_wconf 86' lang='lat' dir='ltr'><strong>edepol</strong></span> <span class='ocrx_word' id='word_1_339' title='bbox 751 3721 907 3795; x_wconf 80' lang='lat' dir='ltr'><strong>liberulist,</strong></span> <span class='ocrx_word' id='word_1_340' title='bbox 930 3719 1062 3792; x_wconf 83' lang='lat' dir='ltr'><strong>quisquis</strong></span> <span class='ocrx_word' id='word_1_341' title='bbox 1085 3724 1140 3793; x_wconf 88' lang='lat' dir='ltr'><strong>est,</strong></span> <span class='ocrx_word' id='word_1_342' title='bbox 1162 3713 1203 3778; x_wconf 90' lang='lat' dir='ltr'><strong>de</strong></span> <span class='ocrx_word' id='word_1_343' title='bbox 1226 3714 1372 3778; x_wconf 85' lang='lat' dir='ltr'><strong>muliere.</strong></span> 
     </span>
     <span class='ocr_line' id='line_1_36' title="bbox 214 3816 1373 3897; baseline -0.003 -18"><span class='ocrx_word' id='word_1_344' title='bbox 214 3816 327 3897; x_wconf 84' lang='lat' dir='ltr'><strong>Amph.</strong></span> <span class='ocrx_word' id='word_1_345' title='bbox 351 3816 375 3896; x_wconf 97' lang='lat' dir='ltr'>I,</span> <span class='ocrx_word' id='word_1_346' title='bbox 402 3823 427 3891; x_wconf 93' lang='lat' dir='ltr'>l,</span> <span class='ocrx_word' id='word_1_347' title='bbox 454 3823 528 3882; x_wconf 80' lang='lat'>158:</span> <span class='ocrx_word' id='word_1_348' title='bbox 572 3821 712 3897; x_wconf 79' lang='lat' dir='ltr'><strong>Quisquis</strong></span> <span class='ocrx_word' id='word_1_349' title='bbox 739 3821 826 3878; x_wconf 93' lang='lat' dir='ltr'><strong>homo</strong></span> <span class='ocrx_word' id='word_1_350' title='bbox 853 3820 911 3877; x_wconf 91' lang='lat' dir='ltr'><strong>huc</strong></span> <span class='ocrx_word' id='word_1_351' title='bbox 933 3817 1070 3893; x_wconf 88' lang='lat' dir='ltr'><strong>proiecto</strong></span> <span class='ocrx_word' id='word_1_352' title='bbox 1093 3817 1222 3888; x_wconf 85' lang='lat' dir='ltr'><strong>venerit,</strong></span> <span class='ocrx_word' id='word_1_353' title='bbox 1258 3833 1373 3890; x_wconf 92' lang='lat' dir='ltr'><strong>pugnos</strong></span> 
     </span>
     <span class='ocr_line' id='line_1_37' title="bbox 214 3915 1376 3996; baseline -0.006 -20"><span class='ocrx_word' id='word_1_354' title='bbox 214 3918 292 3977; x_wconf 90' lang='lat' dir='ltr'><strong>edet.</strong></span> <span class='ocrx_word' id='word_1_355' title='bbox 339 3915 534 3982; x_wconf 86' lang='lat' dir='ltr'><strong>Menaechm.</strong></span> <span class='ocrx_word' id='word_1_356' title='bbox 564 3916 602 3996; x_wconf 90' lang='lat' dir='ltr'>V,</span> <span class='ocrx_word' id='word_1_357' title='bbox 629 3923 655 3996; x_wconf 96' lang='lat' dir='ltr'><strong>l,</strong></span> <span class='ocrx_word' id='word_1_358' title='bbox 682 3921 735 3979; x_wconf 81' lang='lat' dir='ltr'><strong>ll:</strong></span> <span class='ocrx_word' id='word_1_359' title='bbox 782 3919 889 3977; x_wconf 81' lang='lat' dir='ltr'><strong>Omnia</strong></span> <span class='ocrx_word' id='word_1_360' title='bbox 910 3920 990 3976; x_wconf 83' lang='lat' dir='ltr'><strong>mela</strong></span> <span class='ocrx_word' id='word_1_361' title='bbox 1011 3916 1180 3992; x_wconf 83' lang='lat' dir='ltr'><strong>ingerebat,</strong></span> <span class='ocrx_word' id='word_1_362' title='bbox 1203 3930 1376 3985; x_wconf 67' lang='lat' dir='ltr'><strong>querquetu</strong></span> 
     </span>
     <span class='ocr_line' id='line_1_38' title="bbox 215 4012 1374 4095; baseline -0.004 -20"><span class='ocrx_word' id='word_1_363' title='bbox 215 4025 383 4091; x_wconf 75' lang='lat' dir='ltr'><strong>aspexerat.</strong></span> <span class='ocrx_word' id='word_1_364' title='bbox 429 4015 524 4081; x_wconf 91' lang='lat' dir='ltr'><strong>Poen.</strong></span> <span class='ocrx_word' id='word_1_365' title='bbox 548 4015 607 4095; x_wconf 88' lang='lat'>111,</span> <span class='ocrx_word' id='word_1_366' title='bbox 634 4021 660 4093; x_wconf 93' lang='lat' dir='ltr'><strong>l,</strong></span> <span class='ocrx_word' id='word_1_367' title='bbox 685 4020 719 4080; x_wconf 86' lang='lat'><strong>2:</strong></span> <span class='ocrx_word' id='word_1_368' title='bbox 745 4018 812 4089; x_wconf 84' lang='lat' dir='ltr'><strong>Qui,</strong></span> <span class='ocrx_word' id='word_1_369' title='bbox 835 4014 979 4089; x_wconf 71' lang='lat' dir='ltr'><strong>quidqud</strong></span> <span class='ocrx_word' id='word_1_370' title='bbox 999 4017 1074 4088; x_wconf 84' lang='lat' dir='ltr'><strong>ogit,</strong></span> <span class='ocrx_word' id='word_1_371' title='bbox 1097 4022 1242 4088; x_wconf 89' lang='lat' dir='ltr'><strong>properat</strong></span> <span class='ocrx_word' id='word_1_372' title='bbox 1265 4012 1374 4071; x_wconf 80' lang='lat' dir='ltr'><strong>omnia</strong></span> 
     </span>
     <span class='ocr_line' id='line_1_39' title="bbox 214 4106 1375 4195; baseline -0.004 -20"><span class='ocrx_word' id='word_1_373' title='bbox 214 4110 329 4192; x_wconf 84' lang='lat' dir='ltr'><strong>Amph.</strong></span> <span class='ocrx_word' id='word_1_374' title='bbox 353 4112 392 4193; x_wconf 94' lang='lat' dir='ltr'>V,</span> <span class='ocrx_word' id='word_1_375' title='bbox 425 4121 450 4195; x_wconf 89' lang='lat' dir='ltr'><strong>l,</strong></span> <span class='ocrx_word' id='word_1_376' title='bbox 475 4119 531 4179; x_wconf 78' lang='lat'><strong>23:</strong></span> <span class='ocrx_word' id='word_1_377' title='bbox 565 4118 618 4178; x_wconf 95' lang='lat' dir='ltr'><strong>Ibo</strong></span> <span class='ocrx_word' id='word_1_378' title='bbox 641 4123 675 4176; x_wconf 89' lang='lat' dir='ltr'><strong>ut</strong></span> <span class='ocrx_word' id='word_1_379' title='bbox 697 4132 888 4192; x_wconf 86' lang='lat' dir='ltr'><strong>cognoscam,</strong></span> <span class='ocrx_word' id='word_1_380' title='bbox 920 4113 1052 4186; x_wconf 83' lang='lat' dir='ltr'><strong>quisquis</strong></span> <span class='ocrx_word' id='word_1_381' title='bbox 1081 4117 1136 4171; x_wconf 86' lang='lat' dir='ltr'><strong>est.</strong></span> <span class='ocrx_word' id='word_1_382' title='bbox 1181 4106 1254 4170; x_wconf 82' lang='lat' dir='ltr'><strong>Aul.</strong></span> <span class='ocrx_word' id='word_1_383' title='bbox 1280 4106 1325 4184; x_wconf 94' lang='grc' dir='ltr'>ΙΙ,</span> <span class='ocrx_word' id='word_1_384' title='bbox 1347 4110 1375 4182; x_wconf 93' lang='grc'><strong>2,</strong></span> 
     </span>
     <span class='ocr_line' id='line_1_40' title="bbox 215 4202 1374 4290; baseline -0.005 -17"><span class='ocrx_word' id='word_1_385' title='bbox 215 4213 271 4273; x_wconf 83' lang='lat'><strong>21:</strong></span> <span class='ocrx_word' id='word_1_386' title='bbox 295 4216 345 4289; x_wconf 91' lang='lat' dir='ltr'><strong>qui</strong></span> <span class='ocrx_word' id='word_1_387' title='bbox 368 4216 424 4276; x_wconf 86' lang='lat' dir='ltr'><strong>sibi</strong></span> <span class='ocrx_word' id='word_1_388' title='bbox 446 4216 591 4290; x_wconf 81' lang='lat' dir='ltr'><strong>quidquid</strong></span> <span class='ocrx_word' id='word_1_389' title='bbox 611 4215 774 4289; x_wconf 80' lang='lat' dir='ltr'><strong>tetigerint,</strong></span> <span class='ocrx_word' id='word_1_390' title='bbox 800 4219 911 4272; x_wconf 91' lang='lat' dir='ltr'><strong>tenent.</strong></span> <span class='ocrx_word' id='word_1_391' title='bbox 941 4206 1059 4272; x_wconf 84' lang='lat' dir='ltr'><strong>Caecil.</strong></span> <span class='ocrx_word' id='word_1_392' title='bbox 1083 4204 1205 4271; x_wconf 86' lang='lat' dir='ltr'><strong>Statius</strong></span> <span class='ocrx_word' id='word_1_393' title='bbox 1226 4203 1286 4269; x_wconf 88' lang='lat' dir='ltr'><strong>inc.</strong></span> <span class='ocrx_word' id='word_1_394' title='bbox 1310 4202 1374 4268; x_wconf 84' lang='lat' dir='ltr'><strong>iob.</strong></span> 
     </span>
     <span class='ocr_line' id='line_1_41' title="bbox 212 4301 1375 4397; baseline -0.004 -25"><span class='ocrx_word' id='word_1_395' title='bbox 212 4306 252 4373; x_wconf 85' lang='lat' dir='ltr'><strong>fr.</strong></span> <span class='ocrx_word' id='word_1_396' title='bbox 281 4316 334 4376; x_wconf 89' lang='lat'><strong>19:</strong></span> <span class='ocrx_word' id='word_1_397' title='bbox 381 4315 499 4387; x_wconf 86' lang='lat' dir='ltr'><strong>Quaeso</strong></span> <span class='ocrx_word' id='word_1_398' title='bbox 520 4315 611 4388; x_wconf 87' lang='lat' dir='ltr'><strong>igitur</strong></span> <span class='ocrx_word' id='word_1_399' title='bbox 632 4312 766 4397; x_wconf 80' lang='lat' dir='ltr'><strong>quisquis</strong></span> <span class='ocrx_word' id='word_1_400' title='bbox 788 4329 834 4383; x_wconf 88' lang='lat' dir='ltr'><strong>es,</strong></span> <span class='ocrx_word' id='word_1_401' title='bbox 863 4326 930 4369; x_wconf 89' lang='lat' dir='ltr'><strong>mea</strong></span> <span class='ocrx_word' id='word_1_402' title='bbox 958 4309 1074 4368; x_wconf 89' lang='lat' dir='ltr'><strong>mulier.</strong></span> <span class='ocrx_word' id='word_1_403' title='bbox 1120 4301 1279 4368; x_wconf 78' lang='lat' dir='ltr'><strong>Caecilius</strong></span> <span class='ocrx_word' id='word_1_404' title='bbox 1302 4301 1375 4368; x_wconf 92' lang='lat' dir='ltr'><strong>Sta·</strong></span> 
     </span>
    </p>
   </div>
   <div class='ocr_carea' id='block_1_5' title="bbox 0 0 1588 5075">
    <p class='ocr_par' dir='ltr' id='par_1_6' title="bbox 0 0 1588 5075">
     <span class='ocr_line' id='line_1_42' title="bbox 0 0 1588 5075; baseline 0 0"><span class='ocrx_word' id='word_1_405' title='bbox 0 0 1588 5075; x_wconf 95' lang='lat' dir='ltr'><strong> </strong></span> 
     </span>
    </p>
   </div>
  </div>
 </body>
</html>
