3125 5075
461 388 499 426 ΙΙΙ.
528 388 697 427 Proxumus
715 386 963 428 INTERROGATlVA.
1225 396 1287 451 393

211 579 241 626 e
264 563 326 640 Quoi
345 563 485 625 oduuino·
506 566 567 624 loco
586 566 722 639 positum
759 562 826 627 Liv.
843 561 1015 626 Andronic.
1035 579 1086 641 ap.
1103 560 1200 626 Prisc.
1218 560 1289 640 Vll,

132 676 161 740 p.
183 663 263 725 752:
289 663 343 735 oui
363 661 458 723 tantus
482 663 569 724 diest
614 660 717 724 Plaut.
741 660 854 741 Amph.
883 660 909 740 Ι,
935 665 961 739 l,
988 664 1020 723 l:
1063 663 1122 738 Qui
1142 677 1189 719 me
1211 664 1291 721 alter

85 773 88 810 ι
137 767 176 821 est
195 760 343 821 audacior
364 760 450 819 homo
471 767 524 821 aut
545 763 596 837 qni
619 761 816 822 confidentior
836 759 902 818 —i
924 756 994 822 Aul.
1011 757 1065 835 IV,
1081 762 1110 837 9,
1130 762 1181 821 17:
1218 760 1290 837 Qui·

85 841 88 886 ³
139 871 196 918 nm
230 858 321 919 homo
347 857 397 917 hic
427 864 496 918 ante
523 860 606 919 aedis
636 867 754 920 nostrus
782 860 897 919 eiulans
920 860 1113 933 conqueritur
1134 858 1292 919 moerens?

139 953 220 1020 llost.
261 953 318 1034 IV,
353 958 382 1033 2,
417 959 471 1019 45:
514 956 713 1019 Philolaches.
751 954 818 1020 PH.
838 958 890 1029 qui
912 954 1118 1017 Philolaches?
1162 954 1289 1018 Terent

141 1053 222 1118 Andr.
245 1052 274 1132 1,
298 1057 334 1131 l,
359 1055 433 1115 127:
476 1056 535 1129 Qui
557 1056 648 1129 igitur
668 1056 793 1116 relictus
816 1062 863 1115 est
885 1055 1062 1131 obiurgandi
1085 1055 1186 1114 werec?
1207 1051 1289 1116 Eun.

142 1150 161 1230 Ι,
179 1156 205 1232 1,
227 1156 289 1216 21:
315 1154 426 1214 sentiet
447 1154 499 1225 qai
520 1154 568 1212 oir
590 1155 673 1213 siem.

85 1295 87 1304 .
210 1247 233 1314 l
272 1251 356 1327 Quid
388 1252 564 1312 substantivi
597 1252 658 1310 loco
685 1252 824 1324 positum.
870 1247 949 1312 (lato
977 1248 1014 1311 R.
1039 1248 1075 1312 R.
1098 1267 1124 1312 o.
1148 1252 1181 1311 2:
1219 1250 1292 1322 quid

150 1351 232 1425 operia
259 1350 321 1411 siet
347 1347 472 1417 iactum,
505 1349 579 1422 qaid
605 1357 710 1409 restet.
755 1346 818 1411 lb.:
857 1359 888 1408 et
910 1349 982 1420 quid
1003 1347 1114 1409 iactum
1137 1350 1206 1422 vini,
1230 1348 1291 1407 iru.

152 1448 228 1508 nenti
244 1449 430 1522 aliarumque
458 1465 558 1508 rerum
579 1449 715 1508 omnium.
738 1443 817 1509 Cato
839 1445 879 1509 ad
902 1444 1044 1509 Marcum
1067 1442 1166 1507 filium
1190 1444 1291 1520 (Lion.

154 1560 173 1623 p.
201 1547 238 1609 46
265 1561 337 1623 sqq.
360 1541 485 1607 Iordan
519 1561 549 1623 p.
573 1545 627 1618 77)
650 1562 700 1623 ap.
738 1543 819 1608 Plin.
842 1542 916 1608 hist.
940 1548 1005 1607 nat.
1029 1548 1083 1622 29,
1113 1549 1147 1607 7:
1186 1546 1291 1604 Dicam

154 1645 262 1705 nuos
290 1645 416 1704 Graecis
444 1660 497 1704 suo
525 1646 608 1719 loco,
645 1645 749 1704 Marco
779 1644 837 1716 fili,
875 1644 947 1716 qaid
968 1645 1094 1704 Athenis
1115 1644 1293 1717 exquisitum

154 1742 267 1816 hosam,
290 1749 324 1802 et
345 1742 423 1814 qood
445 1743 551 1802 honum
573 1744 613 1801 sit
635 1744 753 1802 illorum
776 1744 893 1802 litteras
914 1744 1073 1817 inspicere,
1096 1759 1154 1801 non
1175 1742 1296 1815 perdis·

85 1903 87 1908 .
152 1855 209 1901 tere.
253 1837 359 1903 Plaut.
389 1836 474 1901 Trin.
504 1835 547 1916 V,
582 1841 617 1915 2,
646 1842 703 1901 45:
747 1840 893 1915 Quidnam
917 1840 1037 1900 idest?
1080 1836 1177 1900 Poen.
1201 1836 1238 1914 V,
1262 1844 1293 1911 4,

153 1939 189 2000 id:
222 1939 297 2013 quid
328 1938 359 1997 id
397 1944 443 1997 est
472 1936 565 1997 furti?
602 1936 658 2008 (sic
690 1935 799 2015 Both.;
837 1937 924 2016 ΔΘρ
959 1940 1028 2013 quid
1060 1938 1091 1996 id
1113 1937 1186 1999 furti
1209 1939 1292 1998 estis.

154 2032 226 2117 iulg.
251 2038 322 2112 quid
345 2035 447 2096 sortist
468 2036 532 2109 idi)
569 2033 658 2099 Pers.
682 2032 724 2112 ΙΙ,
747 2041 777 2112 4,
801 2040 833 2097 5:
872 2037 940 2096 Scio
962 2054 1027 2113 ego,
1050 2036 1123 2109 quid
1142 2038 1194 2096 sim
1212 2042 1293 2096 aeta·

157 2136 191 2194 tis.
231 2131 347 2197 Pseud.
370 2131 395 2208 1,
419 2137 448 2212 5,
475 2137 528 2197 19:
557 2136 630 2206 quid
649 2136 754 2193 mirum
777 2132 872 2193 iecit?
894 2134 966 2205 quid
987 2133 1112 2193 novom?
1155 2131 1241 2195 Trin.
1265 2151 1293 2197 v.

157 2234 214 2293 lll:
256 2231 337 2309 Quid
364 2230 421 2290 fuit
451 2231 579 2292 officium
610 2250 706 2292 meum
737 2248 783 2291 ma
807 2229 932 2291 facere?
962 2230 1011 2291 fac
1034 2233 1135 2293 sciam.
1179 2229 1293 2309 Amph.

157 2324 240 2409 ll,1,
263 2332 319 2393 26:
363 2330 442 2406 Quid
462 2331 519 2390 hoc
542 2332 707 2391 hominist?
751 2328 847 2391 Poen.
870 2326 931 2406 IV,
955 2332 990 2407 2,
1016 2333 1073 2392 34:
1098 2330 1200 2389 nescio
1223 2328 1296 2400 quid

158 2428 197 2488 riri
222 2431 290 2490 sies.
336 2426 463 2491 Terent.
486 2426 603 2491 Heaut.
627 2425 687 2502 IV,
711 2431 744 2504 8,
769 2432 803 2489 7:
831 2444 956 2502 quaeso,
987 2428 1113 2500 quidm
1135 2423 1294 2486 homini's?

102 2515 105 2520 ¹
156 2518 213 2591 Hoc.
234 2523 295 2606 IV,
317 2530 353 2603 4,
377 2529 431 2590 21:
454 2529 507 2589 sed
530 2527 603 2601 quid
624 2527 756 2588 mulieris
779 2526 911 2588 Uxorem
934 2526 1036 2600 habes,
1060 2522 1115 2587 ubi
1137 2522 1209 2590 vide
1231 2525 1295 2588 Do·

156 2627 253 2689 nutum.
298 2624 347 2689 De
375 2621 425 2687 his
453 2623 577 2688 duobus
605 2622 682 2687 locis
708 2623 855 2688 Rudrlim.
884 2622 932 2702 ΙΙ,
963 2641 994 2704 p.
1025 2628 1083 2687 65:
1121 2640 1200 2703 „pro
1223 2622 1295 2701 quis

106 2790 109 2795 ,
158 2714 247 2800 Ιοιιιο,
285 2738 380 2800 quum
416 2722 596 2800 mulierem;
635 2722 666 2786 in
699 2720 748 2787 his
784 2726 984 2802 contemptus
1014 2721 1065 2787 vel
1087 2721 1294 2801 reprehensio

105 2826 108 2831 '
153 2820 291 2895 quedam
313 2818 485 2884 innuitur.“
516 2820 597 2883 Eun.
610 2819 671 2899 ΙΙΙ,
693 2827 723 2901 4,
746 2826 779 2886 8:
803 2825 876 2897 quid
898 2824 953 2885 hoc
977 2822 1124 2884 hominis?
1146 2822 1218 2895 quta
1239 2822 1295 2881 hoc

151 2921 279 2982 omatist?
317 2916 360 2998 V,
394 2925 426 2998 l,
460 2923 511 2981 17:
551 2921 624 2996 qaid
648 2923 720 2982 illno
748 2924 874 2983 hominis
897 2923 978 2995 esti,
1012 2920 1052 2984 ad
1075 2937 1169 2998 quem
1192 2917 1295 2981 locum

150 3011 295 3081 Donatus:
334 3015 416 3094 „Per
447 3016 619 3097 genitivum
644 3034 751 3081 casum
773 3017 925 3083 iniuriose
947 3018 1077 3096 dicitur,
1116 3034 1174 3097 per
1195 3015 1295 3080 nomi·

92 3188 96 3195 Ι
151 3116 278 3180 nativum
300 3112 503 3180 honorifice.“
547 3115 627 3179 Eun.
651 3114 693 3195 ΙΙ,
718 3118 746 3191 2,
772 3124 804 3176 u:
840 3117 1023 3195 Quidistnc‚
1051 3119 1179 3192 inquam,
1204 3134 1291 3176 orna·

148 3214 209 3275 list?
231 3213 317 3295 adq.
341 3211 360 3276 l.
384 3213 515 3278 Donat:
553 3211 662 3292 „Scire
684 3229 741 3277 nos
757 3214 913 3290 convenit,
938 3231 1007 3277 cum
1024 3218 1113 3276 recto
1129 3230 1204 3276 casu
1221 3229 1295 3290 pro-

85 3376 87 3383 ,
147 3305 237 3377 fertur
265 3311 490 3392 interrogatio,
518 3328 580 3374 non
607 3328 680 3376 esse
702 3310 980 3386 contumeliosum,
1009 3310 1094 3374 utsi
1117 3308 1296 3385 dicasnuda

145 3407 180 3473 lic
199 3414 288 3473 horno
310 3412 391 3489 ειιὲ,
414 3409 441 3474 si
463 3413 570 3476 autem
593 3409 625 3472 in
648 3409 790 3489 obliquo,
814 3413 1028 3488 contemptum
1050 3403 1237 3486 significari,
1259 3410 1296 3471 ut

146 3510 214 3586 Quid
241 3512 298 3571 hoc
319 3514 362 3569 cst
382 3511 532 3572 hominio?
568 3510 647 3586 Quid
667 3509 822 3570 molieris?
858 3509 938 3585 Quid
958 3507 1131 3568 ornatist?“
1165 3523 1195 3568 v.
1218 3503 1295 3569 Bul·

143 3601 223 3672 buch.
251 3605 295 3671 dc
320 3604 399 3670 locis
425 3603 613 3685 quibusdam
643 3605 747 3669 Plaut.
777 3623 808 3685 p.
835 3610 882 3668 18.
906 3604 982 3669 Hec.
1006 3604 1061 3685 IV,
1085 3602 1198 3683 2,’·’,12;
1221 3603 1294 3677 quid

143 3705 209 3768 ictuc
239 3704 400 3768 consiliat?
444 3704 541 3769 Andr.
569 3703 628 3784 IV,
658 3711 693 3782 4,
723 3708 755 3767 6:
801 3705 873 3778 quid
901 3707 947 3765 illi
975 3707 1124 3765 hominum
1155 3700 1295 3778 litigant?

144 3797 295 3869 Neutrum
318 3804 390 3877 quid
412 3818 509 3883 saepe
532 3820 589 3882 pro
612 3822 713 3878 quare,
737 3821 791 3864 our
813 3801 950 3882 ponitur.
995 3799 1046 3865 Sic
1068 3800 1171 3865 Plaut.
1195 3799 1291 3863 Poen.

147 3895 183 3981 V,
207 3905 238 3978 2,
263 3904 320 3965 49:
357 3903 436 3979 Quid
457 3904 486 3962 in
509 3902 585 3962 huuc
608 3904 731 3963 venistis
753 3903 871 3976 urbem,
900 3908 951 3962 aut
972 3902 1042 3975 quid
1062 3898 1233 3975 quaeritis?
1256 3894 1294 3975 V,

145 4005 171 4078 l,
193 4004 249 4066 63:
288 4002 370 4077 Quid
390 4002 420 4060 in
443 4002 489 4061 ius
512 4018 600 4063 vocas
623 3996 697 4062 nos?
733 4001 803 4076 quid
828 4000 882 4059 tibi
906 3997 1066 4060 debemus?
1110 3995 1153 4075 V,
1177 4001 1214 4075 5,
1238 3998 1293 4060 29:

148 4100 226 4175 outo
247 4100 327 4159 hunc
349 4100 405 4159 tibi
427 4099 519 4176 digito
535 4097 678 4160 tactiost?
699 4115 727 4160 v.
744 4102 801 4161 43:
840 4097 920 4174 Quid
934 4098 988 4156 tibi
1003 4097 1142 4171 lubidost,
1159 4096 1293 4168 obsecro,

141 4198 383 4272 Anthemonidea,
405 4197 503 4272 Loqui
525 4198 720 4258 inclementer
742 4204 846 4257 nostro
869 4202 995 4271 cognato
1016 4202 1048 4255 et
1068 4193 1168 4269 patrii
1201 4191 1294 4265 Truc,

146 4289 192 4372 ΙΙ,
213 4297 249 4373 2,
274 4297 310 4358 3:
355 4295 435 4372 Quid
455 4296 512 4356 tihi
533 4296 572 4355 ad
595 4295 685 4356 hasce
709 4295 843 4355 accessio
867 4295 949 4354 aedis
972 4300 1019 4354 est
1040 4307 1135 4368 propo
1158 4298 1210 4352 aut
1230 4293 1296 4367 pul·

143 4392 232 4452 totio?
275 4388 373 4458 Stich.
396 4389 423 4470 I,
445 4394 475 4470 2,
499 4394 554 4455 38ι
585 4392 658 4467 quid
680 4392 791 4469 opust?
820 4408 849 4454 v.
875 4395 928 4453 14:
951 4390 1024 4465 quid
1043 4390 1116 4450 mihi
1137 4394 1222 4464 opust
1243 4390 1294 4449 de·
