3125 5075
201 601 264 661 374
487 593 547 632 (Ἦ).
564 593 607 631 KV.
643 592 785 632 nectum
813 591 1062 633 conuentione-rt.

198 786 248 844 ubi
273 787 365 842 larem
390 782 566 843 familiarem
591 787 740 856 salutarit,
765 784 886 843 {nudum
910 785 1014 844 eodem
1038 784 1096 855 die,
1118 785 1145 842 si
1159 792 1271 858 potest,
1293 783 1350 840 cir·

198 891 330 941 cumeat:
352 882 380 939 si
402 899 461 939 non
491 882 613 958 codic,
644 890 674 942 ot
698 884 852 957 postridie.
897 878 931 944 C.
953 884 991 944 8:
1018 883 1138 942 Pretnm
1161 882 1189 940 si
1209 881 1351 954 irrignum

199 979 332 1050 habebis,
356 979 473 1038 foenum
494 999 551 1039 non
574 981 708 1041 deliciet:
731 983 759 1039 si
781 999 839 1038 nou
862 983 929 1046 erit.
954 984 1075 1052 siccum,
1097 997 1135 1040 ne
1157 978 1277 1039 foenum
1300 978 1351 1036 de·

200 1080 268 1154 siet,
293 1080 476 1139 summittito.
508 1075 587 1139 Ceto
611 1095 736 1140 cumton
761 1078 800 1141 dc
822 1078 963 1142 moribus
985 1076 1068 1141 iord.
1091 1093 1121 1155 p.
1145 1079 1196 1154 83,
1221 1078 1352 1138 oz'u'an

199 1178 259 1236 vitu
283 1178 409 1238 humana
431 1195 525 1252 prope
549 1178 591 1237 uti
614 1176 725 1237 terrum
743 1183 790 1237 ost
804 1225 812 1238 .
828 1179 855 1238 si
870 1195 1022 1254 exercens,
1046 1178 1231 1246 conteritnr;
1254 1176 1281 1235 si
1298 1189 1354 1232 reon

200 1290 352 1342 exerceas,
374 1283 473 1335 temen
497 1275 601 1349 rubigo
623 1276 774 1336 interficit.
818 1272 922 1337 Plano.
954 1272 1067 1338 Pseud.
1091 1271 1154 1348 ΙΙΙ,
1179 1276 1216 1349 2,
1240 1276 1298 1334 87:
1322 1271 1354 1330 Si

200 1372 314 1448 credis,
343 1390 475 1432 nummo:
506 1374 625 1440 sinon,
648 1390 685 1431 ne
709 1374 789 1432 minu
813 1375 940 1447 quidem.
982 1370 1078 1434 Poen.
1101 1370 1140 1449 V,
1166 1374 1199 1444 ³,
1223 1375 1265 1434 23
1289 1386 1352 1447 stt:

200 1468 235 1528 st
256 1471 488 1545 respondebunt,
514 1472 624 1530 Punice
647 1489 768 1546 pergem
792 1473 890 1545 loqui,
912 1471 946 1529 Si
968 1489 1026 1528 non
1049 1473 1122 1533 cett.

287 1569 337 1629 58.
383 1569 475 1643 „Nini
497 1565 613 1645 (Hand.
637 1586 665 1646 p.
691 1570 752 1630 220
775 1567 836 1645 sq.)
859 1574 909 1632 est
931 1587 967 1628 ne
987 1570 1029 1640 si,
1053 1573 1086 1628 et
1107 1566 1139 1631 in
1155 1565 1206 1629 his
1223 1565 1353 1645 negatio

202 1679 249 1738 en,
274 1680 356 1742 quoe
378 1664 510 1744 antiquo
533 1682 593 1728 usu
617 1665 678 1744 [uti
701 1665 721 1741 ξ
745 1665 987 1744 29÷expositum
1012 1664 1075 1740 cst]
1102 1681 1160 1743 pro
1190 1682 1250 1722 non
1280 1662 1355 1726 ‹lici-

202 1762 269 1822 tur:
294 1759 378 1824 unde
401 1761 496 1826 ctiam
521 1760 605 1827 lacto
626 1768 701 1827 sunt
722 1762 877 1827 vocabula
899 1766 985 1831 nihil,
1007 1765 1156 1823 ‚nimirum
1198 1760 1354 1840 Negnndo

203 1855 302 1934 igitur
323 1875 382 1937 per
402 1863 462 1920 nisi
484 1867 668 1924 removetur
689 1860 731 1939 id,
755 1859 839 1939 qnod
862 1859 1051 1923 conditionis
1071 1860 1196 1922 nomine
1220 1857 1350 1922 accedit

201 1952 347 2033 >legatur
375 1958 523 2021 universa
552 1959 711 2022 sententio
745 1957 967 2022 conditionalis
1001 1963 1163 2021 contractu
1199 1957 1349 2021 oratione.

201 2050 231 2114 N
233 2069 282 2115 orn
307 2054 360 2116 ubi
384 2056 454 2120 dico
470 2063 567 2117 actum
584 2058 620 2117 de
635 2063 660 2120 te
675 2063 724 2125 est,
745 2058 805 2117 crisi
821 2060 969 2133 provides,
994 2055 1105 2136 plenus
1120 2054 1351 2117 sententiarum

201 2149 341 2215 ambitus
364 2150 415 2218 hio
437 2157 500 2218 est:
524 2156 630 2218 uotum
653 2155 693 2219 de
710 2160 742 2219 te
759 2157 826 2219 cst:
849 2163 985 2231 nonest,
1008 2153 1034 2215 si
1059 2172 1116 2230 nne,
1131 2156 1170 2227 si)
1195 2151 1353 2230 provides,

203 2245 443 2315 contrahuntur
465 2259 570 2338 autem
595 2252 674 2317 haec
695 2253 757 2329 ito,
785 2261 822 2317 ut
843 2252 946 2316 nltcra
973 2268 1047 2332 pons
1070 2249 1295 2313 conditionalis
1317 2266 1353 2311 ex

203 2345 306 2410 altera
336 2351 508 2427 procedere
538 2350 630 2430 eique
658 2369 697 2413 ex
729 2351 864 2415 adverso
895 2348 1011 2429 opponi
1045 2348 1193 2411 ridentur
1220 2354 1254 2410 ct
1281 2365 1354 2410 con·

204 2442 322 2509 inunctio
344 2449 403 2508 reici
418 2449 456 2511 ed
472 2448 670 2513 indicandum
694 2448 776 2513 hnnc
798 2448 1046 2512 vicissitudinem
1069 2445 1250 2509 intercedat
1291 2444 1355 2508 Sic·

204 2543 249 2604 uti
271 2562 362 2623 ergo,
387 2547 439 2609 nbi
461 2551 489 2607 si
510 2567 569 2607 reon
591 2548 720 2623 dicitur,
749 2546 901 2626 primaria
929 2547 1086 2609 sententia
1109 2564 1127 2606 e
1151 2542 1354 2606 conditionali

206 2641 339 2718 pendet,
373 2644 415 2706 itn
452 2652 562 2708 contra
591 2647 622 2708 in
653 2648 714 2707 nisi
745 2644 966 2707 conditionalis
996 2644 1134 2706 noctitm·
1164 2641 1355 2720 cprimoriu

208 2741 375 2804 sententio.
422 2744 470 2806 nd
498 2760 567 2805 earn
598 2745 680 2807 onim
711 2743 832 2807 accedit
864 2760 919 2804 nec
951 2742 1092 2820 protosin
1123 2740 1288 2833 constitnit
1310 2736 1353 2800 di·

205 2844 335 2914 rectam,
360 2841 415 2903 scd
440 2860 477 2905 ex
500 2841 562 2904 aliu
585 2842 743 2905 sententia
767 2846 935 2919 sumptam,
959 2857 1017 2903 noc
1040 2837 1265 2902 necessitatem
1284 2852 1354 2914 prae

204 2952 238 2997 se
261 2935 337 3000 lert.
369 2938 472 3016 qualis
503 2939 585 3002 inest
614 2939 817 3003 inabsoluta
845 2937 1053 3001 conclusione.
1098 2936 1181 2998 llinc
1212 2952 1289 2997 vero
1311 2935 1355 2994 in·

205 3030 376 3112 telligitnr,
401 3037 578 3114 quomodo
604 3038 634 3100 in
658 3037 812 3101 eiusmodi
836 3034 994 3100 sententio
1016 3034 1182 3097 recondita
1206 3033 1249 3096 sit
1271 3028 1355 3093 altir-

206 3131 303 3192 matio
323 3134 487 3196 contmrii:
513 3134 702 3215 intelligitur
718 3136 824 3211 ctiam,
847 3132 1004 3214 quomodo
1021 3132 1102 3194 dune
1119 3131 1357 3194 coniunctiones

206 3230 349 3307 componi
380 3233 503 3310 possint
531 3236 591 3293 nid
613 3238 697 3308 quia.
729 3237 787 3294 nist
817 3234 894 3306 qnod
921 3232 953 3293 in
984 3230 1154 3294 contractis
1179 3227 1355 3292 sententiis.

208 3325 385 3406 Conspicua
408 3337 457 3393 est
478 3332 588 3395 eadem
613 3331 693 3394 mtio
716 3333 746 3396 in
768 3331 904 3394 dictione
926 3333 1057 3390 nisinen
1072 3331 1117 3388 cis
1140 3326 1255 3395 (Plnut.
1272 3326 1354 3388 ileu.

205 3423 241 3491 Υ,
267 3432 295 3490 2.
320 3433 379 3500 37).
425 3428 565 3508 nequis
589 3436 694 3494 tamen
718 3430 885 3507 existimet,
909 3427 950 3505 id,
974 3425 1167 3506 quodmodo
1192 3425 1271 3502 dixi,
1295 3441 1356 3486 nou

206 3525 362 3599 nicandrum
385 3527 416 3590 in
440 3545 495 3590 cas
519 3528 701 3605 sententias,
725 3528 756 3590 in
779 3528 894 3606 quibus
916 3529 975 3586 nisi
998 3525 1029 3587 in
1053 3523 1152 3602 priori
1175 3529 1270 3601 porte
1289 3540 1357 3585 sen·

205 3623 324 3686 tentiae
351 3626 489 3703 positum
513 3623 662 3689 exhibere
685 3625 832 3689 rideatur
865 3625 1017 3688 directam
1047 3621 1206 3701 protusin,
1241 3618 1356 3699 duplex

206 3728 255 3782 est
278 3722 478 3799 respiciendo
500 3741 605 3787 causa.
651 3722 732 3786 Nom
755 3723 935 3788 coniunctio
959 3720 1055 3786 semel
1080 3718 1163 3782 facta
1179 3722 1241 3780 nisi
1264 3718 1356 3780 etium

206 3823 275 3880 toto
299 3818 402 3884 oflicio
427 3839 484 3884 suo
505 3818 651 3900 fungitur
677 3826 707 3887 ct
736 3826 844 3902 potcst
870 3840 941 3885 cum
964 3819 1029 3883 suis
1058 3817 1164 3881 verbis
1193 3816 1290 3880 etiam
1315 3815 1359 3876 in·

206 3934 299 3981 verso
323 3919 432 3983 ordino
456 3925 553 3999 utque
578 3921 677 3998 primo
710 3918 778 3982 loco
809 3919 891 3999 poni.
938 3919 973 3981 ld
998 3917 1094 3993 euim,
1124 3914 1210 3996 quod
1241 3915 1358 3976 adden·

206 4013 279 4078 dnm
305 4023 364 4096 est,
388 4018 591 4097 anticipatur,
614 4023 648 4080 et
669 4018 711 4092 id,
735 4018 819 4096 quod
836 4017 1011 4080 adhaerere
1036 4014 1125 4091 solet,
1147 4014 1245 4076 etiam
1262 4013 1359 4075 intcr·

206 4113 270 4175 seri
293 4120 408 4192 potest.
452 4116 533 4180 Tum
562 4135 638 4179 vero
669 4115 810 4194 vulgaris
832 4115 959 4194 linguae
983 4132 1079 4189 usus,
1109 4118 1145 4175 nt
1167 4111 1264 4190 poulo
1287 4114 1362 4188 post

206 4212 397 4292 ridebimus,
422 4233 491 4278 enm
515 4214 673 4278 licentiam
698 4213 839 4291 obtinet,
869 4231 933 4292 qua
952 4215 1012 4273 nisi
1035 4217 1068 4275 et
1089 4213 1115 4271 si
1137 4229 1195 4269 non
1221 4225 1359 4272 comum·

137 4366 139 4370 ,
206 4314 324 4375 tantur.
370 4312 450 4376 Nom
474 4330 570 4392 saepe
593 4331 655 4375 non
675 4313 810 4376 multum
835 4318 891 4374 nut
913 4310 989 4373 nihil
1011 4307 1119 4383 rclert,
1143 4314 1251 4370 utrum
1276 4304 1361 4384 cogi-

206 4414 280 4485 torn,
303 4410 329 4473 si
345 4410 480 4475 alterum
497 4408 561 4488 fiat,
585 4410 721 4474 alterum
739 4428 823 4474 essct
847 4409 1009 4490 inquibus
1026 4426 1083 4487 por
1099 4405 1357 4484 consequentium

207 4505 326 4570 directe
349 4515 583 4588 componuntur
605 4526 673 4572 res:
702 4527 741 4572 arn
766 4510 806 4572 de
828 4527 891 4571 nna
914 4526 949 4571 re
979 4506 1158 4586 praedicem
1184 4521 1255 4565 cum
1278 4519 1358 4574 csse,

208 4602 265 4666 scd
287 4622 348 4668 non
372 4623 453 4683 esse,
475 4606 502 4669 si
526 4607 627 4671 nitere
649 4608 700 4670 sit.
731 4606 908 4671 Discrimcn
931 4605 1013 4668 cnim
1037 4605 1069 4667 in
1085 4621 1123 4666 co
1139 4599 1290 4666 cernitur.
1314 4605 1357 4673 ut,
