3125 5075
639 375 907 429 ¹³²¹me
1296 393 1361 458 urs

193 561 301 637 credo,
323 560 458 635 militem,
481 578 524 627 so.
547 563 744 643 praestolata
766 571 827 631 est.
871 566 959 632 Asin
982 566 1043 649 111,
1072 574 1101 650 3,
1130 572 1186 634 36:
1217 573 1292 635 Tum
1324 580 1359 636 tu

193 659 291 733 ipirur
312 661 435 735 loquere
457 659 536 735 qaod
559 662 649 725 lubet
694 661 758 726 LE.
783 668 869 727 Hunc
891 669 994 728 hercle
1008 669 1180 746 verberare,
1196 684 1240 733 sc.
1256 667 1358 733 iubet

193 752 272 818 Aul.
302 751 346 832 II,
371 758 403 833 8,
430 758 487 822 20:
517 761 624 819 Aulum
651 763 804 840 maiorem,
831 765 857 826 si
886 773 972 839 potes
1002 760 1218 845 (repetere),
1245 768 1359 829 ricinis

195 855 282 916 Pete.
330 849 422 932 Capi
457 850 500 931 11,
531 858 560 932 i,
585 859 641 920 39:
679 877 759 920 nnnc
791 867 824 920 nt
856 863 929 921 mihi
961 868 991 922 te
1024 864 1091 923 volo
1124 879 1191 924 esre
1225 871 1356 942 sutnmo,

194 949 254 1016 ubi
275 948 317 1014 ed
345 948 537 1015 alterutrum
564 952 697 1017 verbum
725 974 787 1017 esse
831 968 939 1022 mente
974 956 1154 1022 addendam
1191 962 1252 1023 est.
1296 958 1363 1039 ΙΙΙ,

195 1054 228 1128 5,
252 1052 310 1113 24:
341 1050 419 1110 Dum
447 1068 484 1109 ne
514 1052 551 1111 ob
579 1052 749 1130 meleiecte,
775 1073 908 1130 pereum.
958 1052 1051 1120 Cure.
1081 1053 1124 1133 11,
1147 1060 1175 1133 l,
1199 1058 1256 1120 33:
1279 1058 1357 1127 Veh,

193 1151 280 1212 scius
302 1148 351 1208 iric
373 1148 491 1208 homost
511 1150 562 1223 qai
585 1152 662 1210 sciat
683 1152 833 1230 diuinitus,
857 1150 913 1215 ubi
935 1169 1007 1216 cum
1028 1150 1184 1216 Lumbinu
1208 1168 1248 1216 ex
1261 1169 1356 1233 pree*

194 1243 320 1326 gressis
341 1245 540 1306 meatorum
559 1246 659 1317 facee
678 1248 901 1327 repetendum,
931 1248 1016 1328 qnod
1044 1248 1073 1313 si
1102 1265 1165 1312 non
1190 1248 1248 1321 vis,
1278 1249 1354 1313 sim-

193 1342 314 1424 plicius
334 1340 431 1406 etiem
454 1359 525 1405 cum
548 1340 711 1407 Gronorio
733 1347 797 1418 fori
818 1350 925 1409 mente
952 1345 1072 1410 addere
1094 1349 1196 1425 potes.
1247 1350 1276 1418 3,
1302 1351 1358 1413 63:

193 1441 290 1520 qnid?
312 1444 450 1503 lenonem
472 1442 719 1521 cappadoceni,
741 1442 797 1506 abi
819 1459 859 1506 ex
880 1443 1143 1508 antecedentibus
1166 1448 1272 1508 mente
1294 1443 1351 1509 ed·

194 1536 339 1603 dendum
362 1541 429 1600 est:
452 1538 594 1601 nostine?
616 1537 654 1616 V,
678 1544 707 1618 2,
731 1542 767 1602 6:
790 1543 891 1615 Nugas
911 1545 1018 1615 gerris.
1046 1539 1113 1605 GH.
1158 1542 1259 1603 coeo:
1287 1561 1358 1605 nam

194 1646 324 1714 propter
351 1654 403 1696 eea
431 1640 496 1697 viro
523 1637 651 1698 facilius.
695 1634 849 1701 Similiter
875 1636 957 1701 Rue.
981 1637 1037 1712 lv,
1060 1644 1090 1715 4,
1113 1643 1171 1704 31:
1194 1642 1226 1701 Si
1248 1644 1301 1703 ille
1324 1648 1355 1702 te

194 1735 386 1809 conprimere
409 1736 538 1810 solitast,
562 1737 610 1795 hic
633 1745 736 1796 noster
759 1754 816 1797 uon
840 1738 928 1812 solet,
952 1752 996 1799 sc.
1013 1736 1222 1815 conprimere,
1244 1743 1279 1801 et
1293 1736 1357 1801 ‘l'e-¹

194 1837 280 1895 rent.
301 1830 360 1892 nd.
382 1827 409 1908 I,
435 1834 462 1907 1,
486 1835 541 1893 54:
566 1832 656 1890 credo
684 1834 752 1908 iam,
780 1840 813 1892 ut
839 1834 925 1905 solet,
953 1836 1095 1911 Inrgsbit
1145 1831 1249 1897 Plane.
1281 1832 1355 1898 Ces.

194 1927 239 2006 ΙΙ,
264 1930 294 2005 6,
320 1929 372 1991 16:
395 1946 554 2003 perperam
576 1930 749 1989 Iamdudum
772 1932 874 1991 hercle
896 1929 1024 1993 fabulor.
1048 1929 1129 1994 eu.
1151 1935 1202 2005 pol
1229 1940 1262 1993 tu
1290 1934 1356 2009 qui-

193 2029 265 2088 dem
296 2025 350 2099 (sc.
379 2022 532 2088 fabularis
562 2030 753 2103 perperam),
780 2035 869 2101 etque
897 2030 987 2089 etiem
1013 2029 1100 2091 iccir.
1148 2026 1208 2104 ΙΙΙ,
1239 2032 1269 2107 2,
1301 2032 1355 2093 18;

193 2142 276 2185 nuuc
298 2126 362 2183 vais
385 2130 475 2197 atque
499 2127 586 2185 istem
609 2125 685 2197 iube,
717 2140 760 2185 sc.
791 2120 901 2186 valere
925 2124 1006 2188 meis
1032 2124 1147 2189 verbis.
1191 2124 1283 2205 Epid.
1310 2126 1349 2205 V,
1384 2107 1445 2208 Ο

197 2227 226 2300 l,
257 2224 293 2283 8:
324 2222 402 2294 Quid
432 2222 505 2296 egis,
534 2239 600 2282 moe
628 2219 846 2282 commoditas?
874 2219 938 2284 EP.
963 2223 1049 2296 Quod
1072 2225 1172 2297 miser,
1205 2239 1247 2286 sc.
1270 2222 1348 2302 agit

194 2316 311 2383 Buccin
342 2316 380 2395 V,
412 2322 441 2394 2,
472 2321 509 2381 8:
539 2320 609 2379 Sine
637 2337 690 2379 sao
719 2336 812 2392 usque
841 2321 997 2393 arbitratu,
1027 2318 1080 2381 ubi
1110 2318 1353 2384 Schmiederus:

193 2436 260 2497 „sc
284 2414 407 2495 gerrire
430 2432 485 2479 ees
507 2431 590 2493 qaae
612 2413 752 2477 iubeat.“
797 2413 979 2494 Simplicius
1002 2424 1110 2480 temen
1131 2419 1182 2480 est
1203 2434 1243 2480 ex
1257 2433 1351 2497 prae·

194 2514 319 2596 gressis
340 2515 446 2576 mente
469 2512 586 2579 addere
608 2514 743 2576 deridere
762 2531 826 2576 aec.
870 2531 900 2575 v.
925 2516 980 2578 oti:
1004 2515 1101 2590 siquid
1124 2517 1168 2577 rie
1191 2518 1247 2587 (sc.
1278 2532 1354 2579 con-

194 2612 382 2693 castigare),
412 2613 505 2673 filiam
528 2615 740 2686 concastigeto.
798 2609 863 2675 Mil.
893 2610 936 2691 H,
964 2614 993 2691 6,
1022 2615 1079 2675 21:
1111 2612 1276 2691 Licetnei,
1298 2612 1355 2677 abi

193 2710 315 2776 Gron:
339 2709 426 2787 „scii
450 2726 628 2788 expurgare
651 2707 731 2773 me.“
775 2707 1024 2772 Lindemannus:
1049 2707 1258 2789 „Interpellat
1280 2726 1361 2773 ore-.

195 2810 321 2873 tionem
351 2806 646 2887 Periplectomenus,
674 2805 806 2881 licetne,
835 2806 955 2884 dicens,
982 2823 1034 2870 me
1057 2807 1260 2888 expurgare?
1290 2806 1354 2870 Sed

193 2906 312 2972 iratior
333 2904 430 2968 etiam
454 2904 559 2982 pergit
582 2920 679 2966 senen
701 2908 735 2967 ct
756 2904 838 2967 mira
860 2904 1028 2967 verborum
1045 2905 1194 2985 congerie
1209 2910 1245 2969 et
1258 2922 1355 2984 pree-

195 3004 282 3071 clare
298 2999 373 3066 ficto
388 3001 430 3066 ad
444 3001 641 3065 iracundiam
656 3000 814 3064 sermonis
828 2999 958 3064 flumine
973 3001 1006 3064 in
1021 3019 1149 3065 servum
1164 3000 1356 3067 invehitur.“

195 3103 296 3168 Merc.
321 3100 347 3180 I,
370 3104 399 3179 2,
423 3105 479 3164 59:
503 3101 612 3160 Temno
636 3099 773 3174 indiguus
797 3098 923 3161 videor?
946 3097 1012 3161 cii.
1035 3102 1128 3162 Immo
1151 3101 1266 3176 diguus.
1290 3097 1354 3163 AO.

195 3204 344 3279 Equidem
368 3198 491 3262 credidi.
519 3195 644 3260 Lama:
674 3212 736 3267 „sc
760 3212 811 3258 me
839 3194 970 3273 dignum
992 3213 1079 3273 esse,
1106 3195 1158 3261 cui
1184 3194 1354 3275 supplices

198 3297 279 3362 ani:
309 3315 360 3360 me
387 3295 552 3375 iudignum
582 3293 684 3357 videri
719 3291 787 3369 tibi,
819 3292 871 3355 cui
903 3290 1096 3371 supplices.“
1142 3291 1198 3370 lV,
1233 3297 1262 3369 3,
1298 3298 1354 3357 24:

197 3401 331 3459 fleeces:
362 3397 440 3454 haud
468 3395 527 3454 vidi
556 3395 658 3469 nugis,
687 3389 742 3454 ubi
769 3408 832 3454 sec
861 3389 950 3453 Rost
977 3394 1146 3454 comment
1191 3389 1295 3454 Plaut.
1324 3407 1355 3470 p.

197 3498 261 3558 263
282 3495 452 3555 menica
472 3496 578 3553 mente
600 3487 780 3552 addendum
804 3492 862 3551 cst.
906 3486 1002 3551 Poen.
1024 3487 1084 3564 ΠΙ,
1113 3492 1141 3557 2,
1173 3493 1225 3551 il:
1261 3491 1355 3549 Dite

197 3594 336 3669 perdent.
381 3588 441 3653 ΜΙ.
465 3591 526 3649 Vos
549 3590 667 3664 quidem
690 3590 802 3658 hercle,
826 3583 880 3648 nbi
903 3601 966 3650 sec.
996 3584 1083 3650 Rost.
1111 3603 1143 3665 p.
1166 3590 1225 3650 311
1250 3592 1359 3649 menie

196 3687 382 3754 addendum
405 3691 468 3750 est:
492 3690 522 3748 di
547 3687 683 3761 perdunt.
727 3681 784 3758 IV,
809 3687 838 3758 2,
862 3686 920 3746 34:
947 3686 1041 3745 malus
1074 3702 1149 3745 sum.
1196 3681 1263 3761 ἷὸῩ.
1289 3685 1358 3745 Tibi

197 3791 250 3851 sis.
295 3784 345 3850 ΙΙΙ
358 3829 367 3845 .
396 3787 438 3846 Te
458 3786 532 3861 uolo,
562 3782 603 3847 ad
632 3800 661 3862 q.
685 3780 707 3845 1.
737 3781 933 3845 Gronovius:
962 3779 1025 3858 ,dit
1050 3779 1102 3845 hic
1128 3779 1217 3845 iocus
1244 3783 1296 3843 est
1317 3796 1360 3842 er

196 3882 423 3963 ambiguitate,
451 3898 515 3961 que
544 3898 640 3960 saepe
668 3877 752 3942 ladit
777 3877 922 3942 Plautus.
969 3877 1058 3942 Haec
1084 3878 1166 3942 enim
1195 3877 1293 3941 verbe
1315 3875 1360 3942 ed

197 3979 428 4062 praecedentia
450 3979 554 4043 relata
576 3974 767 4057 significant:
791 3975 837 4040 Tc
860 3975 932 4038 volo
957 3974 1012 4039 tibi
1039 3974 1158 4039 melum
1187 3991 1268 4052 esse,
1297 3973 1365 4040 tibi.

198 4079 307 4160 ipsam
327 4076 468 4141 iumento
491 4085 547 4140 tuo
568 4092 734 4140 arcessere
757 4073 964 4155 supplicium:
993 4078 1035 4150 et,
1058 4077 1096 4137 nt
1116 4072 1228 4148 solent,
1257 4074 1361 4151 utque

198 4175 319 4255 sucipit
340 4192 453 4239 servas
476 4173 568 4252 ulter,
590 4178 623 4236 te
648 4171 717 4236 volo
746 4169 964 4236 conventum.“
1009 4170 1058 4234 Ex
1092 4186 1239 4234 sermone
1274 4167 1365 4235 alius.

198 4275 334 4338 verbum
355 4271 565 4352 repetendum
588 4276 638 4334 est
660 4270 700 4334 ib.
746 4269 785 4348 V,
809 4275 837 4344 2,
862 4272 916 4332 72:
944 4271 1066 4331 Servom
1094 4271 1198 4330 hercle
1227 4274 1258 4331 te
1288 4283 1360 4328 esso

198 4382 321 4447 oportet
344 4379 376 4432 et
398 4390 523 4448 nequem
546 4378 578 4431 et
588 4374 707 4432 muium
732 4403 773 4414 -
796 4365 855 4431 ΜΙ.
887 4370 927 4429 nt
953 4368 1056 4428 hercle
1087 4374 1118 4427 te
1149 4367 1298 4451 hominem
1325 4371 1361 4428 et
