3125 5075
484 363 571 402 CASUS
586 364 855 405 susurrumvouuu.
871 388 894 395 —
908 366 1046 406 AOCUSAT.
1286 372 1345 427 189

219 537 340 604 rumam
366 538 477 605 stetim
505 539 548 605 ab
577 538 668 604 initio
694 539 830 605 actionis
859 556 926 603 rem
954 536 1111 619 quandam
1138 536 1221 616 peti,
1251 552 1347 616 quam

217 633 258 702 illa
280 651 317 700 se
342 635 506 717 aplicans
531 642 688 718 sequatur
715 641 749 701 et
771 637 947 701 secundum
979 652 1075 716 quam
1101 651 1137 699 se
1164 634 1348 712 constituat,

218 730 301 798 etita
319 732 460 815 qnidam,
481 738 520 798 ut
531 732 613 800 haec
630 752 683 801 res
702 735 766 800 iam
780 733 875 799 simul
895 750 967 797 cum
986 736 1102 798 natura
1116 731 1251 796 actionis
1272 731 1349 797 data

217 828 269 909 isa
288 830 458 911 perseius
485 835 621 897 naturae
651 849 722 896 esse
749 832 907 895 videatur.
953 829 1120 895 Obiectum
1147 828 1228 911 tale,
1263 832 1348 911 quod

214 926 403 994 l‘nectionem
431 928 609 1009 exprimere
629 927 833 993 manifestum
857 934 921 1006 est,
948 927 1130 992 accusativo
1153 930 1349 1012 exprimitur,

213 1025 253 1103 cni
270 1025 447 1106 respondet
466 1025 508 1091 ed
529 1025 798 1107 interrogationes
821 1028 999 1101 praenest,
1029 1027 1070 1085 od
1093 1046 1183 1101 quom
1203 1048 1265 1089 rem
1281 1049 1350 1104 per-

211 1125 326 1192 tuensi,
347 1127 385 1185 nt
405 1121 439 1186 in
460 1120 683 1204 locutionibus,
706 1122 817 1203 quales
840 1126 1256 1199 sustenementum,
1278 1130 1352 1190 kair

209 1222 241 1281 od
261 1222 461 1290 maltuco»,
492 1219 607 1284 deinde
629 1224 885 1296 quemadmodum,
919 1225 997 1283 lunc
1025 1223 1059 1280 in
1085 1223 1203 1283 modum
1230 1226 1263 1285 et
1289 1222 1352 1287 fre·

207 1317 305 1397 quenti
326 1334 390 1380 usu
411 1317 656 1398 praepositionis
679 1320 720 1378 od
740 1337 811 1382 cum
835 1318 989 1398 gerundio
1012 1317 1208 1382 coniunctae.
1242 1319 1280 1383 ln
1305 1319 1352 1384 lo·

207 1413 379 1479 rationibus
407 1413 563 1480 similibus
586 1433 657 1479 cum
678 1432 786 1496 praep.
802 1420 835 1475 io
850 1415 944 1479 elatis
958 1415 1007 1479 vis
1022 1414 1241 1495 metaphorica
1255 1417 1351 1480 etiam

202 1511 299 1593 magis
321 1514 468 1591 apparet,
492 1518 528 1576 ut
549 1511 578 1576 si
600 1512 718 1576 dicitur
735 1517 768 1574 in
787 1520 981 1589 comportem
993 1532 1118 1588 peccare
1131 1529 1205 1586 quoe
1223 1521 1265 1576 est
1283 1534 1353 1578 cou-

203 1611 266 1669 tior.
309 1608 380 1683 Quo
403 1604 453 1689 fit,
488 1614 526 1672 ut
547 1609 643 1673 etiam
669 1630 779 1680 moso,
812 1617 969 1691 quatenus
997 1610 1194 1675 voluntatem
1218 1611 1354 1675 subiecti

201 1706 376 1784 constituit,
399 1706 582 1771 accusativo
604 1708 789 1773 directionis
811 1726 881 1773 cum
905 1711 948 1775 ot,
965 1706 1095 1783 propter
1110 1725 1256 1788 praepos.
1281 1727 1354 1773 con·

198 1799 305 1867 iuncto
326 1803 535 1883 exprimatur,
557 1804 634 1869 item
653 1808 757 1868 modus
776 1810 893 1869 natura
914 1806 1051 1870 subiecti
1071 1804 1203 1870 effeetus
1226 1810 1260 1869 et
1281 1805 1355 1870 inde

202 1898 236 1963 in
256 1900 412 1965 actionem
440 1901 510 1965 eius
532 1920 568 1966 se
589 1907 792 1980 convertens,
826 1920 895 1966 eam
919 1903 1114 1967 constituens
1136 1904 1167 1968 in
1189 1903 1356 1968 locutioni·

199 1993 269 2076 bns,
290 1998 402 2078 quales
424 2004 500 2063 sunt
517 2018 573 2075 per
594 2002 740 2070 virtatem
756 2020 815 2076 per
835 2003 1020 2061 demordet».

283 2095 430 2160 Alterum
453 2113 555 2177 genus
576 2097 765 2175 accusativi,
789 2097 990 2162 accusativus
1011 2097 1257 2176 progressionis,
1289 2117 1357 2178 ma·

203 2193 282 2256 xime
304 2193 511 2273 perspicuum
533 2193 637 2258 estin
659 2194 714 2271 iis,
750 2193 806 2257 nbi
828 2194 899 2274 ipsa
921 2194 969 2257 vis
1001 2197 1034 2257 et
1056 2192 1244 2272 significatio
1266 2195 1357 2261 verbi

207 2290 359 2354 obiectum
382 2288 437 2371 fit,
470 2291 556 2370 quod
578 2291 641 2356 dici
660 2295 769 2371 potest
795 2291 954 2355 obiectum
982 2290 1160 2371 proximum
1184 2296 1217 2355 et
1239 2292 1358 2371 simpli·

205 2388 371 2466 tissimum,
395 2388 442 2453 sic
462 2392 660 2453 clarissimam
674 2408 809 2464 mnam
822 2407 971 2464 muare,
992 2390 1102 2449 miram
1116 2392 1264 2450 somnium
1285 2408 1359 2450 sora-

207 2487 301 2556 oiore,
336 2488 458 2563 aarum
478 2491 561 2550 dom
579 2490 636 2556 ire,
666 2486 698 2550 in
720 2486 837 2565 quibus
858 2491 964 2551 tamen
988 2503 1115 2566 semper
1136 2502 1245 2550 vocem
1268 2486 1360 2550 attri-

210 2581 361 2662 butivam,
397 2585 493 2649 etiam
516 2585 544 2648 si
566 2584 645 2648 nihil
667 2583 728 2648 uisi
750 2602 925 2663 pronomen
948 2584 1003 2662 sit,
1037 2583 1191 2648 accedere
1220 2589 1358 2663 oportet,

211 2681 351 2759 qnoniam
374 2682 443 2746 sine
466 2700 505 2746 ea
532 2681 712 2761 tautologia
738 2681 900 2745 existeret.
945 2680 1015 2756 Quo
1045 2678 1096 2759 fit,
1127 2685 1164 2744 ut
1193 2680 1272 2744 haec
1298 2697 1360 2744 vox

209 2779 393 2843 umbutiva
414 2779 544 2858 proprie
567 2783 693 2858 partem
716 2778 901 2858 primariam
923 2776 1041 2842 efficiat
1060 2778 1187 2854 obiecti,
1211 2777 1294 2841 unde
1310 2795 1360 2841 se·

210 2877 312 2954 quitur
337 2881 374 2939 ut
394 2875 588 2953 locutiones,
617 2875 729 2954 quales
752 2881 827 2938 sunt
842 2878 992 2951 perfidum
1013 2878 1124 2945 ridere,
1154 2894 1294 2950 magnum
1315 2894 1361 2936 so

212 2991 277 3036 acre
300 2979 336 3037 et
358 2991 398 3038 ea
419 2973 561 3050 obiecta,
596 2990 678 3052 quae
700 2973 835 3036 maxime
857 2973 1001 3052 generali
1024 2980 1099 3036 sunt
1120 2970 1360 3052 significatione,

211 3075 243 3132 nt
258 3073 340 3132 idem
357 3072 488 3146 glorior,
520 3073 555 3131 id
573 3072 674 3133 studeo
698 3070 807 3149 (etiam
834 3069 911 3133 illud
942 3069 1099 3133 Sallustii:
1133 3087 1208 3142 quae
1231 3073 1361 3130 homiues

213 3176 302 3238 mont,
325 3172 486 3244 navigant,
518 3167 702 3244 aedificant),
736 3172 773 3231 ut
800 3167 1064 3245 interrogativum
1092 3168 1183 3240 quid?
1216 3173 1249 3229 et
1276 3166 1362 3239 qood,

217 3267 292 3342 quod
316 3266 350 3330 in
375 3265 627 3330 coniunctionem
650 3284 684 3330 se
707 3265 879 3339 convertit,
911 3263 1086 3326 certissime
1109 3261 1170 3324 huc
1194 3261 1258 3324 sint
1280 3260 1332 3324 rel
1349 3294 1363 3309 ·

216 3365 314 3427 rende.
360 3362 431 3428 Hoc
461 3368 564 3428 totum
601 3380 703 3443 genus
738 3359 992 3427 accusativorum
1023 3359 1158 3423 maxime
1193 3364 1364 3437 cognatum

215 3459 271 3524 sive
294 3460 405 3541 potins
435 3460 604 3540 analogum
634 3459 771 3534 estiis,
802 3476 883 3537 quos
910 3475 1008 3535 supra
1039 3455 1364 3529 commemoravimus,

217 3558 257 3634 oui
280 3557 421 3638 gradum
442 3557 578 3622 actionis
601 3557 791 3637 exprimunt.
837 3555 930 3619 Actio
953 3554 985 3616 in
1012 3571 1143 3633 genere,
1175 3551 1259 3630 quod
1283 3567 1365 3613 nuuc

216 3662 405 3732 spectamus,
428 3659 478 3720 est
499 3655 697 3734 productiva,
721 3653 868 3732 quoniam
885 3652 1046 3716 obiectum
1062 3669 1097 3713 se
1113 3650 1290 3729 explicante
1310 3647 1366 3710 de·

217 3767 292 3816 num
316 3752 445 3817 actione
469 3752 621 3815 nascitur.
652 3751 707 3815 Sin
728 3757 836 3814 autem
857 3768 909 3814 res
939 3750 1000 3813 iam
1024 3753 1098 3810 ante
1121 3747 1246 3810 initium
1268 3744 1367 3808 actio·

216 3849 255 3915 uls
276 3849 422 3924 extabat,
445 3865 527 3928 quae
550 3867 570 3912 a
591 3848 736 3913 subiecto
759 3865 821 3910 non
842 3845 984 3928 pendens
1005 3847 1069 3908 vim
1089 3845 1123 3908 in
1143 3844 1222 3908 illud
1246 3847 1367 3907 statum

217 3947 408 4012 constituens
431 3945 611 4021 exercebat,
635 3951 669 4009 et
694 3946 721 4010 si
742 3945 806 4008 ium
830 3944 889 4009 hoc
909 3942 1087 4007 subiectum
1110 3942 1269 4006 obiectum
1288 3938 1367 4001 illud

217 4043 448 4125 complectitur,
479 4061 542 4122 quo
565 4060 647 4122 quae
670 4043 713 4108 sit
734 4059 793 4106 sua
813 4042 896 4106 actio
918 4046 992 4103 aute
1016 4039 1124 4104 oculos
1146 4043 1258 4118 ponat,
1288 4035 1367 4098 haec

217 4142 291 4206 actio
307 4140 413 4221 magis
426 4140 593 4221 receptiva
607 4146 665 4206 est.
699 4139 791 4217 Quod
807 4139 942 4202 maxime
964 4136 1001 4200 lit
1015 4138 1048 4200 in
1062 4136 1169 4200 verbis
1184 4133 1366 4207 affectuum,

218 4238 350 4315 obires,
374 4255 438 4319 qua
460 4235 595 4302 allectus
618 4235 768 4314 efficitur,
792 4237 901 4316 itaque
923 4236 1056 4310 iterum,
1084 4239 1121 4298 ut
1144 4249 1241 4311 supra
1263 4231 1295 4294 in
1317 4248 1369 4294 ac·

220 4337 356 4403 cusativo
375 4335 573 4412 directionis
596 4354 693 4401 causa
715 4336 874 4400 obiectum
895 4338 958 4409 est,
983 4338 1019 4396 ut
1042 4335 1125 4408 torro
1148 4350 1250 4391 casum
1271 4331 1368 4396 amici,
