3125 5075
481 394 537 433 INF.
553 394 607 431 PitO
623 393 751 432 OBIEOTO
767 393 936 433 ΙΙΕΙΙΟΤΙΟΙΙΕ
951 393 1080 436 Poslrus.
1314 400 1357 461 43

200 598 324 657 wara
354 582 421 644 iace
451 585 598 660 asspendi
625 601 774 657 querere
824 581 912 648 esis.
935 579 977 659 V,
1008 584 1046 660 2,
1071 584 1128 646 oe:
1163 582 1289 655 Tem
1317 583 1360 642 eat

201 679 368 750 name
394 683 464 744 hinc
491 700 548 744 me.
594 679 688 747 Most.
711 679 825 758 ΙΙΙ,2,
855 684 910 745 25ι
945 686 1057 755 masa
1085 698 1163 742 nuno
1192 685 1235 739 ast
1255 696 1357 740 sanan

202 776 284 838 hanc
307 779 426 852 adloqui
448 781 528 839 mihi.
560 777 688 841 Terent.
712 777 790 842 Hec.
814 776 852 855 V,
874 784 905 854 a,
927 782 962 841 2:
984 780 1030 840 Na
1052 796 1099 840 me
1121 780 1151 838 in
1174 780 1265 839 braia
1287 794 1357 838 con-

199 876 290 938 licias
311 880 422 949 tmpus
443 878 551 953 gaudio
574 879 629 938 hoc
652 876 729 938 iaiso
751 877 825 948 trid,
847 875 888 940 ad
909 892 939 955 a
962 875 987 938 l..
1007 872 1243 939 Sehmiedarus:
1279 873 1358 953 „frui

201 976 254 1038 sat
275 970 391 1038 Graes.
415 989 504 1038 more
525 989 600 1053 pro:
625 982 658 1035 ut
681 975 773 1038 fruar.
816 972 890 1038 Non
911 991 985 1037 raro
1007 982 1124 1050 amous
1147 971 1290 1051 iungitur
1310 971 1359 1033 in·

200 1066 329 1136 finitiva
350 1088 410 1149 pro
433 1071 602 1150 gerundi03
626 1080 742 1148 tempus
761 1075 869 1148 gaudio
883 1071 943 1134 frui
958 1076 1010 1135 est
1024 1076 1152 1150 tempus
1167 1066 1356 1150 gaudes&

198 1166 355 1234 Fortasse
377 1167 439 1233 huc
461 1174 609 1248 spectant
630 1168 725 1233 etiam
750 1168 855 1233 omnia
876 1187 914 1232 ea
938 1166 1093 1249 exempla,
1116 1166 1171 1231 ubi
1193 1168 1295 1230 lubido
1311 1175 1359 1230 ast

203 1265 353 1345 monitor
374 1263 559 1346 infinitivus,
581 1284 663 1347 quae
685 1266 871 1333 dubitanter
893 1266 934 1329 ad
956 1267 976 1343 ὅ
1000 1270 1018 1330 2
1040 1265 1150 1331 retuli.

288 1363 318 1428 b.
346 1366 512 1427 Adiectioo.
557 1364 661 1430 Plaut.
685 1364 770 1430 Trin.
796 1382 824 1429 r.
850 1368 888 1428 76
913 1363 952 1443 (Ι,
976 1369 1006 1442 2,
1030 1364 1103 1439 39)τ
1138 1374 1172 1425 nt
1199 1370 1229 1425 te
1256 1364 1358 1424 rddere

204 1461 367 1539 “dieque
396 1466 509 1536 asarota·
529 1467 617 1525 sient.
675 1460 915 1528 Schmisoerus:
947 1459 1188 1541 „aversentur.“
1242 1459 1359 1524 Linde·

205 1574 351 1626 masam:
375 1579 467 1636 „cum
491 1566 522 1624 te
543 1560 671 1625 rideant
693 1559 896 1626 audiantve.“
941 1559 1055 1626 Imma:
1078 1561 1105 1625 si
1127 1558 1160 1623 id
1180 1558 1298 1639 agitur,
1322 1562 1359 1621 ut

206 1660 239 1720 te
271 1656 403 1722 rideant
434 1658 637 1736 audiantque.
682 1658 773 1738 Epid.
796 1657 845 1736 11,
867 1663 903 1737 2,
929 1664 980 1723 13;
1017 1679 1074 1736 per
1106 1676 1219 1719 onmem
1255 1658 1357 1717 arbem

208 1772 296 1831 quem
326 1775 388 1817 sum
417 1758 550 1829 defessas
577 1775 726 1829 quaerere.
772 1756 811 1827 V,
834 1762 864 1834 2,
888 1762 942 1823 55;
976 1760 1041 1833 Ego
1070 1776 1133 1817 sm
1160 1756 1291 1827 det'saas
1312 1772 1358 1815 ro-

193 1854 315 1927 pertre.
338 1874 390 1915 ros
412 1856 518 1927 defessi
539 1874 688 1927 quaerere.
736 1852 832 1918 Mero·
855 1852 909 1931 lv,
934 1861 963 1933 5,
988 1860 1020 1919 3:
1052 1856 1195 1928 Defessus
1221 1872 1286 1913 sun
1309 1869 1357 1912 ur·

200 1952 271 2012 bem
294 1961 387 2014 totam
405 1955 609 2026 perversores.
655 1951 769 2016 Pseud.
794 1951 851 2030 IV,
875 1958 903 2026 7,
927 1959 959 2017 3:
984 1972 1067 2016 suum
1083 1955 1133 2028 qui
1156 1951 1287 2013 officium
1309 1950 1358 2021 sa·

200 2066 266 2110 aare
293 2051 437 2108 tranem
465 2062 520 2111 est.
566 2050 659 2114 Ennii
690 2047 791 2111 aranei.
818 2048 837 2111 l.
862 2050 938 2126 VII,
966 2049 1004 2113 ir.
1031 2054 1084 2113 ln:
1119 2052 1197 2111 aiter
1220 2064 1358 2122 mre

195 2152 349 2221 μαίνει.
393 2145 498 2210 Plaut.
519 2146 630 2226 fragm.
656 2145 776 2212 Cistell.
801 2165 831 2225 p.
854 2152 931 2211 atr:
960 2147 1055 2222 potin¹
1084 2168 1117 2209 es
1145 2155 1177 2206 ta
1200 2149 1288 2207 homo
1310 2145 1357 2205 ta·

202 2246 289 2306 cinus
311 2245 411 2315 facere
434 2246 610 2308 strenuum?

290 2360 315 2405 o.
352 2346 455 2406 Verba.
487 2342 567 2407 Cato
590 2343 621 2406 in
643 2343 744 2423 origg.
768 2342 788 2406 l.
812 2342 889 2406 VII:
922 2347 1020 2405 Malta
1046 2361 1092 2404 me
1114 2342 1273 2402 acoorm
1289 2344 1361 2401 sant

203 2439 263 2502 hae
280 2442 413 2515 prodire.
458 2440 494 2505 R.
519 2440 556 2505 R.
580 2460 606 2506 e.
634 2447 760 2505 1:1reva
789 2458 882 2515 opera
911 2452 964 2503 tua
983 2459 1097 2515 parcae
1121 2443 1230 2508 sisara,
1257 2448 1288 2498 et
1320 2455 1356 2496 ne

203 2540 278 2600 satis
312 2541 421 2601 labeas
456 2545 546 2603 semel
580 2542 741 2602 circumire.
787 2536 891 2603 Picus
918 2540 1012 2618 epid.
1036 2536 1101 2618 ΙΙΙ,
1127 2545 1163 2614 t,
1192 2542 1245 2601 28:
1281 2539 1359 2598 Nam

205 2637 276 2712 quid
300 2657 353 2712 ego
377 2642 454 2723 apud
478 2649 507 2699 ta
525 2658 651 2713 paream
671 2640 827 2713 proloqui?
872 2636 986 2701 Bacch.
999 2636 1055 2716 IV,
1068 2642 1097 2712 8,
1110 2641 1164 2699 69:
1188 2638 1265 2698 Care
1286 2651 1359 2708 par·

204 2736 246 2795 sie
274 2739 303 2795 in
332 2753 396 2795 eum
425 2739 526 2799 dicere.
576 2737 663 2800 Pers.
688 2735 732 2812 ΙΙ,
758 2742 792 2814 5,
818 2741 870 2800 ll:
905 2755 1044 2812 pressare
1074 2754 1175 2811 parce.
1227 2732 1355 2796 Terent.

204 2829 284 2896 Hee.
308 2830 366 2911 ΙΙΙ,
394 2840 420 2910 l,
445 2841 478 2898 2:
509 2838 633 2896 hancine
658 2855 711 2910 ego
735 2840 824 2897 vitam
841 2839 930 2909 parsi
947 2836 1093 2910 perdere?
1137 2831 1230 2896 Ennii
1254 2827 1357 2894 annal.

205 2928 225 2993 Ι
250 2927 354 3008 XVII,
378 2930 414 2994 fr.
440 2938 466 2995 5.
492 2952 519 2996 v.
543 2939 621 2996 425:
644 2936 750 2993 fluctus
773 2936 909 2994 extollere
931 2939 1051 2995 certant.
1082 2929 1266 3010 Iphigeniae
1283 2926 1357 2990 fr.2

205 3027 255 3101 (F.
279 3048 307 3092 v.
331 3029 446 3108 pedum
470 3049 500 3110 p.
525 3034 586 3094 249
610 3030 677 3101 Ml:

500 3132 647 3202 Procede;
672 3131 793 3205 gradum
811 3130 951 3204 proferre
973 3131 1080 3203 pedara

503 3231 613 3289 Νέωνα.
663 3230 771 3290 Cessas
795 3227 858 3286 —?

206 3318 368 3385 Telamon.
385 3321 421 3386 ir.
435 3329 469 3388 8:
495 3331 571 3389 Dein
597 3332 676 3389 senis
699 3342 744 3386 me
769 3326 868 3397 facere
889 3328 1000 3400 pietas,
1024 3325 1131 3385 civium
1143 3325 1242 3397 parcet
1257 3321 1361 3395 pudor.

206 3413 382 3484 'Alexandri
405 3420 441 3486 fr.
467 3430 494 3500 1,
518 3444 546 3487 v.
571 3429 625 3488 67:
657 3431 841 3500 temperaret
872 3426 988 3484 toliere.
1034 3419 1137 3486 Plaut.
1162 3418 1258 3483 Poen.
1281 3412 1361 3495 prol.

207 3520 264 3582 22:
289 3521 418 3582 dormire
443 3533 618 3599 temperent.
664 3539 693 3585 v.
711 3526 765 3586 33:
793 3524 910 3584 Canora
931 3523 978 3581 hic
1002 3539 1073 3583 roes
1097 3538 1150 3579 sua
1170 3518 1279 3577 tinnire
1295 3519 1363 3574 teor-

203 3625 319 3696 pereat.
366 3617 404 3697 V,
429 3626 457 3697 2,
483 3626 537 3684 76;
562 3624 741 3683 Maledicere
763 3622 833 3681 huic
855 3629 886 3679 tu
910 3620 1089 3694 terraierabis.
1117 3614 1208 3679 Cure.
1223 3610 1249 3692 Ι,
1263 3618 1292 3690 3,
1308 3615 1363 3674 24;

208 3719 286 3779 Dum
310 3723 349 3779 mi
372 3722 541 3794 apstiaeont
560 3723 700 3782 incidere.
746 3715 790 3796 V,.
808 3721 837 3794 2,
862 3720 915 3779 72:
941 3719 1016 3791 Quid
1040 3732 1144 3792 cesam,
1166 3715 1263 3786 miles,
1286 3712 1363 3771 hano

208 3817 279 3878 nuic
304 3836 422 3877 uxorem
446 3818 538 3880 ddre?
575 3817 711 3892 Persi,
736 3821 764 3894 3,
789 3818 844 3878 32:
869 3818 939 3892 quid
961 3832 1105 3876 cessamus
1127 3814 1272 3889 proelium
1289 3822 1364 3868 cora

207 3921 344 3980 mittere?
387 3912 429 3992 II,
453 3922 482 3995 2,
509 3923 564 3980 15:
595 3923 680 3982 Cesso
709 3916 753 3974 ire
776 3933 844 3989 ego,
872 3934 930 3990 quo
952 3916 1044 3974 missa
1067 3910 1152 3974 sum?
1196 3905 1253 3984 IV,
1275 3911 1305 3984 4,
1328 3908 1363 3969 3:

208 4017 359 4092 Numquid
380 4022 529 4097 principio
552 4018 676 4078 cessavit
698 4016 818 4074 verbum
842 4013 929 4072 docte
952 4011 1070 4071 dicere?
1115 4007 1170 4085 IV,
1186 4012 1215 4084 9,
1232 4011 1264 4069 5;
1288 4003 1365 4079 Quid

210 4133 266 4191 ego
289 4116 381 4188 igitur
403 4137 479 4180 cesso
502 4117 606 4177 infelix
629 4112 821 4174 lamentarier
836 4113 898 4168 -ἓ
918 4107 1033 4172 Bacch.
1050 4107 1088 4186 V,
1104 4112 1133 4186 2,
1151 4111 1206 4171 52;
1230 4106 1271 4166 Ut
1286 4106 1365 4163 istuc

211 4214 352 4279 delictum
376 4217 499 4278 decisas
521 4223 604 4276 tanto
627 4229 718 4288 opere
745 4211 790 4269 ire
812 4217 1023 4284 oppugnatum.
1066 4204 1149 4272 nun.
1172 4202 1232 4280 111,
1255 4208 1284 4280 3,
1309 4203 1365 4265 20:

210 4318 328 4379 Desiste
354 4317 443 4377 dietis
472 4332 548 4375 nune
571 4322 630 4373 tam
655 4311 791 4371 maerent
820 4308 976 4370 emaciari.
1021 4303 1292 4381 Au1.11,s,15:
1328 4316 1365 4362 na

212 4434 332 4492 mam
349 4414 461 4490 perdas
478 4428 605 4486 poscere.
650 4405 774 4470 Lame:
800 4434 862 4485 „=
882 4404 914 4469 in
936 4401 1126 4483 poscendo.“
1170 4399 1264 4466 Most.
1281 4399 1319 4478 V,
1335 4402 1366 4478 2,
