<?xml version="1.0" encoding="UTF-8"?>
<!DOCTYPE html PUBLIC "-//W3C//DTD XHTML 1.0 Transitional//EN"
    "http://www.w3.org/TR/xhtml1/DTD/xhtml1-transitional.dtd">
<html xmlns="http://www.w3.org/1999/xhtml" xml:lang="en" lang="en">
 <head>
  <title>
</title>
<meta http-equiv="Content-Type" content="text/html;charset=utf-8" />
  <meta name='ocr-system' content='tesseract 3.04.00' />
  <meta name='ocr-capabilities' content='ocr_page ocr_carea ocr_par ocr_line ocrx_word'/>
</head>
<body>
  <div class='ocr_page' id='page_1' title='image "./syntaxispriscor00holtgoog_0107.png"; bbox 0 0 3125 5075; ppageno 0'>
   <div class='ocr_carea' id='block_1_1' title="bbox 225 367 947 439">
    <p class='ocr_par' dir='ltr' id='par_1_1' title="bbox 225 367 947 439">
     <span class='ocr_line' id='line_1_1' title="bbox 225 367 947 439; baseline -0.012 -23"><span class='ocrx_word' id='word_1_1' title='bbox 225 380 268 439; x_wconf 73' lang='lat' dir='ltr'>gg</span> <span class='ocrx_word' id='word_1_2' title='bbox 656 371 811 413; x_wconf 79' lang='lat' dir='ltr'>suerrasr.</span> <span class='ocrx_word' id='word_1_3' title='bbox 826 368 890 409; x_wconf 76' lang='lat' dir='ltr'>oar.</span> <span class='ocrx_word' id='word_1_4' title='bbox 905 367 947 408; x_wconf 87' lang='lat' dir='ltr'>ur.</span> 
     </span>
    </p>
   </div>
   <div class='ocr_carea' id='block_1_2' title="bbox 313 535 1379 625">
    <p class='ocr_par' dir='ltr' id='par_1_2' title="bbox 313 535 1379 625">
     <span class='ocr_line' id='line_1_2' title="bbox 313 535 1379 625; baseline -0.006 -17"><span class='ocrx_word' id='word_1_5' title='bbox 313 548 361 609; x_wconf 88' lang='lat'>19.</span> <span class='ocrx_word' id='word_1_6' title='bbox 384 543 486 609; x_wconf 85' lang='lat' dir='ltr'>Porro</span> <span class='ocrx_word' id='word_1_7' title='bbox 508 545 570 609; x_wconf 85' lang='lat' dir='ltr'>huo</span> <span class='ocrx_word' id='word_1_8' title='bbox 598 544 760 625; x_wconf 85' lang='lat' dir='ltr'>pertinent</span> <span class='ocrx_word' id='word_1_9' title='bbox 787 541 938 609; x_wconf 89' lang='lat' dir='ltr'>adverbia</span> <span class='ocrx_word' id='word_1_10' title='bbox 966 537 1129 617; x_wconf 84' lang='lat' dir='ltr'>nonnulla,</span> <span class='ocrx_word' id='word_1_11' title='bbox 1158 553 1240 617; x_wconf 88' lang='lat' dir='ltr'>qnae</span> <span class='ocrx_word' id='word_1_12' title='bbox 1265 535 1379 602; x_wconf 90' lang='lat' dir='ltr'>deinde</span> 
     </span>
    </p>
   </div>
   <div class='ocr_carea' id='block_1_3' title="bbox 223 633 1380 817">
    <p class='ocr_par' dir='ltr' id='par_1_3' title="bbox 223 633 1380 817">
     <span class='ocr_line' id='line_1_3' title="bbox 223 633 1377 722; baseline -0.007 -16"><span class='ocrx_word' id='word_1_13' title='bbox 223 640 257 706; x_wconf 91' lang='lat' dir='ltr'>in</span> <span class='ocrx_word' id='word_1_14' title='bbox 278 641 532 722; x_wconf 77' lang='lat' dir='ltr'>praepositiones</span> <span class='ocrx_word' id='word_1_15' title='bbox 555 660 589 707; x_wconf 87' lang='lat' dir='ltr'>se</span> <span class='ocrx_word' id='word_1_16' title='bbox 611 644 844 708; x_wconf 79' lang='lat' dir='ltr'>converterunt.</span> <span class='ocrx_word' id='word_1_17' title='bbox 889 641 995 715; x_wconf 72' lang='lat' dir='ltr'>Sapra.</span> <span class='ocrx_word' id='word_1_18' title='bbox 1028 634 1108 702; x_wconf 82' lang='lat' dir='ltr'>Cato</span> <span class='ocrx_word' id='word_1_19' title='bbox 1130 633 1168 699; x_wconf 77' lang='lat' dir='ltr'>R</span> <span class='ocrx_word' id='word_1_20' title='bbox 1189 633 1227 699; x_wconf 74' lang='lat' dir='ltr'>R</span> <span class='ocrx_word' id='word_1_21' title='bbox 1251 652 1278 699; x_wconf 89' lang='lat' dir='ltr'>o.</span> <span class='ocrx_word' id='word_1_22' title='bbox 1304 639 1377 699; x_wconf 79' lang='lat' dir='ltr'>lov:</span> 
     </span>
     <span class='ocr_line' id='line_1_4' title="bbox 225 711 1380 817; baseline -0.004 -14"><span class='ocrx_word' id='word_1_23' title='bbox 225 742 354 803; x_wconf 83' lang='lat' dir='ltr'>validior</span> <span class='ocrx_word' id='word_1_24' title='bbox 378 748 437 815; x_wconf 87' lang='lat' dir='ltr'>ost,</span> <span class='ocrx_word' id='word_1_25' title='bbox 466 760 552 816; x_wconf 88' lang='lat' dir='ltr'>qnam</span> <span class='ocrx_word' id='word_1_26' title='bbox 583 758 658 817; x_wconf 84' lang='lat' dir='ltr'>quae</span> <span class='ocrx_word' id='word_1_27' title='bbox 680 742 909 817; x_wconf 73' lang='lat' dir='ltr'>suprascripta</span> <span class='ocrx_word' id='word_1_28' title='bbox 935 746 990 801; x_wconf 83' lang='lat' dir='ltr'>est</span> <span class='ocrx_word' id='word_1_29' title='bbox 1034 711 1229 799; x_wconf 78' lang='lat' dir='ltr'>Adverbiuri</span> <span class='ocrx_word' id='word_1_30' title='bbox 1251 736 1380 798; x_wconf 66' lang='lat' dir='ltr'>iosias</span> 
     </span>
    </p>
   </div>
   <div class='ocr_carea' id='block_1_4' title="bbox 223 829 1378 919">
    <p class='ocr_par' dir='ltr' id='par_1_4' title="bbox 223 829 1378 919">
     <span class='ocr_line' id='line_1_5' title="bbox 223 829 1378 919; baseline -0.005 -19"><span class='ocrx_word' id='word_1_31' title='bbox 223 835 339 901; x_wconf 91' lang='lat' dir='ltr'>Plauto</span> <span class='ocrx_word' id='word_1_32' title='bbox 360 853 457 917; x_wconf 82' lang='lat' dir='ltr'>saepe</span> <span class='ocrx_word' id='word_1_33' title='bbox 479 837 681 919; x_wconf 86' lang='lat' dir='ltr'>coniungitur</span> <span class='ocrx_word' id='word_1_34' title='bbox 702 854 773 901; x_wconf 90' lang='lat' dir='ltr'>eum</span> <span class='ocrx_word' id='word_1_35' title='bbox 796 835 1030 917; x_wconf 81' lang='lat' dir='ltr'>praepositione</span> <span class='ocrx_word' id='word_1_36' title='bbox 1051 852 1127 911; x_wconf 73' lang='lat' dir='ltr'>erm,</span> <span class='ocrx_word' id='word_1_37' title='bbox 1149 832 1196 895; x_wconf 84' lang='lat' dir='ltr'>ita</span> <span class='ocrx_word' id='word_1_38' title='bbox 1216 834 1254 895; x_wconf 87' lang='lat' dir='ltr'>nt</span> <span class='ocrx_word' id='word_1_39' title='bbox 1275 829 1378 902; x_wconf 78' lang='lat' dir='ltr'>(Lind.</span> 
     </span>
    </p>
   </div>
   <div class='ocr_carea' id='block_1_5' title="bbox 219 930 1378 1794">
    <p class='ocr_par' dir='ltr' id='par_1_5' title="bbox 219 930 1378 1794">
     <span class='ocr_line' id='line_1_6' title="bbox 225 930 1376 1015; baseline -0.008 -16"><span class='ocrx_word' id='word_1_40' title='bbox 225 934 266 999; x_wconf 93' lang='lat' dir='ltr'>ad</span> <span class='ocrx_word' id='word_1_41' title='bbox 287 934 354 1000; x_wconf 86' lang='lat' dir='ltr'>Mil.</span> <span class='ocrx_word' id='word_1_42' title='bbox 376 934 418 1015; x_wconf 88' lang='lat'>11,</span> <span class='ocrx_word' id='word_1_43' title='bbox 442 940 470 1013; x_wconf 86' lang='grc'>2,</span> <span class='ocrx_word' id='word_1_44' title='bbox 493 937 546 1012; x_wconf 86' lang='grc'>81)</span> <span class='ocrx_word' id='word_1_45' title='bbox 571 934 704 1000; x_wconf 88' lang='lat' dir='ltr'>eundem</span> <span class='ocrx_word' id='word_1_46' title='bbox 734 934 853 999; x_wconf 83' lang='lat' dir='ltr'>habeat</span> <span class='ocrx_word' id='word_1_47' title='bbox 875 930 1138 1015; x_wconf 82' lang='lat' dir='ltr'>significationem</span> <span class='ocrx_word' id='word_1_48' title='bbox 1167 946 1205 993; x_wconf 87' lang='lat' dir='ltr'>ao</span> <span class='ocrx_word' id='word_1_49' title='bbox 1227 931 1376 1003; x_wconf 82' lang='lat' dir='ltr'>similiter,</span> 
     </span>
     <span class='ocr_line' id='line_1_7' title="bbox 223 1025 1378 1112; baseline -0.004 -17"><span class='ocrx_word' id='word_1_50' title='bbox 223 1051 327 1110; x_wconf 86' lang='lat' dir='ltr'>aeque.</span> <span class='ocrx_word' id='word_1_51' title='bbox 359 1031 474 1098; x_wconf 83' lang='lat' dir='ltr'>Pseud.</span> <span class='ocrx_word' id='word_1_52' title='bbox 497 1031 554 1111; x_wconf 87' lang='lat' dir='ltr'>lv,</span> <span class='ocrx_word' id='word_1_53' title='bbox 578 1038 607 1112; x_wconf 87' lang='grc'>7,</span> <span class='ocrx_word' id='word_1_54' title='bbox 631 1037 685 1097; x_wconf 87' lang='grc'>62;</span> <span class='ocrx_word' id='word_1_55' title='bbox 708 1035 801 1095; x_wconf 75' lang='lat' dir='ltr'>loeta</span> <span class='ocrx_word' id='word_1_56' title='bbox 823 1053 889 1095; x_wconf 71' lang='lat' dir='ltr'>aem</span> <span class='ocrx_word' id='word_1_57' title='bbox 910 1032 1113 1110; x_wconf 76' lang='lat' dir='ltr'>ignarissnmis</span> <span class='ocrx_word' id='word_1_58' title='bbox 1130 1026 1274 1106; x_wconf 85' lang='lat' dir='ltr'>(nescio).</span> <span class='ocrx_word' id='word_1_59' title='bbox 1304 1025 1378 1090; x_wconf 80' lang='lat' dir='ltr'>Aul.</span> 
     </span>
     <span class='ocr_line' id='line_1_8' title="bbox 222 1122 1378 1209; baseline -0.005 -15"><span class='ocrx_word' id='word_1_60' title='bbox 222 1128 277 1209; x_wconf 85' lang='lat' dir='ltr'>lv,</span> <span class='ocrx_word' id='word_1_61' title='bbox 303 1136 332 1206; x_wconf 86' lang='lat'>7,</span> <span class='ocrx_word' id='word_1_62' title='bbox 357 1136 390 1194; x_wconf 83' lang='lat'>1:</span> <span class='ocrx_word' id='word_1_63' title='bbox 415 1133 509 1192; x_wconf 77' lang='lat' dir='ltr'>quta</span> <span class='ocrx_word' id='word_1_64' title='bbox 530 1150 592 1193; x_wconf 88' lang='lat' dir='ltr'>reru</span> <span class='ocrx_word' id='word_1_65' title='bbox 614 1151 726 1193; x_wconf 67' lang='lat' dir='ltr'>mosim</span> <span class='ocrx_word' id='word_1_66' title='bbox 748 1140 831 1193; x_wconf 87' lang='lat' dir='ltr'>tenes</span> <span class='ocrx_word' id='word_1_67' title='bbox 855 1134 951 1208; x_wconf 86' lang='lat' dir='ltr'>Super</span> <span class='ocrx_word' id='word_1_68' title='bbox 974 1130 1127 1191; x_wconf 79' lang='lat' dir='ltr'>Euclionis</span> <span class='ocrx_word' id='word_1_69' title='bbox 1149 1127 1218 1187; x_wconf 79' lang='lat' dir='ltr'>iilia</span> <span class='ocrx_word' id='word_1_70' title='bbox 1242 1123 1331 1188; x_wconf 85' lang='lat' dir='ltr'>Trin.</span> <span class='ocrx_word' id='word_1_71' title='bbox 1352 1122 1378 1203; x_wconf 93' lang='grc' dir='ltr'>Ι,</span> 
     </span>
     <span class='ocr_line' id='line_1_9' title="bbox 223 1223 1377 1308; baseline -0.006 -16"><span class='ocrx_word' id='word_1_72' title='bbox 223 1231 350 1308; x_wconf 59' lang='lat'>2160:</span> <span class='ocrx_word' id='word_1_73' title='bbox 383 1232 534 1305; x_wconf 71' lang='lat' dir='ltr'>laetoque</span> <span class='ocrx_word' id='word_1_74' title='bbox 563 1246 627 1290; x_wconf 86' lang='lat' dir='ltr'>earn</span> <span class='ocrx_word' id='word_1_75' title='bbox 651 1248 811 1291; x_wconf 80' lang='lat' dir='ltr'>euroeam</span> <span class='ocrx_word' id='word_1_76' title='bbox 833 1248 907 1290; x_wconf 82' lang='lat' dir='ltr'>meo.</span> <span class='ocrx_word' id='word_1_77' title='bbox 945 1227 1032 1292; x_wconf 85' lang='lat' dir='ltr'>Pers.</span> <span class='ocrx_word' id='word_1_78' title='bbox 1054 1223 1109 1303; x_wconf 88' lang='lat' dir='ltr'>IV,</span> <span class='ocrx_word' id='word_1_79' title='bbox 1133 1228 1163 1301; x_wconf 85' lang='lat'>3,</span> <span class='ocrx_word' id='word_1_80' title='bbox 1187 1227 1245 1286; x_wconf 81' lang='lat'>75:</span> <span class='ocrx_word' id='word_1_81' title='bbox 1282 1224 1377 1285; x_wconf 67' lang='lat' dir='ltr'>quta</span> 
     </span>
     <span class='ocr_line' id='line_1_10' title="bbox 223 1324 1378 1406; baseline -0.006 -18"><span class='ocrx_word' id='word_1_82' title='bbox 223 1332 315 1388; x_wconf 73' lang='lat' dir='ltr'>iseum</span> <span class='ocrx_word' id='word_1_83' title='bbox 342 1346 436 1403; x_wconf 90' lang='lat' dir='ltr'>aeque</span> <span class='ocrx_word' id='word_1_84' title='bbox 460 1329 532 1389; x_wconf 88' lang='lat' dir='ltr'>seio.</span> <span class='ocrx_word' id='word_1_85' title='bbox 576 1324 643 1390; x_wconf 90' lang='lat' dir='ltr'>Mil.</span> <span class='ocrx_word' id='word_1_86' title='bbox 671 1325 713 1406; x_wconf 87' lang='lat' dir='ltr'>H,</span> <span class='ocrx_word' id='word_1_87' title='bbox 741 1330 770 1404; x_wconf 83' lang='lat'>2,</span> <span class='ocrx_word' id='word_1_88' title='bbox 800 1330 856 1390; x_wconf 85' lang='lat'>79:</span> <span class='ocrx_word' id='word_1_89' title='bbox 886 1335 920 1388; x_wconf 88' lang='lat' dir='ltr'>ut</span> <span class='ocrx_word' id='word_1_90' title='bbox 939 1328 1018 1388; x_wconf 79' lang='lat' dir='ltr'>scias</span> <span class='ocrx_word' id='word_1_91' title='bbox 1044 1326 1140 1384; x_wconf 73' lang='lat' dir='ltr'>lueto</span> <span class='ocrx_word' id='word_1_92' title='bbox 1166 1339 1280 1382; x_wconf 70' lang='lat' dir='ltr'>mamm</span> <span class='ocrx_word' id='word_1_93' title='bbox 1311 1338 1378 1382; x_wconf 85' lang='lat' dir='ltr'>mea</span> 
     </span>
     <span class='ocr_line' id='line_1_11' title="bbox 222 1419 1378 1504; baseline -0.004 -19"><span class='ocrx_word' id='word_1_94' title='bbox 222 1427 356 1486; x_wconf 83' lang='lat' dir='ltr'>consilia.</span> <span class='ocrx_word' id='word_1_95' title='bbox 400 1422 487 1488; x_wconf 88' lang='lat' dir='ltr'>Pers.</span> <span class='ocrx_word' id='word_1_96' title='bbox 511 1422 805 1504; x_wconf 73' lang='lat' dir='ltr'>1L2,sv:1neta</span> <span class='ocrx_word' id='word_1_97' title='bbox 827 1431 934 1502; x_wconf 68' lang='lat' dir='ltr'>mam,</span> <span class='ocrx_word' id='word_1_98' title='bbox 957 1427 983 1486; x_wconf 85' lang='lat' dir='ltr'>si</span> <span class='ocrx_word' id='word_1_99' title='bbox 1005 1430 1038 1483; x_wconf 94' lang='lat' dir='ltr'>tn</span> <span class='ocrx_word' id='word_1_100' title='bbox 1060 1422 1171 1482; x_wconf 86' lang='lat' dir='ltr'>neseio.</span> <span class='ocrx_word' id='word_1_101' title='bbox 1194 1452 1236 1463; x_wconf 91' lang='lat'>—</span> <span class='ocrx_word' id='word_1_102' title='bbox 1265 1419 1378 1480; x_wconf 70' lang='lat' dir='ltr'>mm</span> 
     </span>
     <span class='ocr_line' id='line_1_12' title="bbox 219 1515 1373 1602; baseline -0.003 -20"><span class='ocrx_word' id='word_1_103' title='bbox 219 1523 278 1584; x_wconf 90' lang='lat' dir='ltr'>aut</span> <span class='ocrx_word' id='word_1_104' title='bbox 299 1518 558 1601; x_wconf 76' lang='lat' dir='ltr'>significationem</span> <span class='ocrx_word' id='word_1_105' title='bbox 580 1520 677 1586; x_wconf 87' lang='lat' dir='ltr'>habet</span> <span class='ocrx_word' id='word_1_106' title='bbox 698 1520 768 1600; x_wconf 86' lang='lat' dir='ltr'>loci,</span> <span class='ocrx_word' id='word_1_107' title='bbox 792 1526 850 1586; x_wconf 89' lang='lat' dir='ltr'>aut</span> <span class='ocrx_word' id='word_1_108' title='bbox 866 1521 996 1602; x_wconf 89' lang='lat' dir='ltr'>ponitur</span> <span class='ocrx_word' id='word_1_109' title='bbox 1021 1519 1054 1583; x_wconf 92' lang='lat' dir='ltr'>in</span> <span class='ocrx_word' id='word_1_110' title='bbox 1075 1515 1281 1597; x_wconf 79' lang='lat' dir='ltr'>designandis</span> <span class='ocrx_word' id='word_1_111' title='bbox 1303 1533 1373 1595; x_wconf 87' lang='lat' dir='ltr'>per·</span> 
     </span>
     <span class='ocr_line' id='line_1_13' title="bbox 221 1613 1375 1699; baseline -0.004 -16"><span class='ocrx_word' id='word_1_112' title='bbox 221 1618 308 1683; x_wconf 88' lang='lat' dir='ltr'>sonis</span> <span class='ocrx_word' id='word_1_113' title='bbox 335 1617 386 1683; x_wconf 86' lang='lat' dir='ltr'>vel</span> <span class='ocrx_word' id='word_1_114' title='bbox 415 1618 511 1683; x_wconf 85' lang='lat' dir='ltr'>rebus</span> <span class='ocrx_word' id='word_1_115' title='bbox 538 1618 741 1699; x_wconf 92' lang='lat' dir='ltr'>opponendis.</span> <span class='ocrx_word' id='word_1_116' title='bbox 784 1619 882 1684; x_wconf 86' lang='lat' dir='ltr'>Naev.</span> <span class='ocrx_word' id='word_1_117' title='bbox 911 1618 1048 1699; x_wconf 77' lang='lat' dir='ltr'>Lyeurg.</span> <span class='ocrx_word' id='word_1_118' title='bbox 1078 1613 1117 1680; x_wconf 87' lang='lat' dir='ltr'>ir.</span> <span class='ocrx_word' id='word_1_119' title='bbox 1143 1619 1196 1680; x_wconf 85' lang='lat'>13:</span> <span class='ocrx_word' id='word_1_120' title='bbox 1230 1616 1311 1678; x_wconf 78' lang='lat' dir='ltr'>cave</span> <span class='ocrx_word' id='word_1_121' title='bbox 1335 1617 1375 1678; x_wconf 82' lang='lat' dir='ltr'>sir</span> 
     </span>
     <span class='ocr_line' id='line_1_14' title="bbox 223 1710 1377 1794; baseline -0.003 -15"><span class='ocrx_word' id='word_1_122' title='bbox 223 1723 304 1779; x_wconf 86' lang='lat' dir='ltr'>tuam</span> <span class='ocrx_word' id='word_1_123' title='bbox 328 1717 491 1779; x_wconf 83' lang='lat' dir='ltr'>contendas</span> <span class='ocrx_word' id='word_1_124' title='bbox 513 1719 588 1779; x_wconf 89' lang='lat' dir='ltr'>iram</span> <span class='ocrx_word' id='word_1_125' title='bbox 612 1726 718 1779; x_wconf 85' lang='lat' dir='ltr'>eontra</span> <span class='ocrx_word' id='word_1_126' title='bbox 740 1736 806 1779; x_wconf 88' lang='lat' dir='ltr'>cnm</span> <span class='ocrx_word' id='word_1_127' title='bbox 829 1722 875 1780; x_wconf 86' lang='lat' dir='ltr'>ira</span> <span class='ocrx_word' id='word_1_128' title='bbox 889 1719 1000 1778; x_wconf 88' lang='lat' dir='ltr'>Liberi.</span> <span class='ocrx_word' id='word_1_129' title='bbox 1025 1714 1136 1794; x_wconf 88' lang='lat' dir='ltr'>Lupus</span> <span class='ocrx_word' id='word_1_130' title='bbox 1159 1731 1187 1776; x_wconf 90' lang='lat' dir='ltr'>v.</span> <span class='ocrx_word' id='word_1_131' title='bbox 1208 1716 1259 1777; x_wconf 87' lang='lat'>64.</span> <span class='ocrx_word' id='word_1_132' title='bbox 1282 1710 1377 1776; x_wconf 83' lang='lat' dir='ltr'>Ennii</span> 
     </span>
    </p>
   </div>
   <div class='ocr_carea' id='block_1_6' title="bbox 219 1810 1373 1894">
    <p class='ocr_par' dir='ltr' id='par_1_6' title="bbox 219 1810 1373 1894">
     <span class='ocr_line' id='line_1_15' title="bbox 219 1810 1373 1894; baseline -0.006 -15"><span class='ocrx_word' id='word_1_133' title='bbox 219 1814 323 1879; x_wconf 87' lang='lat' dir='ltr'>annal.</span> <span class='ocrx_word' id='word_1_134' title='bbox 344 1812 364 1876; x_wconf 83' lang='grc' dir='ltr'>Ι.</span> <span class='ocrx_word' id='word_1_135' title='bbox 388 1811 491 1890; x_wconf 83' lang='lat' dir='ltr'>XVII,</span> <span class='ocrx_word' id='word_1_136' title='bbox 514 1810 551 1877; x_wconf 86' lang='lat' dir='ltr'>fr.</span> <span class='ocrx_word' id='word_1_137' title='bbox 575 1818 605 1894; x_wconf 82' lang='lat'>5,</span> <span class='ocrx_word' id='word_1_138' title='bbox 628 1834 656 1879; x_wconf 90' lang='lat' dir='ltr'>v.</span> <span class='ocrx_word' id='word_1_139' title='bbox 679 1820 752 1880; x_wconf 83' lang='lat'>424.</span> <span class='ocrx_word' id='word_1_140' title='bbox 796 1814 977 1880; x_wconf 86' lang='lat' dir='ltr'>Telamonis</span> <span class='ocrx_word' id='word_1_141' title='bbox 1003 1810 1042 1877; x_wconf 86' lang='lat' dir='ltr'>fr.</span> <span class='ocrx_word' id='word_1_142' title='bbox 1064 1819 1095 1891; x_wconf 88' lang='lat'>4,</span> <span class='ocrx_word' id='word_1_143' title='bbox 1122 1829 1152 1876; x_wconf 88' lang='lat' dir='ltr'>v.</span> <span class='ocrx_word' id='word_1_144' title='bbox 1178 1814 1255 1876; x_wconf 81' lang='lat'>364:</span> <span class='ocrx_word' id='word_1_145' title='bbox 1285 1818 1373 1887; x_wconf 84' lang='lat' dir='ltr'>atque</span> 
     </span>
    </p>
   </div>
   <div class='ocr_carea' id='block_1_7' title="bbox 100 1912 1375 1993">
    <p class='ocr_par' dir='ltr' id='par_1_7' title="bbox 100 1912 1375 1993">
     <span class='ocr_line' id='line_1_16' title="bbox 100 1912 1375 1993; baseline -0.004 -19"><span class='ocrx_word' id='word_1_146' title='bbox 100 1989 103 1993; x_wconf 15' lang='lat'><strong>⁴</strong></span> <span class='ocrx_word' id='word_1_147' title='bbox 220 1916 301 1974; x_wconf 87' lang='lat' dir='ltr'>auris</span> <span class='ocrx_word' id='word_1_148' title='bbox 324 1914 379 1972; x_wconf 89' lang='lat' dir='ltr'>tibi</span> <span class='ocrx_word' id='word_1_149' title='bbox 401 1918 505 1973; x_wconf 74' lang='lat' dir='ltr'>contro</span> <span class='ocrx_word' id='word_1_150' title='bbox 526 1915 652 1975; x_wconf 81' lang='lat' dir='ltr'>utendae</span> <span class='ocrx_word' id='word_1_151' title='bbox 674 1915 759 1976; x_wconf 87' lang='lat' dir='ltr'>dabo.</span> <span class='ocrx_word' id='word_1_152' title='bbox 784 1912 837 1978; x_wconf 83' lang='lat' dir='ltr'>vr.</span> <span class='ocrx_word' id='word_1_153' title='bbox 860 1913 919 1977; x_wconf 90' lang='lat' dir='ltr'>ine.</span> <span class='ocrx_word' id='word_1_154' title='bbox 943 1917 1024 1991; x_wconf 78' lang='lat' dir='ltr'>trag.</span> <span class='ocrx_word' id='word_1_155' title='bbox 1048 1915 1104 1974; x_wconf 85' lang='lat'>24:</span> <span class='ocrx_word' id='word_1_156' title='bbox 1126 1913 1191 1987; x_wconf 85' lang='lat' dir='ltr'>quis</span> <span class='ocrx_word' id='word_1_157' title='bbox 1214 1929 1269 1971; x_wconf 92' lang='lat' dir='ltr'>nos</span> <span class='ocrx_word' id='word_1_158' title='bbox 1288 1918 1375 1986; x_wconf 80' lang='lat' dir='ltr'>peter</span> 
     </span>
    </p>
   </div>
   <div class='ocr_carea' id='block_1_8' title="bbox 197 2008 1373 4438">
    <p class='ocr_par' dir='ltr' id='par_1_8' title="bbox 197 2008 1373 4438">
     <span class='ocr_line' id='line_1_17' title="bbox 219 2008 1373 2089; baseline -0.002 -18"><span class='ocrx_word' id='word_1_159' title='bbox 219 2018 272 2071; x_wconf 86' lang='lat' dir='ltr'>aut</span> <span class='ocrx_word' id='word_1_160' title='bbox 294 2016 437 2087; x_wconf 81' lang='lat' dir='ltr'>cognatus</span> <span class='ocrx_word' id='word_1_161' title='bbox 460 2014 540 2073; x_wconf 84' lang='lat' dir='ltr'>volet</span> <span class='ocrx_word' id='word_1_162' title='bbox 564 2013 673 2073; x_wconf 78' lang='lat' dir='ltr'>Contra</span> <span class='ocrx_word' id='word_1_163' title='bbox 696 2013 794 2072; x_wconf 81' lang='lat' dir='ltr'>tueri?</span> <span class='ocrx_word' id='word_1_164' title='bbox 835 2009 940 2075; x_wconf 84' lang='lat' dir='ltr'>Plaut.</span> <span class='ocrx_word' id='word_1_165' title='bbox 961 2008 1033 2073; x_wconf 86' lang='lat' dir='ltr'>Aul.</span> <span class='ocrx_word' id='word_1_166' title='bbox 1057 2008 1136 2089; x_wconf 85' lang='lat' dir='ltr'>prol.</span> <span class='ocrx_word' id='word_1_167' title='bbox 1159 2024 1187 2069; x_wconf 89' lang='lat' dir='ltr'>v.</span> <span class='ocrx_word' id='word_1_168' title='bbox 1212 2010 1270 2070; x_wconf 74' lang='lat'>20:</span> <span class='ocrx_word' id='word_1_169' title='bbox 1298 2009 1373 2069; x_wconf 86' lang='lat' dir='ltr'>Item</span> 
     </span>
     <span class='ocr_line' id='line_1_18' title="bbox 219 2104 1371 2187; baseline 0.001 -18"><span class='ocrx_word' id='word_1_170' title='bbox 219 2125 305 2169; x_wconf 80' lang='lat' dir='ltr'>eme</span> <span class='ocrx_word' id='word_1_171' title='bbox 328 2112 431 2168; x_wconf 79' lang='lat' dir='ltr'>moira</span> <span class='ocrx_word' id='word_1_172' title='bbox 451 2106 599 2170; x_wconf 80' lang='lat' dir='ltr'>factumst.</span> <span class='ocrx_word' id='word_1_173' title='bbox 645 2108 759 2173; x_wconf 79' lang='lat' dir='ltr'>Bacch.</span> <span class='ocrx_word' id='word_1_174' title='bbox 782 2107 841 2187; x_wconf 89' lang='lat'>111,</span> <span class='ocrx_word' id='word_1_175' title='bbox 865 2113 895 2186; x_wconf 87' lang='grc'>6,</span> <span class='ocrx_word' id='word_1_176' title='bbox 919 2111 954 2171; x_wconf 88' lang='lat'>6:</span> <span class='ocrx_word' id='word_1_177' title='bbox 977 2109 1065 2170; x_wconf 91' lang='lat' dir='ltr'>adibo</span> <span class='ocrx_word' id='word_1_178' title='bbox 1087 2112 1197 2168; x_wconf 71' lang='lat' dir='ltr'>contra</span> <span class='ocrx_word' id='word_1_179' title='bbox 1240 2106 1308 2171; x_wconf 88' lang='lat' dir='ltr'>Mil.</span> <span class='ocrx_word' id='word_1_180' title='bbox 1332 2104 1371 2184; x_wconf 82' lang='lat' dir='ltr'>u,</span> 
     </span>
     <span class='ocr_line' id='line_1_19' title="bbox 222 2205 1372 2286; baseline -0.004 -17"><span class='ocrx_word' id='word_1_181' title='bbox 222 2210 249 2284; x_wconf 91' lang='lat' dir='ltr'>l,</span> <span class='ocrx_word' id='word_1_182' title='bbox 272 2210 328 2269; x_wconf 82' lang='lat'>45:</span> <span class='ocrx_word' id='word_1_183' title='bbox 351 2207 409 2267; x_wconf 90' lang='lat' dir='ltr'>Ubi</span> <span class='ocrx_word' id='word_1_184' title='bbox 430 2211 533 2266; x_wconf 70' lang='lat' dir='ltr'>eontra</span> <span class='ocrx_word' id='word_1_185' title='bbox 554 2209 671 2283; x_wconf 76' lang='lat' dir='ltr'>aspexit</span> <span class='ocrx_word' id='word_1_186' title='bbox 686 2224 741 2267; x_wconf 91' lang='lat' dir='ltr'>me.</span> <span class='ocrx_word' id='word_1_187' title='bbox 765 2205 858 2271; x_wconf 87' lang='lat' dir='ltr'>Most.</span> <span class='ocrx_word' id='word_1_188' title='bbox 882 2205 967 2286; x_wconf 85' lang='lat' dir='ltr'>V,1,</span> <span class='ocrx_word' id='word_1_189' title='bbox 992 2208 1049 2269; x_wconf 80' lang='lat'>56:</span> <span class='ocrx_word' id='word_1_190' title='bbox 1071 2207 1252 2281; x_wconf 82' lang='lat' dir='ltr'>Aspicedum</span> <span class='ocrx_word' id='word_1_191' title='bbox 1269 2210 1372 2270; x_wconf 75' lang='lat' dir='ltr'>eontra</span> 
     </span>
     <span class='ocr_line' id='line_1_20' title="bbox 216 2300 1370 2382; baseline 0 -17"><span class='ocrx_word' id='word_1_192' title='bbox 216 2320 274 2365; x_wconf 87' lang='lat' dir='ltr'>rue.</span> <span class='ocrx_word' id='word_1_193' title='bbox 317 2300 383 2366; x_wconf 86' lang='lat' dir='ltr'>Mil.</span> <span class='ocrx_word' id='word_1_194' title='bbox 406 2301 447 2382; x_wconf 88' lang='grc' dir='ltr'>ΙΙ,</span> <span class='ocrx_word' id='word_1_195' title='bbox 472 2307 500 2378; x_wconf 88' lang='grc'>2,</span> <span class='ocrx_word' id='word_1_196' title='bbox 522 2309 577 2369; x_wconf 84' lang='grc'>43;</span> <span class='ocrx_word' id='word_1_197' title='bbox 602 2304 680 2381; x_wconf 81' lang='lat' dir='ltr'>Quid</span> <span class='ocrx_word' id='word_1_198' title='bbox 701 2324 796 2382; x_wconf 79' lang='lat' dir='ltr'>agam,</span> <span class='ocrx_word' id='word_1_199' title='bbox 819 2324 906 2381; x_wconf 89' lang='lat' dir='ltr'>quem</span> <span class='ocrx_word' id='word_1_200' title='bbox 929 2307 1028 2365; x_wconf 88' lang='lat' dir='ltr'>dolum</span> <span class='ocrx_word' id='word_1_201' title='bbox 1051 2305 1155 2365; x_wconf 82' lang='lat' dir='ltr'>doloso</span> <span class='ocrx_word' id='word_1_202' title='bbox 1176 2309 1285 2363; x_wconf 78' lang='lat' dir='ltr'>eontra</span> <span class='ocrx_word' id='word_1_203' title='bbox 1304 2322 1370 2365; x_wconf 85' lang='lat' dir='ltr'>eon·</span> 
     </span>
     <span class='ocr_line' id='line_1_21' title="bbox 216 2400 1370 2481; baseline 0.003 -19"><span class='ocrx_word' id='word_1_204' title='bbox 216 2418 303 2464; x_wconf 80' lang='lat' dir='ltr'>servo</span> <span class='ocrx_word' id='word_1_205' title='bbox 325 2419 435 2477; x_wconf 89' lang='lat' dir='ltr'>parem.</span> <span class='ocrx_word' id='word_1_206' title='bbox 479 2400 559 2466; x_wconf 88' lang='lat' dir='ltr'>Rud.</span> <span class='ocrx_word' id='word_1_207' title='bbox 590 2401 619 2481; x_wconf 94' lang='grc' dir='ltr'>Ι,</span> <span class='ocrx_word' id='word_1_208' title='bbox 647 2410 681 2479; x_wconf 87' lang='grc'>4,</span> <span class='ocrx_word' id='word_1_209' title='bbox 710 2406 765 2465; x_wconf 84' lang='grc'>22;</span> <span class='ocrx_word' id='word_1_210' title='bbox 799 2404 918 2464; x_wconf 85' lang='lat' dir='ltr'>Accede</span> <span class='ocrx_word' id='word_1_211' title='bbox 946 2404 984 2465; x_wconf 87' lang='lat' dir='ltr'>ad</span> <span class='ocrx_word' id='word_1_212' title='bbox 1006 2420 1052 2462; x_wconf 89' lang='lat' dir='ltr'>me</span> <span class='ocrx_word' id='word_1_213' title='bbox 1076 2409 1164 2477; x_wconf 78' lang='lat' dir='ltr'>atque</span> <span class='ocrx_word' id='word_1_214' title='bbox 1188 2402 1239 2461; x_wconf 91' lang='lat' dir='ltr'>adi</span> <span class='ocrx_word' id='word_1_215' title='bbox 1261 2408 1370 2465; x_wconf 70' lang='lat' dir='ltr'>eontra.</span> 
     </span>
     <span class='ocr_line' id='line_1_22' title="bbox 212 2496 1368 2580; baseline 0 -16"><span class='ocrx_word' id='word_1_216' title='bbox 212 2496 302 2564; x_wconf 78' lang='lat' dir='ltr'>Pers.</span> <span class='ocrx_word' id='word_1_217' title='bbox 317 2497 343 2574; x_wconf 90' lang='lat' dir='ltr'>I,</span> <span class='ocrx_word' id='word_1_218' title='bbox 363 2502 461 2577; x_wconf 83' lang='lat' dir='ltr'>l,15:</span> <span class='ocrx_word' id='word_1_219' title='bbox 486 2501 596 2561; x_wconf 77' lang='lat' dir='ltr'>Contra</span> <span class='ocrx_word' id='word_1_220' title='bbox 613 2502 799 2578; x_wconf 80' lang='lat' dir='ltr'>adgredibor.</span> <span class='ocrx_word' id='word_1_221' title='bbox 822 2499 866 2580; x_wconf 88' lang='grc' dir='ltr'>ΙΙ,</span> <span class='ocrx_word' id='word_1_222' title='bbox 889 2504 918 2580; x_wconf 88' lang='grc'>2,</span> <span class='ocrx_word' id='word_1_223' title='bbox 941 2504 992 2565; x_wconf 89' lang='grc'>26.</span> <span class='ocrx_word' id='word_1_224' title='bbox 1017 2499 1105 2564; x_wconf 88' lang='lat' dir='ltr'>Pers.</span> <span class='ocrx_word' id='word_1_225' title='bbox 1122 2516 1149 2562; x_wconf 90' lang='lat' dir='ltr'>v.</span> <span class='ocrx_word' id='word_1_226' title='bbox 1166 2501 1238 2564; x_wconf 86' lang='lat'>813.</span> <span class='ocrx_word' id='word_1_227' title='bbox 1254 2497 1368 2564; x_wconf 80' lang='lat' dir='ltr'>Pseud</span> 
     </span>
     <span class='ocr_line' id='line_1_23' title="bbox 212 2595 1369 2676; baseline 0.001 -16"><span class='ocrx_word' id='word_1_228' title='bbox 212 2595 255 2676; x_wconf 89' lang='grc' dir='ltr'>ΙΙ,</span> <span class='ocrx_word' id='word_1_229' title='bbox 277 2604 308 2675; x_wconf 92' lang='grc'>4,</span> <span class='ocrx_word' id='word_1_230' title='bbox 333 2600 388 2660; x_wconf 86' lang='lat'>18:</span> <span class='ocrx_word' id='word_1_231' title='bbox 412 2598 522 2659; x_wconf 83' lang='lat' dir='ltr'>Confer</span> <span class='ocrx_word' id='word_1_232' title='bbox 544 2600 667 2674; x_wconf 79' lang='lat' dir='ltr'>gradum</span> <span class='ocrx_word' id='word_1_233' title='bbox 691 2600 802 2661; x_wconf 73' lang='lat' dir='ltr'>Gordro</span> <span class='ocrx_word' id='word_1_234' title='bbox 822 2601 947 2675; x_wconf 86' lang='lat' dir='ltr'>pariter.</span> <span class='ocrx_word' id='word_1_235' title='bbox 979 2597 1077 2663; x_wconf 87' lang='lat' dir='ltr'>Mero.</span> <span class='ocrx_word' id='word_1_236' title='bbox 1091 2596 1128 2675; x_wconf 91' lang='lat' dir='ltr'>V,</span> <span class='ocrx_word' id='word_1_237' title='bbox 1144 2601 1173 2675; x_wconf 84' lang='lat'>2,</span> <span class='ocrx_word' id='word_1_238' title='bbox 1196 2602 1248 2661; x_wconf 88' lang='lat'>41.</span> <span class='ocrx_word' id='word_1_239' title='bbox 1272 2595 1369 2662; x_wconf 85' lang='lat' dir='ltr'>Mero.</span> 
     </span>
     <span class='ocr_line' id='line_1_24' title="bbox 214 2691 1370 2774; baseline 0.002 -18"><span class='ocrx_word' id='word_1_240' title='bbox 214 2712 244 2756; x_wconf 86' lang='lat' dir='ltr'>v.</span> <span class='ocrx_word' id='word_1_241' title='bbox 261 2697 331 2758; x_wconf 88' lang='grc'>918.</span> <span class='ocrx_word' id='word_1_242' title='bbox 354 2691 424 2758; x_wconf 81' lang='lat' dir='ltr'>Cas.</span> <span class='ocrx_word' id='word_1_243' title='bbox 448 2692 491 2774; x_wconf 87' lang='grc' dir='ltr'>ΙΙ,</span> <span class='ocrx_word' id='word_1_244' title='bbox 514 2700 543 2773; x_wconf 92' lang='grc'>3,</span> <span class='ocrx_word' id='word_1_245' title='bbox 568 2700 624 2760; x_wconf 82' lang='lat'>35:</span> <span class='ocrx_word' id='word_1_246' title='bbox 650 2700 743 2773; x_wconf 82' lang='lat' dir='ltr'>Quam</span> <span class='ocrx_word' id='word_1_247' title='bbox 765 2697 925 2759; x_wconf 85' lang='lat' dir='ltr'>advorsere</span> <span class='ocrx_word' id='word_1_248' title='bbox 949 2701 1059 2758; x_wconf 75' lang='lat' dir='ltr'>contra</span> <span class='ocrx_word' id='word_1_249' title='bbox 1086 2695 1185 2760; x_wconf 85' lang='lat' dir='ltr'>Reote</span> <span class='ocrx_word' id='word_1_250' title='bbox 1200 2692 1370 2759; x_wconf 78' lang='lat' dir='ltr'>affirmavit</span> 
     </span>
     <span class='ocr_line' id='line_1_25' title="bbox 211 2786 1368 2874; baseline 0.002 -18"><span class='ocrx_word' id='word_1_251' title='bbox 211 2789 435 2856; x_wconf 84' lang='lat' dir='ltr'>Fleckeisenus</span> <span class='ocrx_word' id='word_1_252' title='bbox 471 2791 647 2858; x_wconf 84' lang='lat' dir='ltr'>exercitatt.</span> <span class='ocrx_word' id='word_1_253' title='bbox 692 2792 796 2858; x_wconf 83' lang='lat' dir='ltr'>Plani.</span> <span class='ocrx_word' id='word_1_254' title='bbox 829 2811 860 2874; x_wconf 88' lang='lat' dir='ltr'>p.</span> <span class='ocrx_word' id='word_1_255' title='bbox 884 2797 925 2859; x_wconf 86' lang='grc'>33</span> <span class='ocrx_word' id='word_1_256' title='bbox 956 2811 1083 2874; x_wconf 87' lang='lat' dir='ltr'>semper</span> <span class='ocrx_word' id='word_1_257' title='bbox 1104 2793 1189 2874; x_wconf 90' lang='lat' dir='ltr'>apud</span> <span class='ocrx_word' id='word_1_258' title='bbox 1218 2786 1368 2858; x_wconf 79' lang='lat' dir='ltr'>Plantu‘m</span> 
     </span>
     <span class='ocr_line' id='line_1_26' title="bbox 214 2889 1366 2970; baseline 0.002 -20"><span class='ocrx_word' id='word_1_259' title='bbox 214 2896 319 2950; x_wconf 78' lang='lat' dir='ltr'>eontra</span> <span class='ocrx_word' id='word_1_260' title='bbox 345 2905 416 2953; x_wconf 89' lang='lat' dir='ltr'>esse</span> <span class='ocrx_word' id='word_1_261' title='bbox 443 2889 646 2970; x_wconf 84' lang='lat' dir='ltr'>adverbium,</span> <span class='ocrx_word' id='word_1_262' title='bbox 679 2908 751 2956; x_wconf 85' lang='lat' dir='ltr'>nam</span> <span class='ocrx_word' id='word_1_263' title='bbox 780 2889 856 2956; x_wconf 80' lang='lat' dir='ltr'>dist</span> <span class='ocrx_word' id='word_1_264' title='bbox 887 2890 913 2968; x_wconf 87' lang='lat'>1,</span> <span class='ocrx_word' id='word_1_265' title='bbox 941 2896 969 2970; x_wconf 91' lang='grc'>2,</span> <span class='ocrx_word' id='word_1_266' title='bbox 1000 2896 1054 2956; x_wconf 89' lang='lat'>13:</span> <span class='ocrx_word' id='word_1_267' title='bbox 1093 2895 1175 2968; x_wconf 82' lang='lat' dir='ltr'>Quae</span> <span class='ocrx_word' id='word_1_268' title='bbox 1204 2895 1254 2954; x_wconf 85' lang='lat' dir='ltr'>bio</span> <span class='ocrx_word' id='word_1_269' title='bbox 1282 2894 1366 2954; x_wconf 90' lang='lat' dir='ltr'>modo</span> 
     </span>
     <span class='ocr_line' id='line_1_27' title="bbox 210 2988 1366 3070; baseline 0.001 -20"><span class='ocrx_word' id='word_1_270' title='bbox 210 2988 286 3050; x_wconf 86' lang='lat' dir='ltr'>flens</span> <span class='ocrx_word' id='word_1_271' title='bbox 308 2990 398 3049; x_wconf 89' lang='lat' dir='ltr'>abiit:</span> <span class='ocrx_word' id='word_1_272' title='bbox 420 2993 523 3048; x_wconf 79' lang='lat' dir='ltr'>eontra</span> <span class='ocrx_word' id='word_1_273' title='bbox 543 3006 643 3051; x_wconf 84' lang='lat' dir='ltr'>amore</span> <span class='ocrx_word' id='word_1_274' title='bbox 666 2993 741 3052; x_wconf 85' lang='lat' dir='ltr'>baec</span> <span class='ocrx_word' id='word_1_275' title='bbox 765 2993 923 3067; x_wconf 86' lang='lat' dir='ltr'>perditast,</span> <span class='ocrx_word' id='word_1_276' title='bbox 947 2988 1000 3054; x_wconf 93' lang='lat' dir='ltr'>ubi</span> <span class='ocrx_word' id='word_1_277' title='bbox 1024 2992 1095 3070; x_wconf 85' lang='lat' dir='ltr'>Apg</span> <span class='ocrx_word' id='word_1_278' title='bbox 1117 2989 1227 3054; x_wconf 84' lang='lat' dir='ltr'>habet:</span> <span class='ocrx_word' id='word_1_279' title='bbox 1263 2998 1366 3052; x_wconf 83' lang='lat' dir='ltr'>contra</span> 
     </span>
     <span class='ocr_line' id='line_1_28' title="bbox 210 3085 1365 3167; baseline 0.003 -19"><span class='ocrx_word' id='word_1_280' title='bbox 210 3103 339 3148; x_wconf 80' lang='lat' dir='ltr'>aurorem</span> <span class='ocrx_word' id='word_1_281' title='bbox 363 3102 442 3161; x_wconf 86' lang='lat' dir='ltr'>enm,</span> <span class='ocrx_word' id='word_1_282' title='bbox 465 3089 553 3151; x_wconf 89' lang='lat' dir='ltr'>recte</span> <span class='ocrx_word' id='word_1_283' title='bbox 576 3086 638 3152; x_wconf 89' lang='lat' dir='ltr'>iam</span> <span class='ocrx_word' id='word_1_284' title='bbox 661 3085 878 3153; x_wconf 81' lang='lat' dir='ltr'>aeamerario</span> <span class='ocrx_word' id='word_1_285' title='bbox 900 3087 1040 3153; x_wconf 89' lang='lat' dir='ltr'>deletum</span> <span class='ocrx_word' id='word_1_286' title='bbox 1066 3092 1117 3153; x_wconf 89' lang='lat' dir='ltr'>est</span> <span class='ocrx_word' id='word_1_287' title='bbox 1144 3108 1219 3167; x_wconf 84' lang='lat' dir='ltr'>eum,</span> <span class='ocrx_word' id='word_1_288' title='bbox 1241 3087 1365 3152; x_wconf 87' lang='lat' dir='ltr'>dnobus</span> 
     </span>
     <span class='ocr_line' id='line_1_29' title="bbox 209 3181 1365 3274; baseline 0 -27"><span class='ocrx_word' id='word_1_289' title='bbox 209 3186 318 3247; x_wconf 88' lang='lat' dir='ltr'>antem</span> <span class='ocrx_word' id='word_1_290' title='bbox 347 3181 440 3259; x_wconf 87' lang='lat' dir='ltr'>loeis,</span> <span class='ocrx_word' id='word_1_291' title='bbox 476 3182 592 3249; x_wconf 87' lang='lat' dir='ltr'>Pseud.</span> <span class='ocrx_word' id='word_1_292' title='bbox 620 3184 645 3265; x_wconf 92' lang='lat'>1,</span> <span class='ocrx_word' id='word_1_293' title='bbox 675 3189 703 3265; x_wconf 87' lang='grc'>2,</span> <span class='ocrx_word' id='word_1_294' title='bbox 737 3191 792 3251; x_wconf 86' lang='lat'>23:</span> <span class='ocrx_word' id='word_1_295' title='bbox 821 3189 976 3274; x_wconf 75' lang='lat' dir='ltr'>¹Adsistite</span> <span class='ocrx_word' id='word_1_296' title='bbox 1004 3205 1105 3249; x_wconf 82' lang='lat' dir='ltr'>omnes</span> <span class='ocrx_word' id='word_1_297' title='bbox 1132 3192 1236 3247; x_wconf 72' lang='lat' dir='ltr'>watra</span> <span class='ocrx_word' id='word_1_298' title='bbox 1265 3205 1312 3248; x_wconf 74' lang='lat' dir='ltr'>mo</span> <span class='ocrx_word' id='word_1_299' title='bbox 1333 3188 1365 3249; x_wconf 88' lang='lat' dir='ltr'>et</span> 
     </span>
     <span class='ocr_line' id='line_1_30' title="bbox 206 3279 1363 3362; baseline 0.002 -18"><span class='ocrx_word' id='word_1_300' title='bbox 206 3279 295 3345; x_wconf 87' lang='lat' dir='ltr'>Pers.</span> <span class='ocrx_word' id='word_1_301' title='bbox 319 3279 345 3359; x_wconf 93' lang='grc' dir='ltr'>Ι,</span> <span class='ocrx_word' id='word_1_302' title='bbox 371 3285 398 3359; x_wconf 95' lang='grc'>1,</span> <span class='ocrx_word' id='word_1_303' title='bbox 424 3285 479 3347; x_wconf 83' lang='lat'>13:</span> <span class='ocrx_word' id='word_1_304' title='bbox 518 3285 589 3358; x_wconf 81' lang='lat' dir='ltr'>Quis</span> <span class='ocrx_word' id='word_1_305' title='bbox 611 3285 675 3346; x_wconf 86' lang='lat' dir='ltr'>illie</span> <span class='ocrx_word' id='word_1_306' title='bbox 698 3293 753 3362; x_wconf 80' lang='lat' dir='ltr'>est,</span> <span class='ocrx_word' id='word_1_307' title='bbox 778 3286 829 3360; x_wconf 91' lang='lat' dir='ltr'>qni</span> <span class='ocrx_word' id='word_1_308' title='bbox 851 3290 954 3344; x_wconf 78' lang='lat' dir='ltr'>watra</span> <span class='ocrx_word' id='word_1_309' title='bbox 975 3303 1021 3346; x_wconf 81' lang='lat' dir='ltr'>me</span> <span class='ocrx_word' id='word_1_310' title='bbox 1041 3286 1142 3347; x_wconf 82' lang='lat' dir='ltr'>astat?</span> <span class='ocrx_word' id='word_1_311' title='bbox 1178 3283 1271 3350; x_wconf 81' lang='lat' dir='ltr'>SAG.</span> <span class='ocrx_word' id='word_1_312' title='bbox 1308 3287 1363 3346; x_wconf 86' lang='lat' dir='ltr'>Hie</span> 
     </span>
     <span class='ocr_line' id='line_1_31' title="bbox 207 3381 1363 3461; baseline 0.004 -19"><span class='ocrx_word' id='word_1_313' title='bbox 207 3382 272 3457; x_wconf 86' lang='lat' dir='ltr'>quis</span> <span class='ocrx_word' id='word_1_314' title='bbox 295 3388 350 3454; x_wconf 89' lang='lat' dir='ltr'>est,</span> <span class='ocrx_word' id='word_1_315' title='bbox 374 3383 424 3456; x_wconf 91' lang='lat' dir='ltr'>qni</span> <span class='ocrx_word' id='word_1_316' title='bbox 447 3385 551 3440; x_wconf 76' lang='lat' dir='ltr'>watra</span> <span class='ocrx_word' id='word_1_317' title='bbox 570 3399 616 3441; x_wconf 83' lang='lat' dir='ltr'>me</span> <span class='ocrx_word' id='word_1_318' title='bbox 638 3384 747 3456; x_wconf 76' lang='lat' dir='ltr'>aetati,</span> <span class='ocrx_word' id='word_1_319' title='bbox 780 3381 856 3445; x_wconf 81' lang='lat' dir='ltr'>item</span> <span class='ocrx_word' id='word_1_320' title='bbox 880 3388 931 3445; x_wconf 90' lang='lat' dir='ltr'>est</span> <span class='ocrx_word' id='word_1_321' title='bbox 952 3381 1150 3461; x_wconf 73' lang='lat' dir='ltr'>adverbium,</span> <span class='ocrx_word' id='word_1_322' title='bbox 1179 3399 1253 3446; x_wconf 87' lang='lat' dir='ltr'>nem</span> <span class='ocrx_word' id='word_1_323' title='bbox 1277 3387 1363 3447; x_wconf 85' lang='lat' dir='ltr'>utro·</span> 
     </span>
     <span class='ocr_line' id='line_1_32' title="bbox 205 3474 1362 3560; baseline 0.003 -18"><span class='ocrx_word' id='word_1_324' title='bbox 205 3474 302 3556; x_wconf 84' lang='lat' dir='ltr'>bique</span> <span class='ocrx_word' id='word_1_325' title='bbox 333 3478 536 3542; x_wconf 85' lang='lat' dir='ltr'>aecusativus</span> <span class='ocrx_word' id='word_1_326' title='bbox 567 3495 629 3543; x_wconf 92' lang='lat' dir='ltr'>non</span> <span class='ocrx_word' id='word_1_327' title='bbox 651 3497 671 3543; x_wconf 94' lang='lat' dir='ltr'>a</span> <span class='ocrx_word' id='word_1_328' title='bbox 692 3485 809 3556; x_wconf 80' lang='lat' dir='ltr'>eontra,</span> <span class='ocrx_word' id='word_1_329' title='bbox 836 3478 894 3543; x_wconf 89' lang='lat' dir='ltr'>sed</span> <span class='ocrx_word' id='word_1_330' title='bbox 921 3478 1059 3545; x_wconf 88' lang='lat' dir='ltr'>averbo</span> <span class='ocrx_word' id='word_1_331' title='bbox 1086 3480 1213 3560; x_wconf 83' lang='lat' dir='ltr'>pendet</span> <span class='ocrx_word' id='word_1_332' title='bbox 1259 3480 1362 3560; x_wconf 79' lang='lat' dir='ltr'>Saepo</span> 
     </span>
     <span class='ocr_line' id='line_1_33' title="bbox 205 3573 1361 3658; baseline 0.003 -20"><span class='ocrx_word' id='word_1_333' title='bbox 205 3573 392 3639; x_wconf 82' lang='lat' dir='ltr'>adverbium</span> <span class='ocrx_word' id='word_1_334' title='bbox 419 3582 521 3636; x_wconf 77' lang='lat' dir='ltr'>eontra</span> <span class='ocrx_word' id='word_1_335' title='bbox 550 3592 569 3638; x_wconf 84' lang='lat' dir='ltr'>a</span> <span class='ocrx_word' id='word_1_336' title='bbox 599 3575 712 3640; x_wconf 84' lang='lat' dir='ltr'>Plauto</span> <span class='ocrx_word' id='word_1_337' title='bbox 745 3576 949 3657; x_wconf 78' lang='lat' dir='ltr'>coniungitur</span> <span class='ocrx_word' id='word_1_338' title='bbox 981 3594 1053 3642; x_wconf 88' lang='lat' dir='ltr'>oum</span> <span class='ocrx_word' id='word_1_339' title='bbox 1084 3576 1223 3643; x_wconf 87' lang='lat' dir='ltr'>ablativo</span> <span class='ocrx_word' id='word_1_340' title='bbox 1256 3577 1361 3658; x_wconf 89' lang='lat' dir='ltr'>pretii.</span> 
     </span>
     <span class='ocr_line' id='line_1_34' title="bbox 204 3670 1360 3753; baseline 0 -15"><span class='ocrx_word' id='word_1_341' title='bbox 204 3670 420 3749; x_wconf 73' lang='grc'>8111111111,</span> <span class='ocrx_word' id='word_1_342' title='bbox 449 3675 478 3751; x_wconf 92' lang='grc'>2,</span> <span class='ocrx_word' id='word_1_343' title='bbox 506 3676 562 3736; x_wconf 90' lang='lat'>84:</span> <span class='ocrx_word' id='word_1_344' title='bbox 595 3679 699 3736; x_wconf 75' lang='lat' dir='ltr'>eontra</span> <span class='ocrx_word' id='word_1_345' title='bbox 722 3693 796 3735; x_wconf 84' lang='lat' dir='ltr'>auro</span> <span class='ocrx_word' id='word_1_346' title='bbox 824 3678 892 3737; x_wconf 84' lang='lat' dir='ltr'>aliis</span> <span class='ocrx_word' id='word_1_347' title='bbox 914 3677 991 3737; x_wconf 86' lang='lat' dir='ltr'>banc</span> <span class='ocrx_word' id='word_1_348' title='bbox 1019 3679 1147 3738; x_wconf 88' lang='lat' dir='ltr'>vendere</span> <span class='ocrx_word' id='word_1_349' title='bbox 1170 3679 1270 3753; x_wconf 86' lang='lat' dir='ltr'>potuit</span> <span class='ocrx_word' id='word_1_350' title='bbox 1291 3695 1360 3752; x_wconf 90' lang='lat' dir='ltr'>ope-</span> 
     </span>
     <span class='ocr_line' id='line_1_35' title="bbox 203 3768 1359 3848; baseline 0.003 -16"><span class='ocrx_word' id='word_1_351' title='bbox 203 3788 276 3833; x_wconf 80' lang='lat' dir='ltr'>ram.</span> <span class='ocrx_word' id='word_1_352' title='bbox 322 3768 380 3846; x_wconf 85' lang='lat'>111,</span> <span class='ocrx_word' id='word_1_353' title='bbox 412 3775 439 3848; x_wconf 90' lang='lat'>1,</span> <span class='ocrx_word' id='word_1_354' title='bbox 470 3773 525 3833; x_wconf 82' lang='lat'>66:</span> <span class='ocrx_word' id='word_1_355' title='bbox 549 3772 629 3833; x_wconf 85' lang='lat' dir='ltr'>Oedo</span> <span class='ocrx_word' id='word_1_356' title='bbox 652 3776 708 3834; x_wconf 87' lang='lat' dir='ltr'>tris</span> <span class='ocrx_word' id='word_1_357' title='bbox 729 3776 770 3834; x_wconf 88' lang='lat' dir='ltr'>mi</span> <span class='ocrx_word' id='word_1_358' title='bbox 797 3774 931 3836; x_wconf 87' lang='lat' dir='ltr'>homines</span> <span class='ocrx_word' id='word_1_359' title='bbox 962 3776 1132 3835; x_wconf 62' lang='lat' dir='ltr'>numiano</span> <span class='ocrx_word' id='word_1_360' title='bbox 1158 3779 1262 3837; x_wconf 70' lang='lat' dir='ltr'>watra</span> <span class='ocrx_word' id='word_1_361' title='bbox 1295 3794 1359 3836; x_wconf 83' lang='lat' dir='ltr'>eum</span> 
     </span>
     <span class='ocr_line' id='line_1_36' title="bbox 202 3867 1359 3948; baseline 0.007 -20"><span class='ocrx_word' id='word_1_362' title='bbox 202 3870 269 3930; x_wconf 84' lang='lat' dir='ltr'>istis</span> <span class='ocrx_word' id='word_1_363' title='bbox 295 3870 437 3931; x_wconf 86' lang='lat' dir='ltr'>moribus.</span> <span class='ocrx_word' id='word_1_364' title='bbox 488 3867 602 3932; x_wconf 86' lang='lat' dir='ltr'>Pseud.</span> <span class='ocrx_word' id='word_1_365' title='bbox 631 3868 673 3948; x_wconf 93' lang='grc' dir='ltr'>ΙΙ,</span> <span class='ocrx_word' id='word_1_366' title='bbox 703 3874 732 3948; x_wconf 90' lang='grc'>3,</span> <span class='ocrx_word' id='word_1_367' title='bbox 759 3874 814 3933; x_wconf 64' lang='grc'>221</span> <span class='ocrx_word' id='word_1_368' title='bbox 845 3874 1016 3933; x_wconf 67' lang='lat' dir='ltr'>nunciabo</span> <span class='ocrx_word' id='word_1_369' title='bbox 1042 3877 1145 3932; x_wconf 75' lang='lat' dir='ltr'>eontra</span> <span class='ocrx_word' id='word_1_370' title='bbox 1171 3892 1230 3934; x_wconf 90' lang='lat' dir='ltr'>non</span> <span class='ocrx_word' id='word_1_371' title='bbox 1259 3891 1359 3936; x_wconf 78' lang='lat' dir='ltr'>earum</span> 
     </span>
     <span class='ocr_line' id='line_1_37' title="bbox 201 3965 1358 4047; baseline 0.005 -20"><span class='ocrx_word' id='word_1_372' title='bbox 201 3965 259 4028; x_wconf 80' lang='lat' dir='ltr'>fuit</span> <span class='ocrx_word' id='word_1_373' title='bbox 280 3969 380 4027; x_wconf 86' lang='lat' dir='ltr'>Meum</span> <span class='ocrx_word' id='word_1_374' title='bbox 403 3967 595 4030; x_wconf 85' lang='lat' dir='ltr'>mendacium.</span> <span class='ocrx_word' id='word_1_375' title='bbox 619 3967 712 4047; x_wconf 91' lang='lat' dir='ltr'>Epid.</span> <span class='ocrx_word' id='word_1_376' title='bbox 733 3967 793 4047; x_wconf 90' lang='grc' dir='ltr'>ΙΙΙ,</span> <span class='ocrx_word' id='word_1_377' title='bbox 818 3972 847 4047; x_wconf 88' lang='grc'>3,</span> <span class='ocrx_word' id='word_1_378' title='bbox 871 3973 926 4034; x_wconf 91' lang='lat'>30:</span> <span class='ocrx_word' id='word_1_379' title='bbox 950 3989 1008 4032; x_wconf 93' lang='lat' dir='ltr'>non</span> <span class='ocrx_word' id='word_1_380' title='bbox 1031 3978 1134 4033; x_wconf 84' lang='lat' dir='ltr'>carust</span> <span class='ocrx_word' id='word_1_381' title='bbox 1155 3976 1358 4033; x_wconf 65' lang='lat' dir='ltr'>aurosam</span> 
     </span>
     <span class='ocr_line' id='line_1_38' title="bbox 202 4059 1358 4142; baseline 0.004 -15"><span class='ocrx_word' id='word_1_382' title='bbox 202 4059 294 4128; x_wconf 79' lang='lat' dir='ltr'>Cure.</span> <span class='ocrx_word' id='word_1_383' title='bbox 318 4061 343 4142; x_wconf 93' lang='grc' dir='ltr'>Ι,</span> <span class='ocrx_word' id='word_1_384' title='bbox 373 4067 401 4142; x_wconf 86' lang='grc'>3,</span> <span class='ocrx_word' id='word_1_385' title='bbox 424 4069 481 4127; x_wconf 84' lang='grc'>45;</span> <span class='ocrx_word' id='word_1_386' title='bbox 509 4065 597 4126; x_wconf 80' lang='lat' dir='ltr'>Auro</span> <span class='ocrx_word' id='word_1_387' title='bbox 618 4071 722 4126; x_wconf 74' lang='lat' dir='ltr'>watra</span> <span class='ocrx_word' id='word_1_388' title='bbox 751 4069 825 4128; x_wconf 84' lang='lat' dir='ltr'>cedo</span> <span class='ocrx_word' id='word_1_389' title='bbox 856 4070 1021 4130; x_wconf 80' lang='lat' dir='ltr'>modestum</span> <span class='ocrx_word' id='word_1_390' title='bbox 1050 4075 1221 4131; x_wconf 85' lang='lat' dir='ltr'>amatorem.</span> <span class='ocrx_word' id='word_1_391' title='bbox 1267 4066 1306 4132; x_wconf 86' lang='lat' dir='ltr'>ef.</span> <span class='ocrx_word' id='word_1_392' title='bbox 1328 4085 1358 4132; x_wconf 92' lang='lat' dir='ltr'>v.</span> 
     </span>
     <span class='ocr_line' id='line_1_39' title="bbox 199 4162 1357 4243; baseline 0.005 -19"><span class='ocrx_word' id='word_1_393' title='bbox 199 4163 256 4224; x_wconf 83' lang='lat'>46:</span> <span class='ocrx_word' id='word_1_394' title='bbox 288 4162 368 4224; x_wconf 85' lang='lat' dir='ltr'>Oedo</span> <span class='ocrx_word' id='word_1_395' title='bbox 391 4164 462 4223; x_wconf 87' lang='lat' dir='ltr'>mibi</span> <span class='ocrx_word' id='word_1_396' title='bbox 484 4165 587 4223; x_wconf 78' lang='lat' dir='ltr'>ooniro</span> <span class='ocrx_word' id='word_1_397' title='bbox 609 4165 788 4237; x_wconf 74' lang='lat' dir='ltr'>aurieholoo,</span> <span class='ocrx_word' id='word_1_398' title='bbox 821 4170 890 4241; x_wconf 89' lang='lat' dir='ltr'>quoi</span> <span class='ocrx_word' id='word_1_399' title='bbox 913 4183 968 4243; x_wconf 79' lang='lat' dir='ltr'>ego</span> <span class='ocrx_word' id='word_1_400' title='bbox 991 4185 1063 4228; x_wconf 84' lang='lat' dir='ltr'>sano</span> <span class='ocrx_word' id='word_1_401' title='bbox 1086 4168 1220 4229; x_wconf 82' lang='lat' dir='ltr'>serviam.</span> <span class='ocrx_word' id='word_1_402' title='bbox 1265 4164 1357 4230; x_wconf 59' lang='lat' dir='ltr'>Teuc,</span> 
     </span>
     <span class='ocr_line' id='line_1_40' title="bbox 199 4255 1357 4340; baseline 0.006 -19"><span class='ocrx_word' id='word_1_403' title='bbox 199 4255 244 4335; x_wconf 92' lang='lat' dir='ltr'>II,</span> <span class='ocrx_word' id='word_1_404' title='bbox 267 4260 296 4334; x_wconf 88' lang='lat'>6,</span> <span class='ocrx_word' id='word_1_405' title='bbox 320 4263 601 4323; x_wconf 68' lang='lat' dir='ltr'>supersperare</span> <span class='ocrx_word' id='word_1_406' title='bbox 624 4277 678 4336; x_wconf 75' lang='lat' dir='ltr'>ego</span> <span class='ocrx_word' id='word_1_407' title='bbox 700 4264 799 4335; x_wconf 88' lang='lat' dir='ltr'>miser,</span> <span class='ocrx_word' id='word_1_408' title='bbox 823 4265 881 4324; x_wconf 85' lang='lat' dir='ltr'>iam</span> <span class='ocrx_word' id='word_1_409' title='bbox 904 4267 944 4325; x_wconf 92' lang='lat' dir='ltr'>mi</span> <span class='ocrx_word' id='word_1_410' title='bbox 967 4266 1021 4340; x_wconf 87' lang='lat' dir='ltr'>(mi</span> <span class='ocrx_word' id='word_1_411' title='bbox 1041 4261 1239 4327; x_wconf 81' lang='lat' dir='ltr'>Fleckeisen.</span> <span class='ocrx_word' id='word_1_412' title='bbox 1255 4281 1357 4328; x_wconf 82' lang='lat' dir='ltr'>exere.</span> 
     </span>
     <span class='ocr_line' id='line_1_41' title="bbox 197 4352 1357 4438; baseline 0.005 -19"><span class='ocrx_word' id='word_1_413' title='bbox 197 4352 313 4436; x_wconf 60' lang='lat' dir='ltr'>Plutus,</span> <span class='ocrx_word' id='word_1_414' title='bbox 335 4356 430 4438; x_wconf 80' lang='lat' dir='ltr'>vulgo</span> <span class='ocrx_word' id='word_1_415' title='bbox 451 4360 535 4434; x_wconf 82' lang='lat' dir='ltr'>mibi)</span> <span class='ocrx_word' id='word_1_416' title='bbox 558 4376 632 4420; x_wconf 73' lang='lat' dir='ltr'>aare</span> <span class='ocrx_word' id='word_1_417' title='bbox 653 4365 757 4419; x_wconf 71' lang='lat' dir='ltr'>watra</span> <span class='ocrx_word' id='word_1_418' title='bbox 779 4370 898 4423; x_wconf 84' lang='lat' dir='ltr'>constat</span> <span class='ocrx_word' id='word_1_419' title='bbox 919 4364 1006 4423; x_wconf 84' lang='lat' dir='ltr'>fliius.</span> <span class='ocrx_word' id='word_1_420' title='bbox 1040 4358 1156 4425; x_wconf 83' lang='lat' dir='ltr'>Caecil.</span> <span class='ocrx_word' id='word_1_421' title='bbox 1179 4359 1260 4425; x_wconf 80' lang='lat' dir='ltr'>Stat.</span> <span class='ocrx_word' id='word_1_422' title='bbox 1285 4361 1357 4425; x_wconf 84' lang='lat' dir='ltr'>Fol-</span> 
     </span>
    </p>
   </div>
   <div class='ocr_carea' id='block_1_9' title="bbox 0 0 1568 5075">
    <p class='ocr_par' dir='ltr' id='par_1_9' title="bbox 0 0 1568 5075">
     <span class='ocr_line' id='line_1_42' title="bbox 0 0 1568 5075; baseline 0 9"><span class='ocrx_word' id='word_1_423' title='bbox 0 0 1568 5075; x_wconf 95' lang='lat' dir='ltr'> </span> 
     </span>
    </p>
   </div>
  </div>
 </body>
</html>
