3125 5075
537 368 576 405 DE
591 365 784 406 maurentinus.
800 386 824 393 -
839 363 1025 405 PERFECTUM.
1313 368 1352 428 75

194 553 271 616 tuat
294 549 378 634 paee
399 551 441 635 top
464 551 543 634 tirum
565 549 680 637 inflent
723 551 841 617 Heaut.
865 553 891 634 Ι,
915 558 944 631 2,
969 556 1024 617 28:
1055 555 1197 616 Fortasse
1220 552 1353 628 aliquan-

192 655 259 714 tan
283 654 412 730 iniquior
433 663 499 716 erat
513 685 557 695 —
571 655 729 714 Peteretur
751 653 796 727 (tt
817 648 901 732 aste
925 652 958 713 ti
981 653 1126 733 ttttogtn'
1142 644 1264 730 todeni:
1287 668 1352 710 uam

190 755 285 827 qoem
306 750 411 825 terret,
434 753 460 814 si
481 761 636 827 parentem
660 770 717 812 uon
740 750 836 813 terret
859 750 963 811 suom?
989 747 1048 828 ΠΙ,
1072 752 1100 827 2,
1124 751 1162 812 21
1188 764 1251 827 sq:
1276 749 1360 823 Quid

192 849 332 926 foraret?
364 846 430 913 GH.
460 851 582 926 Rogas?
626 850 746 925 Aliquid
767 851 921 924 reperiret,
944 849 1068 923 finperet
1090 848 1228 910 fallacias
1257 843 1301 925 (h.
1325 863 1352 909 e.

190 945 273 1030 quid
286 943 465 1011 iaciendum
481 947 511 1010 ei
527 952 608 1026 erat,
630 944 749 1025 aliquid
770 944 995 1026 reperiendum
1012 951 1082 1010 erat
1104 948 1178 1010 cett.
1195 943 1352 1025 Krueger.

189 1043 215 1111 l;
242 1061 268 1111 c.
292 1061 323 1125 p.
347 1047 430 1121 285).
473 1043 599 1109 Pharin.
622 1042 648 1119 Ι,
673 1047 701 1123 2,
726 1049 780 1109 58:
812 1052 847 1106 ut
876 1047 906 1105 ui
933 1047 977 1106 ris
1000 1046 1071 1107 boni
1093 1047 1126 1105 In
1151 1047 1218 1119 ipsa
1239 1045 1358 1103 inesset

189 1144 302 1219 iorrnu,
328 1145 403 1204 liaeo
431 1142 553 1205 formam
578 1146 788 1217 exaequarent.
833 1159 862 1204 ν.
887 1144 930 1205 69
947 1158 1031 1223 sqq:
1061 1145 1138 1216 Non,
1162 1143 1187 1203 si
1210 1142 1351 1213 redisset,

189 1243 228 1305 dt
243 1248 334 1319 peter
356 1244 470 1303 veniam
492 1242 600 1304 duret?
628 1238 694 1304 GE.
726 1244 780 1301 Ille
805 1244 968 1302 indotatam
988 1244 1131 1316 virginem
1155 1247 1244 1315 atque
1268 1242 1352 1315 igno·-

190 1335 284 1404 bssem
307 1342 406 1400 Daret
426 1341 494 1401 illi?
523 1342 688 1416 Numquam
718 1340 838 1411 laceret.
883 1337 925 1415 II,
951 1343 977 1414 l,
1001 1341 1059 1401 67:
1091 1340 1198 1398 Dotem
1221 1338 1351 1409 doretis;

194 1441 350 1514 mereret
371 1442 460 1500 alium
481 1442 590 1512 virum,
620 1437 649 1500 b.
673 1454 701 1500 e.
725 1436 803 1500 dare
826 1435 1022 1514 potuissetis,
1046 1451 1204 1516 quaerere
1228 1433 1351 1514 potuis·

195 1539 247 1602 set
272 1534 326 1600 vel
356 1534 520 1599 debuisset
549 1534 608 1615 (sio
632 1534 779 1607 liubolti.
823 1551 850 1596 v.
875 1537 930 1598 69:
960 1540 1086 1595 sumeret
1114 1534 1271 1607 alicunde,
1304 1549 1350 1596 se.

295 1637 373 1711 tum,
397 1632 425 1695 h.
451 1650 476 1697 e.
500 1651 626 1697 sumere
649 1632 795 1696 debebat.
842 1630 900 1708 ΙΙΙ,
932 1638 958 1709 l,
982 1637 1015 1694 4:
1039 1626 1231 1693 'consuleres
1275 1619 1351 1695 Hec.

189 1631 293 1892 aff

315 1734 368 1795 25:
393 1734 476 1806 Quod
500 1735 525 1792 si
548 1735 679 1804 scissem,
701 1734 754 1791 illa
776 1734 824 1791 hie
846 1736 979 1790 muneret
1000 1732 1108 1805 potius,
1132 1738 1164 1789 tu
1187 1731 1256 1789 hino
1272 1731 1351 1790 isses

278 1878 285 1893 .
330 1846 359 1892 v.
384 1834 440 1893 33:
464 1832 493 1889 in
517 1840 547 1889 te
571 1832 665 1889 omnis
689 1831 794 1889 haeret
814 1833 902 1905 eulpa
924 1833 997 1901 sola,
1021 1830 1165 1890 Sostrata
1203 1830 1285 1901 Quae
1303 1830 1351 1887 hie

190 1933 291 2001 mat,
314 1946 444 2006 curares,
467 1925 495 1988 h.
520 1945 546 1990 e.
571 1941 683 1990 curare
706 1925 854 2004 debebas,
885 1927 925 1988 tu
949 1920 1076 2000 maiteit
1099 1922 1256 2007 briotgeri,
1285 1922 1352 2002 bots

191 2013 249 2102 trit
280 2021 426 2108 bernaga
454 2022 574 2102 mapsa.
619 2020 753 2101 Adelph.
776 2021 802 2100 1,
827 2029 855 2097 2,
879 2027 933 2087 ne:
968 2026 1045 2084 aaa
1075 2026 1099 2085 ss
1126 2030 1200 2085 esset
1219 2025 1297 2084 unae
1321 2026 1351 2084 a

190 2117 286 2186 fleret
308 2123 485 2185 Feeeremas
506 2152 548 2172 =
570 2121 765 2186 fecissemus.
811 2119 853 2198 ΙΙ,
878 2126 906 2200 2,
932 2125 964 2185 6:
996 2124 1072 2196 Quid
1103 2123 1254 2194 semrom?
1281 2122 1352 2183 tuot

192 2213 281 2301 b'dfte
304 2217 345 2297 id)
369 2217 449 2298 tbuu
470 2218 584 2298 indta?
629 2218 683 2296 IV,
709 2224 737 2297 5,
760 2222 816 2281 42:
840 2221 1035 2281 adversumne
1059 2222 1141 2280 illum
1165 2237 1283 2282 oausam
1307 2220 1351 2277 di-

192 2327 300 2394 mem,
325 2321 400 2394 Quoi
424 2339 564 2381 veneram
587 2319 772 2379 advocatus?

212 2422 221 2434 ·
283 2422 312 2479 7.
348 2417 515 2490 Perfectum
537 2416 665 2496 ponitur
686 2414 725 2478 de
749 2414 874 2478 actione
896 2414 1074 2494 praeterita
1096 2413 1241 2492 subiecti,
1264 2407 1350 2494 qnod

193 2513 225 2581 ei
254 2513 310 2596 qui
339 2512 481 2594 loquitur
510 2531 662 2594 praesens
692 2518 749 2578 est.
796 2512 902 2590 Quare
925 2512 956 2576 in
978 2511 1088 2592 primis
1111 2512 1143 2577 in
1169 2513 1351 2578 narratione

193 2612 302 2679 lotum
325 2612 436 2691 babet,
466 2630 537 2677 aum
567 2610 699 2675 Romani
722 2612 945 2677 consueverint
967 2611 998 2674 in
1020 2610 1256 2676 narrationibus
1279 2612 1354 2676 sub·

191 2710 313 2777 iratum
345 2710 479 2775 aetionis
503 2718 652 2789 tanquam
669 2727 822 2791 praeseus
837 2711 941 2773 auimo
957 2715 1210 2789 repraesentare.
1239 2708 1353 2775 Differt

191 2814 305 2875 antem
341 2809 381 2873 ab
413 2805 600 2889 imperfecto
628 2824 684 2886 eo,
715 2809 799 2886 quod
827 2807 886 2871 hnc
907 2808 1050 2871 actiones
1072 2809 1262 2888 praeteritas
1284 2815 1354 2873 tan-

193 2914 292 2989 quam
320 2906 410 2986 tales,
434 2924 515 2986 quae
537 2904 625 2984 fiant,
648 2905 824 2986 perdoctum
847 2911 998 2984 tanquam
1024 2905 1119 2984 tales,
1144 2902 1354 2987 quaefactae

192 3004 270 3083 sint,
304 3004 409 3069 auimo
443 3004 593 3085 proponit
626 3006 666 3080 (v.
698 3002 817 3066 Etzier.
849 2998 1188 3087 &prenestaerunqea
1217 3024 1248 3086 p.
1282 3012 1352 3070 141.

194 3088 339 3169 Piitsehe
362 3118 495 3184 gramm.
519 3103 572 3166 lat.
598 3122 627 3183 p.
652 3103 738 3178 225).
784 3100 933 3180 Inprimis
955 3099 1106 3180 frequens
1122 3107 1173 3166 est
1188 3121 1265 3168 usus
1281 3122 1352 3184 per-

193 3199 279 3269 teet·
296 3205 370 3283 post
391 3199 565 3280 particulas
589 3198 793 3280 temporales,
817 3198 903 3262 velut
917 3204 1084 3278 postputasse,
1107 3202 1169 3270 abi,
1191 3205 1233 3279 at,
1257 3220 1353 3277 quera

191 3302 293 3379 Μ,
316 3300 454 3375 ammae,
484 3298 510 3362 si
537 3300 620 3363 aetio
644 3297 853 3363 describenda
881 3303 932 3361 est
953 3297 1139 3376 praeterita
1184 3298 1254 3363 Non
1277 3314 1350 3365 raro

192 3398 322 3465 vortam
343 3396 427 3461 inter
447 3415 481 3461 se
505 3396 682 3478 perfectum
705 3401 738 3460 et
760 3411 913 3476 praesens
928 3393 1125 3475 historicum,
1150 3397 1239 3461 cuins
1257 3414 1351 3475 pene·

193 3496 239 3563 ri'e
263 3491 491 3575 exemplatam
515 3510 613 3574 snpra
636 3492 667 3576 (ἓ
692 3496 722 3570 2)
746 3493 884 3573 piurima
906 3493 1039 3573 protuli,
1070 3494 1109 3556 de
1132 3512 1198 3575 qua
1219 3512 1255 3559 re
1278 3495 1349 3560 vide

193 3582 425 3662 Schneidernm
452 3593 492 3657 ad
521 3591 610 3657 Caes.
634 3592 662 3656 b.
686 3590 724 3657 G.
748 3586 803 3670 IV,
828 3595 877 3670 le,
901 3598 931 3670 4,
959 3592 1013 3672 qui
1042 3592 1133 3656 dicit:
1175 3593 1352 3673 ,Praesens

193 3684 319 3759 illatum
343 3698 416 3770 post
437 3693 646 3771 praeteritum
669 3696 797 3770 tempus
819 3706 881 3752 nou
904 3700 1012 3754 rernm
1028 3689 1178 3771 deinceps
1193 3689 1349 3757 factarum

194 3791 313 3859 seriem
343 3788 532 3865 continuari,
562 3788 619 3853 sed
646 3807 764 3852 novum
785 3788 935 3867 quiddam
959 3788 1130 3868 stabis,
1160 3806 1243 3870 quae
1265 3789 1352 3855 dieta

193 3892 280 3968 siint,
304 3886 477 3952 discretum
500 3886 633 3967 proponi
656 3885 824 3950 ostendit.“

283 3984 363 4050 Cato
386 3983 423 4049 R.
447 3984 484 4050 R.
508 4003 533 4049 c.
557 3989 590 4049 2:
625 3988 682 4046 Per
704 3984 798 4047 ferias
815 3988 948 4060 potuisse
970 3985 1066 4049 fossas
1088 3995 1207 4049 veteres
1229 3991 1350 4064 tergeri.

192 4082 299 4150 Ptaut.
323 4082 394 4148 aul.
418 4081 444 4162 1,
469 4087 498 4163 2,
520 4086 576 4147 40:
611 4087 697 4144 Nona
727 4101 785 4160 quo
810 4084 963 4158 profectas
989 4102 1055 4147 aem
1082 4089 1131 4150 ibo
1153 4110 1195 4138 =
1219 4103 1281 4167 qno
1305 4086 1353 4151 ire

194 4179 230 4250 ei
250 4178 409 4264 proficisci
430 4182 638 4246 intenderam.
685 4179 776 4245 Troe.
801 4181 826 4252 1.
851 4185 880 4260 2,
905 4187 959 4246 95:
978 4185 1118 4258 profecta
1140 4202 1197 4262 qao
1219 4204 1287 4246 sum
1308 4211 1350 4237 =

194 4292 259 4361 qno
289 4279 415 4344 institui
444 4287 477 4343 et
506 4279 609 4359 incepi
639 4280 695 4343 ire.
742 4279 869 4344 Terent.
893 4281 991 4345 Andr.
1022 4283 1101 4362 prol.
1129 4300 1158 4347 v.
1190 4286 1220 4346 1:
1258 4284 1352 4346 Poeta

195 4390 284 4457 quom
308 4382 436 4455 primunr
459 4379 586 4440 animum
609 4381 645 4440 ad
669 4381 856 4440 scribendum
880 4381 1004 4454 adpetit,
1028 4383 1062 4440 ld
1086 4385 1141 4442 sibi
1166 4385 1265 4456 nepoti
1289 4399 1351 4442 ere·
