3125 5075
517 383 605 422 CASUS
620 384 893 425 sdasrsrrwoadri.
911 407 931 413 -
947 387 1082 426 ACCUSAT.
1295 400 1356 454 219

198 554 218 616 l.
241 553 314 632 vll,
334 551 373 618 fr.
398 559 449 635 10,
470 573 500 619 v.
523 561 603 621 241:
640 575 781 632 moenem
804 576 870 618 cum
894 562 989 621 lassus
1012 561 1072 622 diei
1099 561 1219 622 aaron
1240 559 1356 622 luisset.

201 652 281 731 ix,
302 649 342 717 fr.
365 657 402 716 b:
439 655 604 717 Sollicitari
627 663 657 717 te
680 659 747 716 Tite
771 659 815 716 sic
837 661 991 732 raucasque
1012 660 1140 734 dicoque.
1186 656 1358 721 Alexandri

203 747 237 813 lr.
258 753 289 829 8,
311 767 340 814 v.
356 754 414 814 86:
437 754 551 814 Mallos
574 771 668 813 oenoe
680 756 776 813 latuit.
800 752 1023 817 Andromacha
1033 752 1242 819 aechmalotis
1264 753 1303 818 ir.
1321 761 1356 818 3:

206 867 293 912 usos
312 850 486 911 1113111-
509 853 623 910 Bellum
647 861 796 925 gerentes.
841 849 945 915 Pluut.
970 851 1057 915 Pers.
1088 849 1114 930 1,
1141 858 1167 928 1,
1191 855 1358 916 21:1>lus-

208 949 296 1008 aim
317 966 432 1008 aarum
453 951 510 1008 Fui
531 950 736 1023 praeferretur
759 956 832 1023 aput
860 953 954 1010 molas
977 953 1113 1011 tribunus
1142 954 1303 1025 repuleris.
1329 956 1357 1024 3,

214 1049 259 1107 ib:
278 1047 309 1106 id
334 1051 427 1106 totum
449 1048 587 1122 procedit
608 1047 693 1105 dieue
718 1045 807 1108 Pera.
832 1064 860 1108 v.
886 1050 963 1109 172:
987 1050 1062 1107 Nem
1086 1051 1222 1123 equidem
1245 1056 1274 1107 te
1299 1052 1357 1108 iam

216 1153 301 1204 sector
322 1146 461 1217 emotum
483 1146 562 1204 bunc
583 1162 705 1206 annunt.
739 1141 794 1218 iv,
816 1149 847 1218 4,
872 1147 928 1204 76:
959 1148 1125 1220 Numquam
1154 1147 1256 1205 hercle
1279 1149 1359 1205 bunc

220 1259 325 1302 mecm
348 1244 516 1314 emonam,
541 1244 642 1315 eredo,
666 1242 791 1302 servibit
813 1243 876 1303 tibi.
922 1240 1020 1304 Mero.
1045 1259 1074 1301 v.
1099 1246 1153 1304 46:
1181 1244 1357 1316 Obiuripare

221 1349 290 1413 puer
310 1341 387 1401 baec
410 1344 508 1400 mdes
530 1348 562 1399 et
582 1340 653 1401 dies.
677 1356 706 1401 v,
731 1344 787 1401 55:
811 1348 913 1399 tot-
929 1358 1030 1401 anuos.
1053 1338 1112 1413 ΠΙ,
1140 1345 1165 1415 l,
1189 1343 1245 1401 26:
1268 1345 1357 1400 Ovem

223 1471 252 1481 -
266 1445 361 1498 nutam
385 1455 480 1498 annos
501 1439 664 1510 acceptata.
710 1433 807 1498 Mero.
831 1455 859 1497 v,
882 1441 960 1499 542:
987 1438 1064 1496 diere
1085 1457 1178 1499 uuum
1200 1440 1296 1498 oravit
1318 1440 1359 1498 Ut

171 1595 173 1600 .
223 1544 274 1610 aput
293 1554 338 1596 me
360 1537 570 1609 praehiberem
595 1538 701 1596 locum.
726 1532 785 1611 ΙΙΙ,
809 1537 837 1606 2,
854 1538 886 1596 6:
909 1538 983 1595 Nam
1008 1538 1086 1594 halec
1108 1539 1182 1596 bene
1199 1554 1231 1596 se
1248 1538 1358 1595 habere

223 1638 323 1692 omem
342 1636 467 1694 nimiost
489 1636 621 1708 aequius.
650 1631 707 1709 ΙΙΙ,
731 1636 761 1706 3,
786 1636 840 1693 24;
864 1634 989 1692 Nullum
1011 1636 1113 1693 hercle
1136 1642 1259 1708 praeter
1282 1637 1358 1692 bunc

223 1731 277 1792 diem
296 1736 349 1791 illa
371 1733 450 1806 apud
472 1749 519 1790 me
541 1733 609 1790 erit.
634 1728 717 1791 Men.
741 1728 778 1807 V,
803 1735 830 1805 1,
854 1734 908 1791 2οε
931 1734 1005 1790 Nam
1028 1749 1123 1790 arreum
1145 1733 1212 1790 med
1235 1736 1359 1790 meatem

224 1845 270 1889 esse
291 1832 410 1890 viduam
434 1830 580 1888 mavelim.
627 1826 713 1889 Asin.
747 1826 796 1903 ΙΙ,
821 1833 853 1904 2,
876 1832 915 1889 8;
952 1829 1087 1888 Aetatem
1115 1831 1203 1889 velim
1232 1832 1354 1901 servire,

226 1925 343 1987 libanum
368 1934 402 1986 ut
425 1928 597 1986 conveniam
620 1927 718 1992 modo,
740 1924 826 2002 quod
849 1930 899 1988 est
913 1924 1139 1989 adverbialiter
1159 1942 1216 2003 pro
1243 1944 1355 1999 semper

224 2023 349 2099 putum,
375 2041 402 2083 v.
428 2021 535 2085 adnot.
559 2021 767 2085 Taubmanni.
792 2023 879 2087 Asin.
904 2024 929 2102 Ι,
956 2030 983 2102 l,
1007 2029 1041 2085 6:
1065 2028 1106 2085 Ut
1128 2028 1181 2084 tibi
1205 2034 1358 2099 superstes

171 2113 178 2130 ''
222 2138 275 2182 uror
293 2127 418 2181 aemam
442 2124 508 2181 siet.
555 2119 704 2197 [Nonium
729 2131 879 2198 ‚aetatem
902 2139 961 2200 pro
982 2124 1146 2183 diutissime
1170 2121 1236 2183 sive
1259 2132 1359 2182 aeter·

221 2235 269 2278 ruu
290 2218 518 2282 adverbialiter
539 2218 703 2297 posituml.
748 2218 791 2290 ΙΙ,
815 2223 844 2292 2,
873 2223 925 2280 18:
963 2221 1047 2279 Adeo
1070 2224 1250 2278 utmorem
1273 2223 1358 2279 ambo

219 2318 340 2378 ambobus
363 2319 450 2377 uobis
474 2320 533 2376 siut
556 2318 683 2379 obnoxii.
730 2316 802 2379 Aul.
826 2316 905 2395 prol.
929 2334 958 2379 ν.
982 2323 1018 2379 4;
1057 2320 1134 2377 hauc
1158 2319 1273 2376 domum
1298 2319 1359 2374 lem

219 2416 423 2475 collocandos
445 2422 492 2474 est
515 2423 548 2474 ut
570 2417 718 2490 possideo.
765 2415 852 2477 Pers.
886 2414 910 2489 Ι,
936 2419 964 2489 3,
990 2419 1044 2477 57:
1079 2417 1163 2475 Sicut
1194 2418 1262 2474 istic
1291 2418 1359 2473 leno

218 2511 348 2574 laudum
372 2531 425 2573 sex
446 2515 553 2574 areas-rb
570 2515 739 2588 Megaribus
762 2516 826 2573 Huc
851 2522 896 2574 est
920 2531 1008 2589 quom
1030 2515 1242 2589 commigravit.
1267 2509 1360 2574 Truc.

217 2606 259 2688 ΙΙΙ,
281 2614 310 2688 2,
336 2616 391 2674 20:
416 2614 566 2672 Rabonern
592 2613 708 2687 habeto,
732 2630 845 2671 mecum
870 2622 903 2671 ut
922 2615 1000 2671 banc
1020 2617 1131 2672 eructent
1154 2614 1222 2672 sies.
1256 2608 1359 2685 1114,

218 2711 257 2771 lb:
279 2721 312 2769 ut
334 2712 391 2769 boe
411 2710 473 2769 dics
495 2711 610 2783 aliquos
632 2713 712 2769 sinas
729 2712 804 2769 Eum
829 2727 895 2770 esse
919 2718 992 2784 aput
1014 2729 1068 2770 me.
1091 2728 1120 2772 v.
1136 2713 1191 2771 21:
1217 2709 1360 2767 Triduom

215 2806 255 2867 loc
277 2812 399 2883 saltum,
433 2809 500 2866 dum
531 2811 616 2867 miles
639 2810 738 2882 aliquo
763 2809 1002 2868 circumducitur.
1048 2807 1140 2886 Epic.
1168 2804 1226 2883 ΙΙΙ,
1252 2813 1281 2883 4,
1306 2809 1361 2867 62;

214 2907 348 2977 prusiam
374 2925 436 2965 sum
460 2907 555 2964 libera
577 2907 819 2978 quinquennium.
853 2903 949 2967 Pocu.
972 2904 1010 2982 V,
1034 2910 1063 2982 4,
1088 2908 1142 2967 69;
1167 2908 1244 2978 Quia
1267 2921 1361 2963 alarios

213 3005 303 3065 aalma
325 3005 403 3064 filias
424 3022 505 3062 meus
522 3006 673 3062 celavistis
696 3006 771 3062 clam
796 3020 851 3064 me.
875 3003 939 3065 Mil.
963 3002 1017 3079 IV,
1043 3008 1071 3080 2,
1094 3008 1154 3066 87:
1182 3005 1259 3075 Quin
1281 3004 1361 3061 mille

215 3117 343 3161 muorum
368 3110 516 3176 perpetuo
544 3104 643 3161 vivont
671 3102 707 3159 ab
731 3104 832 3161 saeclo
854 3103 891 3160 ad
915 3106 1054 3162 saeclum.
1079 3100 1173 3163 Most.
1198 3098 1223 3177 Ι,
1250 3104 1276 3174 1,
1302 3103 1361 3160 21:

214 3195 273 3258 lb'ec
300 3202 454 3275 uocemque
481 3201 584 3260 bibite.
630 3216 658 3259 v.
683 3201 737 3260 76:
757 3229 761 3238 ·
782 3201 955 3259 Triennium
990 3202 1038 3273 qui
1070 3202 1127 3258 iam
1163 3200 1232 3256 hinc
1264 3199 1359 3256 abest.

218 3288 294 3359 llost.
318 3315 349 3358 v.
373 3301 451 3359 235:
476 3297 538 3356 dies
560 3301 713 3370 amicoque
737 3308 828 3357 estur.
875 3295 931 3359 ΙΙΙ.
961 3302 985 3371 l,
1009 3299 1063 3377 di:
1097 3297 1210 3355 Multos
1231 3312 1278 3353 me
1304 3296 1360 3354 hoc

220 3404 292 3464 picto
313 3396 378 3455 dies
400 3395 595 3455 frustremini.
619 3397 649 3470 2,
667 3396 722 3456 78:
747 3397 806 3454 Sub
830 3398 880 3454 diu
902 3397 1001 3454 colere
1025 3402 1054 3452 te
1077 3410 1170 3466 usque
1188 3396 1359 3465 perpetuom

222 3488 287 3552 lim.
310 3491 366 3568 lv,
390 3496 420 3570 2,
444 3495 499 3555 38;
529 3495 605 3566 Quin
628 3510 679 3552 sex
700 3494 808 3552 eiramis
830 3495 888 3552 iam
912 3494 960 3552 bic
984 3510 1071 3552 uemo
1093 3492 1218 3550 habitat.
1248 3507 1277 3551 v.
1300 3493 1360 3549 42:

221 3602 356 3666 tamquam
380 3592 429 3650 bic
452 3590 581 3650 tridatem
603 3608 696 3650 auum
719 3592 875 3650 desitumst
898 3593 1041 3665 potarier.
1087 3606 1114 3650 v.
1139 3592 1194 3649 43:
1220 3586 1362 3646 Triduom

223 3699 292 3746 eom
313 3691 386 3747 baut
408 3706 476 3748 esse
498 3690 698 3748 intermissum
722 3691 771 3747 hie
795 3691 865 3749 bibi.
911 3686 1008 3749 Mero.
1038 3684 1076 3763 V,
1098 3692 1129 3764 4,
1154 3690 1209 3747 57:
1254 3683 1362 3742 Aeones

226 3793 307 3853 petus
329 3787 496 3859 saumuro.
542 3783 657 3847 Caecil.
680 3783 758 3847 Stat.
782 3785 820 3847 ir.
844 3784 1002 3848 Fallaciae
1026 3790 1058 3847 7:
1088 3786 1184 3845 Velim
1207 3784 1362 3858 paulisper

227 3884 245 3935 le
273 3887 410 3959 opperiri.
450 3915 492 3925 -
526 3885 726 3958 Quantisper?
763 3917 806 3927 -
841 3887 908 3944 Non
941 3888 1009 3959 plus
1045 3884 1186 3942 odeum.
1234 3879 1360 3942 Terent.

227 3972 334 4057 Adelph.
358 3978 414 4054 IV,
448 3984 474 4056 1,
503 3985 521 4041 b
552 3996 616 4057 sq‚:
640 3999 706 4041 nam
741 3983 819 4041 burro
850 3982 928 4040 diem
954 3983 1066 4041 Misere
1094 3983 1180 4040 nimis
1214 3980 1302 4053 cupio
1329 3984 1362 4035 ut

231 4080 298 4149 coepi,
320 4083 493 4152 perpetuom
515 4081 545 4136 iu
562 4081 679 4138 laetitia
702 4080 819 4153 degere.
844 4078 958 4140 Heaut
983 4076 1009 4154 Ι,
1036 4082 1062 4156 l,
1091 4081 1144 4139 10:
1168 4078 1274 4136 Annos
1296 4092 1361 4135 sea·

230 4170 308 4235 illac
328 4185 416 4235 uatus
437 4193 479 4248 es,
503 4180 564 4235 Aut
580 4178 651 4249 plus
674 4194 719 4252 eo,
744 4187 776 4235 ut
800 4179 924 4237 conicio.
955 4174 1071 4237 Heaut.
1094 4173 1120 4250 Ι,
1147 4180 1173 4252 1,
1198 4177 1253 4236 66:
1278 4177 1362 4233 illam

233 4276 264 4321 ⁰²⁰
280 4273 424 4341 proiectus
446 4275 554 4333 mensis
576 4276 631 4334 tris
654 4277 748 4335 obest.
769 4271 895 4336 l’lrorru.
922 4271 945 4349 l,
970 4277 999 4349 3,
1023 4277 1056 4333 7:
1080 4272 1186 4331 luisset
1209 4278 1270 4330 tum
1293 4273 1363 4331 illos

234 4361 260 4415 ui
277 4381 353 4442 aegre
377 4371 585 4442 procurares.
609 4369 727 4432 Heaut
752 4368 807 4448 lv,
824 4373 853 4444 3,
870 4375 924 4431 38;
947 4388 993 4428 rue
1016 4373 1140 4427 celuim
1156 4385 1261 4428 censes
1284 4371 1362 4428 velle
