<?xml version="1.0" encoding="UTF-8"?>
<!DOCTYPE html PUBLIC "-//W3C//DTD XHTML 1.0 Transitional//EN"
    "http://www.w3.org/TR/xhtml1/DTD/xhtml1-transitional.dtd">
<html xmlns="http://www.w3.org/1999/xhtml" xml:lang="en" lang="en">
 <head>
  <title>
</title>
<meta http-equiv="Content-Type" content="text/html;charset=utf-8" />
  <meta name='ocr-system' content='tesseract 3.04.00' />
  <meta name='ocr-capabilities' content='ocr_page ocr_carea ocr_par ocr_line ocrx_word'/>
</head>
<body>
  <div class='ocr_page' id='page_1' title='image "./syntaxispriscor00holtgoog_0820.png"; bbox 0 0 3125 5075; ppageno 0'>
   <div class='ocr_carea' id='block_1_1' title="bbox 509 374 1284 443">
    <p class='ocr_par' dir='ltr' id='par_1_1' title="bbox 509 374 1284 443">
     <span class='ocr_line' id='line_1_1' title="bbox 509 374 1284 443; baseline 0.019 -29"><span class='ocrx_word' id='word_1_1' title='bbox 509 374 657 416; x_wconf 72' lang='lat' dir='ltr'>DOCTRIM</span> <span class='ocrx_word' id='word_1_2' title='bbox 691 375 923 416; x_wconf 73' lang='lat' dir='ltr'><strong>Puuxlcunxaml.</strong></span> <span class='ocrx_word' id='word_1_3' title='bbox 1226 382 1284 443; x_wconf 78' lang='lat'><strong>361</strong></span> 
     </span>
    </p>
   </div>
   <div class='ocr_carea' id='block_1_2' title="bbox 139 564 1290 629">
    <p class='ocr_par' dir='ltr' id='par_1_2' title="bbox 139 564 1290 629">
     <span class='ocr_line' id='line_1_2' title="bbox 139 564 1290 629; baseline 0.001 -5"><span class='ocrx_word' id='word_1_4' title='bbox 139 566 312 627; x_wconf 76' lang='lat' dir='ltr'><strong>Amandone</strong></span> <span class='ocrx_word' id='word_1_5' title='bbox 336 570 488 629; x_wconf 79' lang='lat' dir='ltr'><strong>exorarier</strong></span> <span class='ocrx_word' id='word_1_6' title='bbox 511 577 540 628; x_wconf 91' lang='lat' dir='ltr'><strong>te</strong></span> <span class='ocrx_word' id='word_1_7' title='bbox 563 571 608 628; x_wconf 81' lang='lat' dir='ltr'><strong>vis</strong></span> <span class='ocrx_word' id='word_1_8' title='bbox 631 585 668 627; x_wconf 89' lang='lat' dir='ltr'><strong>an</strong></span> <span class='ocrx_word' id='word_1_9' title='bbox 691 565 896 628; x_wconf 79' lang='lat' dir='ltr'><strong>ausculando&#39;?</strong></span> <span class='ocrx_word' id='word_1_10' title='bbox 925 564 978 628; x_wconf 85' lang='lat' dir='ltr'><strong>LI.</strong></span> <span class='ocrx_word' id='word_1_11' title='bbox 1001 567 1162 626; x_wconf 82' lang='lat' dir='ltr'><strong>Enimvero</strong></span> <span class='ocrx_word' id='word_1_12' title='bbox 1178 574 1290 625; x_wconf 89' lang='lat' dir='ltr'><strong>utrum·</strong></span> 
     </span>
    </p>
   </div>
   <div class='ocr_carea' id='block_1_3' title="bbox 135 659 1293 4474">
    <p class='ocr_par' dir='ltr' id='par_1_3' title="bbox 138 659 1292 936">
     <span class='ocr_line' id='line_1_3' title="bbox 139 659 1291 742; baseline 0.003 -21"><span class='ocrx_word' id='word_1_13' title='bbox 139 681 204 736; x_wconf 87' lang='lat' dir='ltr'><strong>qne.</strong></span> <span class='ocrx_word' id='word_1_14' title='bbox 250 659 340 742; x_wconf 84' lang='lat' dir='ltr'><strong>Capt.</strong></span> <span class='ocrx_word' id='word_1_15' title='bbox 363 662 423 742; x_wconf 89' lang='lat'>111,</span> <span class='ocrx_word' id='word_1_16' title='bbox 447 672 484 741; x_wconf 86' lang='grc'>4,</span> <span class='ocrx_word' id='word_1_17' title='bbox 508 668 565 728; x_wconf 85' lang='lat'><strong>95:</strong></span> <span class='ocrx_word' id='word_1_18' title='bbox 595 667 759 726; x_wconf 78' lang='lat' dir='ltr'><strong>Eninrocro</strong></span> <span class='ocrx_word' id='word_1_19' title='bbox 790 665 941 741; x_wconf 83' lang='lat' dir='ltr'><strong>nonfuit,</strong></span> <span class='ocrx_word' id='word_1_20' title='bbox 969 682 1061 739; x_wconf 88' lang='lat' dir='ltr'><strong>nugas</strong></span> <span class='ocrx_word' id='word_1_21' title='bbox 1088 665 1158 739; x_wconf 89' lang='lat' dir='ltr'><strong>agit.</strong></span> <span class='ocrx_word' id='word_1_22' title='bbox 1203 659 1291 724; x_wconf 88' lang='lat' dir='ltr'><strong>Trin.</strong></span> 
     </span>
     <span class='ocr_line' id='line_1_4' title="bbox 138 757 1292 837; baseline -0.002 -16"><span class='ocrx_word' id='word_1_23' title='bbox 138 757 194 834; x_wconf 84' lang='lat' dir='ltr'><strong>lv,</strong></span> <span class='ocrx_word' id='word_1_24' title='bbox 219 762 247 828; x_wconf 81' lang='lat'><strong>2,</strong></span> <span class='ocrx_word' id='word_1_25' title='bbox 275 766 349 824; x_wconf 79' lang='lat'>145:</span> <span class='ocrx_word' id='word_1_26' title='bbox 373 764 402 823; x_wconf 92' lang='lat' dir='ltr'><strong>Is</strong></span> <span class='ocrx_word' id='word_1_27' title='bbox 425 766 570 825; x_wconf 83' lang='lat' dir='ltr'><strong>enimuero</strong></span> <span class='ocrx_word' id='word_1_28' title='bbox 591 782 663 825; x_wconf 91' lang='lat' dir='ltr'><strong>sum.</strong></span> <span class='ocrx_word' id='word_1_29' title='bbox 707 779 736 826; x_wconf 83' lang='lat' dir='ltr'><strong>v.</strong></span> <span class='ocrx_word' id='word_1_30' title='bbox 765 768 837 826; x_wconf 83' lang='lat'>147:</span> <span class='ocrx_word' id='word_1_31' title='bbox 867 766 1029 823; x_wconf 83' lang='lat' dir='ltr'><strong>Enimvero</strong></span> <span class='ocrx_word' id='word_1_32' title='bbox 1059 780 1127 823; x_wconf 89' lang='lat' dir='ltr'><strong>sero</strong></span> <span class='ocrx_word' id='word_1_33' title='bbox 1151 763 1292 837; x_wconf 85' lang='lat' dir='ltr'><strong>quonium</strong></span> 
     </span>
     <span class='ocr_line' id='line_1_5' title="bbox 140 855 573 936; baseline 0.014 -21"><span class='ocrx_word' id='word_1_34' title='bbox 140 855 224 933; x_wconf 90' lang='lat' dir='ltr'><strong>[buc]</strong></span> <span class='ocrx_word' id='word_1_35' title='bbox 248 859 378 934; x_wconf 86' lang='lat' dir='ltr'><strong>advenis,</strong></span> <span class='ocrx_word' id='word_1_36' title='bbox 404 863 573 936; x_wconf 75' lang='lat' dir='ltr'>vapulabis.</span> 
     </span>
    </p>

    <p class='ocr_par' dir='ltr' id='par_1_4' title="bbox 137 955 1293 1620">
     <span class='ocr_line' id='line_1_6' title="bbox 225 955 1290 1037; baseline 0 -19"><span class='ocrx_word' id='word_1_37' title='bbox 225 973 252 1018; x_wconf 91' lang='lat' dir='ltr'><strong>e.</strong></span> <span class='ocrx_word' id='word_1_38' title='bbox 297 955 399 1037; x_wconf 83' lang='lat' dir='ltr'>Saepe</span> <span class='ocrx_word' id='word_1_39' title='bbox 422 958 518 1021; x_wconf 87' lang='lat' dir='ltr'><strong>etiam</strong></span> <span class='ocrx_word' id='word_1_40' title='bbox 539 955 658 1022; x_wconf 84' lang='lat' dir='ltr'><strong>facturn</strong></span> <span class='ocrx_word' id='word_1_41' title='bbox 682 963 740 1035; x_wconf 89' lang='lat' dir='ltr'><strong>eet,</strong></span> <span class='ocrx_word' id='word_1_42' title='bbox 763 961 800 1021; x_wconf 92' lang='lat' dir='ltr'><strong>ut</strong></span> <span class='ocrx_word' id='word_1_43' title='bbox 820 956 900 1021; x_wconf 88' lang='lat' dir='ltr'><strong>haec</strong></span> <span class='ocrx_word' id='word_1_44' title='bbox 923 955 1080 1037; x_wconf 87' lang='lat' dir='ltr'><strong>particula</strong></span> <span class='ocrx_word' id='word_1_45' title='bbox 1099 955 1233 1021; x_wconf 81' lang='lat' dir='ltr'><strong>ironiam</strong></span> <span class='ocrx_word' id='word_1_46' title='bbox 1257 960 1290 1019; x_wconf 87' lang='lat' dir='ltr'><strong>et</strong></span> 
     </span>
     <span class='ocr_line' id='line_1_7' title="bbox 138 1050 1289 1134; baseline 0 -21"><span class='ocrx_word' id='word_1_47' title='bbox 138 1050 390 1132; x_wconf 77' lang='lat' dir='ltr'><strong>indignationem</strong></span> <span class='ocrx_word' id='word_1_48' title='bbox 413 1059 446 1119; x_wconf 92' lang='lat' dir='ltr'><strong>et</strong></span> <span class='ocrx_word' id='word_1_49' title='bbox 467 1055 610 1134; x_wconf 86' lang='lat' dir='ltr'><strong>quemvis</strong></span> <span class='ocrx_word' id='word_1_50' title='bbox 633 1055 752 1120; x_wconf 88' lang='lat' dir='ltr'><strong>doloris</strong></span> <span class='ocrx_word' id='word_1_51' title='bbox 774 1053 923 1120; x_wconf 82' lang='lat' dir='ltr'><strong>affectum</strong></span> <span class='ocrx_word' id='word_1_52' title='bbox 947 1053 1140 1134; x_wconf 79' lang='lat' dir='ltr'><strong>designaret.</strong></span> <span class='ocrx_word' id='word_1_53' title='bbox 1185 1052 1289 1117; x_wconf 85' lang='lat' dir='ltr'><strong>Plani.</strong></span> 
     </span>
     <span class='ocr_line' id='line_1_8' title="bbox 137 1146 1292 1231; baseline -0.001 -19"><span class='ocrx_word' id='word_1_54' title='bbox 137 1146 230 1214; x_wconf 83' lang='lat' dir='ltr'><strong>Curc.</strong></span> <span class='ocrx_word' id='word_1_55' title='bbox 255 1149 292 1230; x_wconf 90' lang='lat' dir='ltr'><strong>V,</strong></span> <span class='ocrx_word' id='word_1_56' title='bbox 317 1156 346 1231; x_wconf 85' lang='lat'><strong>2,</strong></span> <span class='ocrx_word' id='word_1_57' title='bbox 373 1158 424 1217; x_wconf 91' lang='lat'><strong>10:</strong></span> <span class='ocrx_word' id='word_1_58' title='bbox 450 1146 612 1217; x_wconf 71' lang='lat' dir='ltr'><strong>Enimuero</strong></span> <span class='ocrx_word' id='word_1_59' title='bbox 635 1157 757 1217; x_wconf 75' lang='lat' dir='ltr'><strong>irascor,</strong></span> <span class='ocrx_word' id='word_1_60' title='bbox 803 1153 898 1217; x_wconf 88' lang='lat' dir='ltr'><strong>Merc.</strong></span> <span class='ocrx_word' id='word_1_61' title='bbox 914 1151 970 1231; x_wconf 89' lang='lat' dir='ltr'><strong>lv,</strong></span> <span class='ocrx_word' id='word_1_62' title='bbox 993 1157 1022 1228; x_wconf 85' lang='lat'><strong>3,</strong></span> <span class='ocrx_word' id='word_1_63' title='bbox 1046 1155 1100 1216; x_wconf 81' lang='lat'><strong>38:</strong></span> <span class='ocrx_word' id='word_1_64' title='bbox 1125 1154 1202 1211; x_wconf 78' lang='lat' dir='ltr'><strong>eninr</strong></span> <span class='ocrx_word' id='word_1_65' title='bbox 1222 1169 1292 1212; x_wconf 83' lang='lat' dir='ltr'><strong>cero</strong></span> 
     </span>
     <span class='ocr_line' id='line_1_9' title="bbox 137 1248 1293 1331; baseline 0.004 -25"><span class='ocrx_word' id='word_1_66' title='bbox 137 1248 258 1308; x_wconf 87' lang='lat' dir='ltr'><strong>haereo.</strong></span> <span class='ocrx_word' id='word_1_67' title='bbox 302 1249 397 1314; x_wconf 85' lang='lat' dir='ltr'><strong>Poeu.</strong></span> <span class='ocrx_word' id='word_1_68' title='bbox 420 1249 451 1330; x_wconf 93' lang='lat'><strong>1,</strong></span> <span class='ocrx_word' id='word_1_69' title='bbox 474 1255 508 1331; x_wconf 84' lang='lat'><strong>2,</strong></span> <span class='ocrx_word' id='word_1_70' title='bbox 532 1255 587 1316; x_wconf 85' lang='lat'><strong>83:</strong></span> <span class='ocrx_word' id='word_1_71' title='bbox 622 1256 799 1322; x_wconf 79' lang='lat' dir='ltr'><strong>Enimvero,</strong></span> <span class='ocrx_word' id='word_1_72' title='bbox 822 1272 889 1320; x_wconf 86' lang='lat' dir='ltr'><strong>ere,</strong></span> <span class='ocrx_word' id='word_1_73' title='bbox 916 1271 982 1314; x_wconf 91' lang='lat' dir='ltr'><strong>meo</strong></span> <span class='ocrx_word' id='word_1_74' title='bbox 1005 1269 1051 1311; x_wconf 89' lang='lat' dir='ltr'><strong>me</strong></span> <span class='ocrx_word' id='word_1_75' title='bbox 1074 1253 1197 1319; x_wconf 82' lang='lat' dir='ltr'><strong>lacessis</strong></span> <span class='ocrx_word' id='word_1_76' title='bbox 1219 1251 1293 1311; x_wconf 92' lang='lat' dir='ltr'><strong>ludo</strong></span> 
     </span>
     <span class='ocr_line' id='line_1_10' title="bbox 137 1344 1290 1430; baseline 0.004 -26"><span class='ocrx_word' id='word_1_77' title='bbox 137 1354 169 1405; x_wconf 86' lang='lat' dir='ltr'><strong>et</strong></span> <span class='ocrx_word' id='word_1_78' title='bbox 193 1347 315 1409; x_wconf 88' lang='lat' dir='ltr'><strong>deliciae</strong></span> <span class='ocrx_word' id='word_1_79' title='bbox 339 1350 422 1412; x_wconf 85' lang='lat' dir='ltr'><strong>tacis.</strong></span> <span class='ocrx_word' id='word_1_80' title='bbox 465 1348 553 1414; x_wconf 86' lang='lat' dir='ltr'><strong>Pers.</strong></span> <span class='ocrx_word' id='word_1_81' title='bbox 575 1348 635 1429; x_wconf 84' lang='lat'>111,</span> <span class='ocrx_word' id='word_1_82' title='bbox 662 1355 689 1430; x_wconf 93' lang='lat' dir='ltr'><strong>l,</strong></span> <span class='ocrx_word' id='word_1_83' title='bbox 713 1354 767 1414; x_wconf 81' lang='lat'><strong>21:</strong></span> <span class='ocrx_word' id='word_1_84' title='bbox 796 1354 959 1413; x_wconf 77' lang='lat' dir='ltr'><strong>Enimvero</strong></span> <span class='ocrx_word' id='word_1_85' title='bbox 981 1347 1117 1410; x_wconf 87' lang='lat' dir='ltr'><strong>odiosn&#39;s.</strong></span> <span class='ocrx_word' id='word_1_86' title='bbox 1162 1344 1290 1410; x_wconf 85' lang='lat' dir='ltr'><strong>Terent.</strong></span> 
     </span>
     <span class='ocr_line' id='line_1_11' title="bbox 137 1440 1292 1529; baseline 0.002 -25"><span class='ocrx_word' id='word_1_87' title='bbox 137 1440 265 1507; x_wconf 89' lang='lat' dir='ltr'><strong>Phorm.</strong></span> <span class='ocrx_word' id='word_1_88' title='bbox 291 1443 353 1520; x_wconf 91' lang='grc' dir='ltr'>ΙΙΙ,</span> <span class='ocrx_word' id='word_1_89' title='bbox 380 1452 412 1522; x_wconf 93' lang='grc'>1,</span> <span class='ocrx_word' id='word_1_90' title='bbox 440 1452 472 1511; x_wconf 92' lang='lat' dir='ltr'><strong>l:</strong></span> <span class='ocrx_word' id='word_1_91' title='bbox 505 1450 599 1510; x_wconf 82' lang='lat' dir='ltr'><strong>Enim</strong></span> <span class='ocrx_word' id='word_1_92' title='bbox 625 1467 708 1519; x_wconf 83' lang='lat' dir='ltr'><strong>cero,</strong></span> <span class='ocrx_word' id='word_1_93' title='bbox 735 1451 882 1529; x_wconf 80' lang='lat' dir='ltr'><strong>Antipho,</strong></span> <span class='ocrx_word' id='word_1_94' title='bbox 915 1448 1096 1509; x_wconf 82' lang='lat' dir='ltr'><strong>multimodis</strong></span> <span class='ocrx_word' id='word_1_95' title='bbox 1124 1463 1189 1506; x_wconf 91' lang='lat' dir='ltr'><strong>cum</strong></span> <span class='ocrx_word' id='word_1_96' title='bbox 1212 1447 1292 1507; x_wconf 87' lang='lat' dir='ltr'><strong>istoc</strong></span> 
     </span>
     <span class='ocr_line' id='line_1_12' title="bbox 137 1544 533 1620; baseline 0.018 -19"><span class='ocrx_word' id='word_1_97' title='bbox 137 1544 236 1601; x_wconf 83' lang='lat' dir='ltr'><strong>animo</strong></span> <span class='ocrx_word' id='word_1_98' title='bbox 259 1560 291 1604; x_wconf 89' lang='lat' dir='ltr'><strong>es</strong></span> <span class='ocrx_word' id='word_1_99' title='bbox 314 1547 533 1620; x_wconf 86' lang='lat' dir='ltr'><strong>vituperandus.</strong></span> 
     </span>
    </p>

    <p class='ocr_par' dir='ltr' id='par_1_5' title="bbox 135 1640 1293 2605">
     <span class='ocr_line' id='line_1_13' title="bbox 227 1640 1292 1725; baseline 0 -23"><span class='ocrx_word' id='word_1_100' title='bbox 227 1643 276 1703; x_wconf 88' lang='lat'><strong>50.</strong></span> <span class='ocrx_word' id='word_1_101' title='bbox 322 1643 370 1705; x_wconf 89' lang='lat' dir='ltr'><strong>Do</strong></span> <span class='ocrx_word' id='word_1_102' title='bbox 394 1640 624 1723; x_wconf 85' lang='lat' dir='ltr'><strong>significatione</strong></span> <span class='ocrx_word' id='word_1_103' title='bbox 653 1643 829 1725; x_wconf 86' lang='lat' dir='ltr'><strong>particulae</strong></span> <span class='ocrx_word' id='word_1_104' title='bbox 855 1662 926 1703; x_wconf 87' lang='lat' dir='ltr'><strong>nom</strong></span> <span class='ocrx_word' id='word_1_105' title='bbox 954 1642 1020 1706; x_wconf 88' lang='lat' dir='ltr'><strong>sive</strong></span> <span class='ocrx_word' id='word_1_106' title='bbox 1048 1659 1176 1717; x_wconf 78' lang='lat' dir='ltr'><strong>nonque</strong></span> <span class='ocrx_word' id='word_1_107' title='bbox 1205 1640 1292 1703; x_wconf 90' lang='lat' dir='ltr'><strong>Han-</strong></span> 
     </span>
     <span class='ocr_line' id='line_1_14' title="bbox 138 1736 1290 1821; baseline 0.003 -22"><span class='ocrx_word' id='word_1_108' title='bbox 138 1736 212 1801; x_wconf 93' lang='lat' dir='ltr'><strong>dius</strong></span> <span class='ocrx_word' id='word_1_109' title='bbox 235 1738 367 1804; x_wconf 90' lang='lat' dir='ltr'><strong>Tursell.</strong></span> <span class='ocrx_word' id='word_1_110' title='bbox 392 1740 446 1818; x_wconf 86' lang='lat' dir='ltr'><strong>IV,</strong></span> <span class='ocrx_word' id='word_1_111' title='bbox 469 1758 498 1820; x_wconf 92' lang='lat' dir='ltr'><strong>p.</strong></span> <span class='ocrx_word' id='word_1_112' title='bbox 517 1746 534 1802; x_wconf 87' lang='lat'><strong>3</strong></span> <span class='ocrx_word' id='word_1_113' title='bbox 559 1740 639 1815; x_wconf 84' lang='lat' dir='ltr'><strong>haec</strong></span> <span class='ocrx_word' id='word_1_114' title='bbox 652 1736 761 1808; x_wconf 86' lang='lat' dir='ltr'><strong>hebet:</strong></span> <span class='ocrx_word' id='word_1_115' title='bbox 785 1744 887 1821; x_wconf 83' lang='lat' dir='ltr'><strong>„Non</strong></span> <span class='ocrx_word' id='word_1_116' title='bbox 902 1740 999 1805; x_wconf 90' lang='lat' dir='ltr'><strong>habet</strong></span> <span class='ocrx_word' id='word_1_117' title='bbox 1014 1739 1076 1803; x_wconf 86' lang='lat' dir='ltr'><strong>vim</strong></span> <span class='ocrx_word' id='word_1_118' title='bbox 1093 1737 1290 1818; x_wconf 88' lang='lat' dir='ltr'><strong>designandi.</strong></span> 
     </span>
     <span class='ocr_line' id='line_1_15' title="bbox 138 1834 1291 1919; baseline 0 -20"><span class='ocrx_word' id='word_1_119' title='bbox 138 1834 204 1899; x_wconf 84' lang='lat' dir='ltr'><strong>Ubi</strong></span> <span class='ocrx_word' id='word_1_120' title='bbox 227 1836 309 1899; x_wconf 91' lang='lat' dir='ltr'><strong>enim</strong></span> <span class='ocrx_word' id='word_1_121' title='bbox 333 1857 384 1901; x_wconf 86' lang='lat' dir='ltr'><strong>res</strong></span> <span class='ocrx_word' id='word_1_122' title='bbox 407 1837 514 1919; x_wconf 87' lang='lat' dir='ltr'><strong>aliqua</strong></span> <span class='ocrx_word' id='word_1_123' title='bbox 535 1840 716 1905; x_wconf 85' lang='lat' dir='ltr'><strong>accuratius</strong></span> <span class='ocrx_word' id='word_1_124' title='bbox 739 1836 917 1904; x_wconf 91' lang='lat' dir='ltr'><strong>definienda</strong></span> <span class='ocrx_word' id='word_1_125' title='bbox 939 1844 998 1917; x_wconf 85' lang='lat' dir='ltr'><strong>est,</strong></span> <span class='ocrx_word' id='word_1_126' title='bbox 1020 1839 1062 1917; x_wconf 90' lang='lat' dir='ltr'><strong>id,</strong></span> <span class='ocrx_word' id='word_1_127' title='bbox 1086 1854 1149 1917; x_wconf 91' lang='lat' dir='ltr'><strong>quo</strong></span> <span class='ocrx_word' id='word_1_128' title='bbox 1165 1855 1204 1900; x_wconf 91' lang='lat' dir='ltr'><strong>ea</strong></span> <span class='ocrx_word' id='word_1_129' title='bbox 1219 1855 1291 1900; x_wconf 92' lang='lat' dir='ltr'><strong>con-</strong></span> 
     </span>
     <span class='ocr_line' id='line_1_16' title="bbox 137 1935 1293 2016; baseline 0.002 -20"><span class='ocrx_word' id='word_1_130' title='bbox 137 1937 204 1996; x_wconf 88' lang='lat' dir='ltr'><strong>stat</strong></span> <span class='ocrx_word' id='word_1_131' title='bbox 225 1940 281 1997; x_wconf 87' lang='lat' dir='ltr'><strong>eut</strong></span> <span class='ocrx_word' id='word_1_132' title='bbox 311 1936 394 2014; x_wconf 91' lang='lat' dir='ltr'><strong>quod</strong></span> <span class='ocrx_word' id='word_1_133' title='bbox 416 1936 448 2000; x_wconf 92' lang='lat' dir='ltr'><strong>in</strong></span> <span class='ocrx_word' id='word_1_134' title='bbox 471 1955 508 2001; x_wconf 86' lang='lat' dir='ltr'><strong>ea</strong></span> <span class='ocrx_word' id='word_1_135' title='bbox 532 1955 641 2001; x_wconf 88' lang='lat' dir='ltr'><strong>verum</strong></span> <span class='ocrx_word' id='word_1_136' title='bbox 664 1950 726 2016; x_wconf 86' lang='lat' dir='ltr'><strong>est,</strong></span> <span class='ocrx_word' id='word_1_137' title='bbox 757 1936 810 2002; x_wconf 88' lang='lat' dir='ltr'><strong>vel</strong></span> <span class='ocrx_word' id='word_1_138' title='bbox 836 1937 899 2002; x_wconf 89' lang='lat' dir='ltr'><strong>alia</strong></span> <span class='ocrx_word' id='word_1_139' title='bbox 928 1955 964 2001; x_wconf 90' lang='lat' dir='ltr'><strong>re</strong></span> <span class='ocrx_word' id='word_1_140' title='bbox 991 1937 1041 2001; x_wconf 87' lang='lat' dir='ltr'><strong>vel</strong></span> <span class='ocrx_word' id='word_1_141' title='bbox 1068 1935 1174 2013; x_wconf 88' lang='lat' dir='ltr'><strong>aliquo</strong></span> <span class='ocrx_word' id='word_1_142' title='bbox 1196 1953 1293 2014; x_wconf 86' lang='lat' dir='ltr'><strong>argu-</strong></span> 
     </span>
     <span class='ocr_line' id='line_1_17' title="bbox 138 2032 1292 2114; baseline 0.002 -20"><span class='ocrx_word' id='word_1_143' title='bbox 138 2037 247 2095; x_wconf 88' lang='lat' dir='ltr'><strong>mento</strong></span> <span class='ocrx_word' id='word_1_144' title='bbox 270 2032 508 2099; x_wconf 83' lang='lat' dir='ltr'><strong>demonstratur</strong></span> <span class='ocrx_word' id='word_1_145' title='bbox 529 2041 625 2114; x_wconf 86' lang='lat' dir='ltr'><strong>atque</strong></span> <span class='ocrx_word' id='word_1_146' title='bbox 648 2033 860 2099; x_wconf 89' lang='lat' dir='ltr'><strong>confirmatur.</strong></span> <span class='ocrx_word' id='word_1_147' title='bbox 911 2035 994 2100; x_wconf 88' lang='lat' dir='ltr'><strong>Sunt</strong></span> <span class='ocrx_word' id='word_1_148' title='bbox 1015 2051 1090 2098; x_wconf 88' lang='lat' dir='ltr'><strong>vcro</strong></span> <span class='ocrx_word' id='word_1_149' title='bbox 1114 2034 1292 2098; x_wconf 84' lang='lat' dir='ltr'><strong>sentcntiae</strong></span> 
     </span>
     <span class='ocr_line' id='line_1_18' title="bbox 138 2128 1293 2213; baseline 0 -20"><span class='ocrx_word' id='word_1_150' title='bbox 138 2148 197 2210; x_wconf 87' lang='lat' dir='ltr'><strong>per</strong></span> <span class='ocrx_word' id='word_1_151' title='bbox 229 2151 299 2191; x_wconf 86' lang='lat' dir='ltr'><strong>nam</strong></span> <span class='ocrx_word' id='word_1_152' title='bbox 329 2132 550 2213; x_wconf 76' lang='lat' dir='ltr'><strong>adiungendus</strong></span> <span class='ocrx_word' id='word_1_153' title='bbox 577 2128 712 2213; x_wconf 83' lang='lat' dir='ltr'><strong>triplicis</strong></span> <span class='ocrx_word' id='word_1_154' title='bbox 737 2134 882 2213; x_wconf 89' lang='lat' dir='ltr'><strong>generis,</strong></span> <span class='ocrx_word' id='word_1_155' title='bbox 906 2132 1123 2213; x_wconf 79' lang='lat' dir='ltr'><strong>expositionis,</strong></span> <span class='ocrx_word' id='word_1_156' title='bbox 1148 2148 1293 2211; x_wconf 84' lang='lat' dir='ltr'><strong>conrpro·</strong></span> 
     </span>
     <span class='ocr_line' id='line_1_19' title="bbox 139 2229 1291 2312; baseline -0.003 -18"><span class='ocrx_word' id='word_1_157' title='bbox 139 2230 287 2296; x_wconf 88' lang='lat' dir='ltr'><strong>bationis,</strong></span> <span class='ocrx_word' id='word_1_158' title='bbox 311 2231 565 2296; x_wconf 82' lang='lat' dir='ltr'><strong>asseverationis.</strong></span> <span class='ocrx_word' id='word_1_159' title='bbox 603 2231 811 2312; x_wconf 86' lang='lat' dir='ltr'><strong>Expositione</strong></span> <span class='ocrx_word' id='word_1_160' title='bbox 827 2229 1033 2310; x_wconf 83' lang='lat' dir='ltr'><strong>intelligimus</strong></span> <span class='ocrx_word' id='word_1_161' title='bbox 1047 2230 1151 2309; x_wconf 86' lang='lat' dir='ltr'><strong>qualis</strong></span> <span class='ocrx_word' id='word_1_162' title='bbox 1166 2229 1208 2294; x_wconf 88' lang='lat' dir='ltr'><strong>sit</strong></span> <span class='ocrx_word' id='word_1_163' title='bbox 1224 2247 1291 2294; x_wconf 92' lang='lat' dir='ltr'><strong>res:</strong></span> 
     </span>
     <span class='ocr_line' id='line_1_20' title="bbox 140 2325 1293 2409; baseline -0.001 -17"><span class='ocrx_word' id='word_1_164' title='bbox 140 2328 398 2407; x_wconf 85' lang='lat' dir='ltr'><strong>comprobatione</strong></span> <span class='ocrx_word' id='word_1_165' title='bbox 436 2330 669 2409; x_wconf 83' lang='lat' dir='ltr'><strong>cognoscimus,</strong></span> <span class='ocrx_word' id='word_1_166' title='bbox 702 2329 787 2394; x_wconf 89' lang='lat' dir='ltr'><strong>unde</strong></span> <span class='ocrx_word' id='word_1_167' title='bbox 823 2334 856 2393; x_wconf 90' lang='lat' dir='ltr'><strong>et</strong></span> <span class='ocrx_word' id='word_1_168' title='bbox 894 2345 958 2408; x_wconf 88' lang='lat' dir='ltr'><strong>qua</strong></span> <span class='ocrx_word' id='word_1_169' title='bbox 989 2327 1112 2393; x_wconf 89' lang='lat' dir='ltr'><strong>ratione</strong></span> <span class='ocrx_word' id='word_1_170' title='bbox 1149 2325 1205 2391; x_wconf 89' lang='lat' dir='ltr'><strong>fiat</strong></span> <span class='ocrx_word' id='word_1_171' title='bbox 1236 2331 1293 2391; x_wconf 90' lang='lat' dir='ltr'><strong>aut</strong></span> 
     </span>
     <span class='ocr_line' id='line_1_21' title="bbox 135 2424 1291 2493; baseline 0.002 -5"><span class='ocrx_word' id='word_1_172' title='bbox 135 2424 222 2490; x_wconf 90' lang='lat' dir='ltr'><strong>facta</strong></span> <span class='ocrx_word' id='word_1_173' title='bbox 244 2426 302 2490; x_wconf 87' lang='lat' dir='ltr'><strong>sit:</strong></span> <span class='ocrx_word' id='word_1_174' title='bbox 325 2426 562 2492; x_wconf 85' lang='lat' dir='ltr'><strong>asseveratione</strong></span> <span class='ocrx_word' id='word_1_175' title='bbox 585 2428 824 2493; x_wconf 87' lang='lat' dir='ltr'><strong>demonstratur</strong></span> <span class='ocrx_word' id='word_1_176' title='bbox 846 2443 915 2491; x_wconf 88' lang='lat' dir='ltr'><strong>eam</strong></span> <span class='ocrx_word' id='word_1_177' title='bbox 938 2444 1045 2492; x_wconf 90' lang='lat' dir='ltr'><strong>veram</strong></span> <span class='ocrx_word' id='word_1_178' title='bbox 1068 2424 1170 2491; x_wconf 84' lang='lat' dir='ltr'><strong>esse.“</strong></span> <span class='ocrx_word' id='word_1_179' title='bbox 1204 2425 1291 2490; x_wconf 84' lang='lat' dir='ltr'><strong>Han·</strong></span> 
     </span>
     <span class='ocr_line' id='line_1_22' title="bbox 137 2524 793 2605; baseline 0 -15"><span class='ocrx_word' id='word_1_180' title='bbox 137 2524 225 2590; x_wconf 89' lang='lat' dir='ltr'><strong>dium</strong></span> <span class='ocrx_word' id='word_1_181' title='bbox 248 2543 365 2605; x_wconf 85' lang='lat' dir='ltr'><strong>sequar</strong></span> <span class='ocrx_word' id='word_1_182' title='bbox 386 2524 482 2590; x_wconf 88' lang='lat' dir='ltr'><strong>etiam</strong></span> <span class='ocrx_word' id='word_1_183' title='bbox 505 2525 537 2590; x_wconf 90' lang='lat' dir='ltr'><strong>in</strong></span> <span class='ocrx_word' id='word_1_184' title='bbox 559 2525 793 2592; x_wconf 86' lang='lat' dir='ltr'><strong>distributione.</strong></span> 
     </span>
    </p>

    <p class='ocr_par' dir='ltr' id='par_1_6' title="bbox 136 2621 1291 3087">
     <span class='ocr_line' id='line_1_23' title="bbox 224 2621 1291 2706; baseline 0.002 -19"><span class='ocrx_word' id='word_1_185' title='bbox 224 2642 251 2688; x_wconf 90' lang='lat' dir='ltr'><strong>u.</strong></span> <span class='ocrx_word' id='word_1_186' title='bbox 296 2624 437 2688; x_wconf 91' lang='lat' dir='ltr'><strong>Primum</strong></span> <span class='ocrx_word' id='word_1_187' title='bbox 464 2624 504 2690; x_wconf 94' lang='lat' dir='ltr'><strong>de</strong></span> <span class='ocrx_word' id='word_1_188' title='bbox 531 2626 741 2706; x_wconf 84' lang='lat' dir='ltr'><strong>expositione,</strong></span> <span class='ocrx_word' id='word_1_189' title='bbox 775 2642 839 2705; x_wconf 91' lang='lat' dir='ltr'><strong>qua</strong></span> <span class='ocrx_word' id='word_1_190' title='bbox 872 2640 923 2687; x_wconf 88' lang='lat' dir='ltr'><strong>res</strong></span> <span class='ocrx_word' id='word_1_191' title='bbox 957 2621 1065 2703; x_wconf 86' lang='lat' dir='ltr'><strong>aliqua</strong></span> <span class='ocrx_word' id='word_1_192' title='bbox 1098 2623 1291 2689; x_wconf 86' lang='lat' dir='ltr'><strong>declaretur.</strong></span> 
     </span>
     <span class='ocr_line' id='line_1_24' title="bbox 138 2717 1290 2803; baseline 0.004 -22"><span class='ocrx_word' id='word_1_193' title='bbox 138 2721 245 2798; x_wconf 85' lang='lat' dir='ltr'><strong>Atque</strong></span> <span class='ocrx_word' id='word_1_194' title='bbox 268 2722 327 2786; x_wconf 91' lang='lat' dir='ltr'><strong>hoc</strong></span> <span class='ocrx_word' id='word_1_195' title='bbox 350 2722 443 2788; x_wconf 91' lang='lat' dir='ltr'><strong>modo</strong></span> <span class='ocrx_word' id='word_1_196' title='bbox 473 2730 529 2788; x_wconf 81' lang='lat' dir='ltr'><strong>aut</strong></span> <span class='ocrx_word' id='word_1_197' title='bbox 551 2725 638 2789; x_wconf 91' lang='lat' dir='ltr'><strong>notio</strong></span> <span class='ocrx_word' id='word_1_198' title='bbox 661 2724 768 2803; x_wconf 86' lang='lat' dir='ltr'><strong>aliqua</strong></span> <span class='ocrx_word' id='word_1_199' title='bbox 790 2727 847 2788; x_wconf 90' lang='lat' dir='ltr'><strong>aut</strong></span> <span class='ocrx_word' id='word_1_200' title='bbox 874 2739 926 2786; x_wconf 89' lang='lat' dir='ltr'><strong>res</strong></span> <span class='ocrx_word' id='word_1_201' title='bbox 949 2717 1099 2785; x_wconf 84' lang='lat' dir='ltr'><strong>definitur</strong></span> <span class='ocrx_word' id='word_1_202' title='bbox 1126 2728 1159 2786; x_wconf 89' lang='lat' dir='ltr'><strong>et</strong></span> <span class='ocrx_word' id='word_1_203' title='bbox 1187 2722 1290 2802; x_wconf 85' lang='lat' dir='ltr'><strong>qualis</strong></span> 
     </span>
     <span class='ocr_line' id='line_1_25' title="bbox 138 2817 1291 2900; baseline 0.001 -20"><span class='ocrx_word' id='word_1_204' title='bbox 138 2834 178 2880; x_wconf 88' lang='lat' dir='ltr'><strong>ea</strong></span> <span class='ocrx_word' id='word_1_205' title='bbox 201 2817 243 2879; x_wconf 88' lang='lat' dir='ltr'><strong>sit</strong></span> <span class='ocrx_word' id='word_1_206' title='bbox 265 2820 444 2885; x_wconf 89' lang='lat' dir='ltr'><strong>distinctius</strong></span> <span class='ocrx_word' id='word_1_207' title='bbox 467 2822 713 2888; x_wconf 85' lang='lat' dir='ltr'><strong>demonstretur·</strong></span> <span class='ocrx_word' id='word_1_208' title='bbox 757 2823 886 2887; x_wconf 85' lang='lat' dir='ltr'><strong>Terent.</strong></span> <span class='ocrx_word' id='word_1_209' title='bbox 910 2821 968 2884; x_wconf 88' lang='lat' dir='ltr'><strong>Ad.</strong></span> <span class='ocrx_word' id='word_1_210' title='bbox 992 2819 1033 2900; x_wconf 91' lang='lat' dir='ltr'><strong>ll,</strong></span> <span class='ocrx_word' id='word_1_211' title='bbox 1062 2826 1087 2899; x_wconf 84' lang='lat'><strong>1,</strong></span> <span class='ocrx_word' id='word_1_212' title='bbox 1111 2825 1165 2887; x_wconf 83' lang='lat'><strong>39:</strong></span> <span class='ocrx_word' id='word_1_213' title='bbox 1191 2823 1291 2896; x_wconf 73' lang='lat' dir='ltr'><strong>Quid?</strong></span> 
     </span>
     <span class='ocr_line' id='line_1_26' title="bbox 140 2918 1287 2998; baseline 0.006 -22"><span class='ocrx_word' id='word_1_214' title='bbox 140 2918 165 2976; x_wconf 91' lang='lat' dir='ltr'><strong>si</strong></span> <span class='ocrx_word' id='word_1_215' title='bbox 188 2933 243 2989; x_wconf 86' lang='lat' dir='ltr'><strong>ego</strong></span> <span class='ocrx_word' id='word_1_216' title='bbox 266 2918 319 2976; x_wconf 91' lang='lat' dir='ltr'><strong>tibi</strong></span> <span class='ocrx_word' id='word_1_217' title='bbox 342 2919 424 2977; x_wconf 90' lang='lat' dir='ltr'><strong>illam</strong></span> <span class='ocrx_word' id='word_1_218' title='bbox 448 2923 516 2981; x_wconf 90' lang='lat' dir='ltr'><strong>nolo</strong></span> <span class='ocrx_word' id='word_1_219' title='bbox 539 2922 681 2990; x_wconf 82' lang='lat' dir='ltr'><strong>vendere.</strong></span> <span class='ocrx_word' id='word_1_220' title='bbox 706 2923 802 2998; x_wconf 83' lang='lat' dir='ltr'><strong>Coges</strong></span> <span class='ocrx_word' id='word_1_221' title='bbox 824 2918 896 2982; x_wconf 79' lang='lat' dir='ltr'><strong>me?</strong></span> <span class='ocrx_word' id='word_1_222' title='bbox 933 2919 997 2982; x_wconf 69' lang='lat' dir='ltr'><strong>Alc.</strong></span> <span class='ocrx_word' id='word_1_223' title='bbox 1021 2923 1162 2982; x_wconf 87' lang='lat' dir='ltr'><strong>Miuume.</strong></span> <span class='ocrx_word' id='word_1_224' title='bbox 1198 2919 1287 2986; x_wconf 84' lang='lat' dir='ltr'>SAN.</span> 
     </span>
     <span class='ocr_line' id='line_1_27' title="bbox 136 3015 450 3087; baseline 0.003 -13"><span class='ocrx_word' id='word_1_225' title='bbox 136 3015 275 3087; x_wconf 81' lang='lat' dir='ltr'><strong>Namque</strong></span> <span class='ocrx_word' id='word_1_226' title='bbox 297 3015 327 3073; x_wconf 92' lang='lat' dir='ltr'><strong>id</strong></span> <span class='ocrx_word' id='word_1_227' title='bbox 350 3017 450 3077; x_wconf 87' lang='lat' dir='ltr'><strong>metui.</strong></span> 
     </span>
    </p>

    <p class='ocr_par' dir='ltr' id='par_1_7' title="bbox 135 3111 1290 3882">
     <span class='ocr_line' id='line_1_28' title="bbox 225 3111 1290 3181; baseline 0.006 -6"><span class='ocrx_word' id='word_1_228' title='bbox 225 3112 252 3175; x_wconf 94' lang='lat' dir='ltr'><strong>b.</strong></span> <span class='ocrx_word' id='word_1_229' title='bbox 299 3111 360 3177; x_wconf 92' lang='lat' dir='ltr'><strong>Ubi</strong></span> <span class='ocrx_word' id='word_1_230' title='bbox 388 3112 528 3176; x_wconf 86' lang='lat' dir='ltr'><strong>narratio</strong></span> <span class='ocrx_word' id='word_1_231' title='bbox 556 3112 608 3176; x_wconf 86' lang='lat' dir='ltr'><strong>vel</strong></span> <span class='ocrx_word' id='word_1_232' title='bbox 637 3112 867 3178; x_wconf 88' lang='lat' dir='ltr'><strong>demonstratio</strong></span> <span class='ocrx_word' id='word_1_233' title='bbox 900 3112 1034 3179; x_wconf 86' lang='lat' dir='ltr'><strong>alicuine</strong></span> <span class='ocrx_word' id='word_1_234' title='bbox 1067 3117 1115 3179; x_wconf 90' lang='lat' dir='ltr'><strong>rei</strong></span> <span class='ocrx_word' id='word_1_235' title='bbox 1145 3115 1290 3181; x_wconf 82' lang='lat' dir='ltr'><strong>iacienda</strong></span> 
     </span>
     <span class='ocr_line' id='line_1_29' title="bbox 138 3209 1288 3293; baseline 0.003 -17"><span class='ocrx_word' id='word_1_236' title='bbox 138 3214 196 3287; x_wconf 87' lang='lat' dir='ltr'><strong>est,</strong></span> <span class='ocrx_word' id='word_1_237' title='bbox 220 3211 286 3274; x_wconf 84' lang='lat' dir='ltr'><strong>sive</strong></span> <span class='ocrx_word' id='word_1_238' title='bbox 308 3211 484 3290; x_wconf 88' lang='lat' dir='ltr'><strong>praemisso</strong></span> <span class='ocrx_word' id='word_1_239' title='bbox 507 3209 652 3291; x_wconf 92' lang='lat' dir='ltr'><strong>prologio</strong></span> <span class='ocrx_word' id='word_1_240' title='bbox 674 3211 741 3276; x_wconf 87' lang='lat' dir='ltr'><strong>sive</strong></span> <span class='ocrx_word' id='word_1_241' title='bbox 763 3229 827 3275; x_wconf 91' lang='lat' dir='ltr'><strong>nun</strong></span> <span class='ocrx_word' id='word_1_242' title='bbox 856 3213 1031 3293; x_wconf 90' lang='lat' dir='ltr'><strong>praemisso</strong></span> <span class='ocrx_word' id='word_1_243' title='bbox 1054 3213 1165 3292; x_wconf 89' lang='lat' dir='ltr'><strong>incipit</strong></span> <span class='ocrx_word' id='word_1_244' title='bbox 1187 3216 1288 3279; x_wconf 86' lang='lat' dir='ltr'><strong>oratio</strong></span> 
     </span>
     <span class='ocr_line' id='line_1_30' title="bbox 141 3308 1287 3390; baseline 0.004 -18"><span class='ocrx_word' id='word_1_245' title='bbox 141 3308 181 3372; x_wconf 88' lang='lat' dir='ltr'><strong>ab</strong></span> <span class='ocrx_word' id='word_1_246' title='bbox 204 3328 274 3368; x_wconf 81' lang='lat' dir='ltr'><strong>rrum</strong></span> <span class='ocrx_word' id='word_1_247' title='bbox 297 3309 347 3373; x_wconf 87' lang='lat' dir='ltr'><strong>vel</strong></span> <span class='ocrx_word' id='word_1_248' title='bbox 360 3328 487 3384; x_wconf 77' lang='lat' dir='ltr'><strong>nomque</strong></span> <span class='ocrx_word' id='word_1_249' title='bbox 503 3327 541 3374; x_wconf 89' lang='lat' dir='ltr'><strong>ec</strong></span> <span class='ocrx_word' id='word_1_250' title='bbox 556 3309 659 3387; x_wconf 85' lang='lat' dir='ltr'><strong>modo,</strong></span> <span class='ocrx_word' id='word_1_251' title='bbox 682 3327 745 3389; x_wconf 87' lang='lat' dir='ltr'><strong>quo</strong></span> <span class='ocrx_word' id='word_1_252' title='bbox 760 3309 841 3374; x_wconf 88' lang='lat' dir='ltr'><strong>alias</strong></span> <span class='ocrx_word' id='word_1_253' title='bbox 855 3312 949 3385; x_wconf 76' lang='lat' dir='ltr'><strong>initur</strong></span> <span class='ocrx_word' id='word_1_254' title='bbox 965 3327 1163 3390; x_wconf 87' lang='lat' dir='ltr'><strong>usurpamus.</strong></span> <span class='ocrx_word' id='word_1_255' title='bbox 1186 3311 1287 3377; x_wconf 88' lang='lat' dir='ltr'><strong>Plaut.</strong></span> 
     </span>
     <span class='ocr_line' id='line_1_31' title="bbox 136 3405 1286 3488; baseline 0.003 -20"><span class='ocrx_word' id='word_1_256' title='bbox 136 3405 251 3486; x_wconf 85' lang='lat' dir='ltr'><strong>Amph.</strong></span> <span class='ocrx_word' id='word_1_257' title='bbox 275 3407 355 3486; x_wconf 90' lang='lat' dir='ltr'><strong>prol.</strong></span> <span class='ocrx_word' id='word_1_258' title='bbox 381 3426 407 3472; x_wconf 83' lang='lat' dir='ltr'><strong>v.</strong></span> <span class='ocrx_word' id='word_1_259' title='bbox 435 3411 501 3471; x_wconf 81' lang='lat'>120.</span> <span class='ocrx_word' id='word_1_260' title='bbox 524 3407 622 3472; x_wconf 92' lang='lat' dir='ltr'><strong>Poen.</strong></span> <span class='ocrx_word' id='word_1_261' title='bbox 646 3406 684 3487; x_wconf 92' lang='lat' dir='ltr'><strong>V,</strong></span> <span class='ocrx_word' id='word_1_262' title='bbox 706 3414 737 3488; x_wconf 83' lang='lat'><strong>4,</strong></span> <span class='ocrx_word' id='word_1_263' title='bbox 754 3412 810 3473; x_wconf 79' lang='lat'><strong>95:</strong></span> <span class='ocrx_word' id='word_1_264' title='bbox 836 3427 919 3486; x_wconf 86' lang='lat' dir='ltr'><strong>mage</strong></span> <span class='ocrx_word' id='word_1_265' title='bbox 943 3413 992 3485; x_wconf 88' lang='lat' dir='ltr'><strong>qui</strong></span> <span class='ocrx_word' id='word_1_266' title='bbox 1015 3411 1155 3485; x_wconf 86' lang='lat' dir='ltr'><strong>credatis,</strong></span> <span class='ocrx_word' id='word_1_267' title='bbox 1180 3414 1286 3472; x_wconf 88' lang='lat' dir='ltr'><strong>dicam:</strong></span> 
     </span>
     <span class='ocr_line' id='line_1_32' title="bbox 135 3507 1288 3590; baseline 0.007 -25"><span class='ocrx_word' id='word_1_268' title='bbox 135 3507 217 3565; x_wconf 81' lang='lat' dir='ltr'><strong>Num</strong></span> <span class='ocrx_word' id='word_1_269' title='bbox 245 3510 345 3566; x_wconf 90' lang='lat' dir='ltr'><strong>nutrix</strong></span> <span class='ocrx_word' id='word_1_270' title='bbox 373 3510 499 3583; x_wconf 90' lang='lat' dir='ltr'><strong>primum</strong></span> <span class='ocrx_word' id='word_1_271' title='bbox 526 3517 628 3570; x_wconf 87' lang='lat' dir='ltr'><strong>vostra</strong></span> <span class='ocrx_word' id='word_1_272' title='bbox 658 3526 703 3568; x_wconf 92' lang='lat' dir='ltr'><strong>me</strong></span> <span class='ocrx_word' id='word_1_273' title='bbox 736 3512 883 3584; x_wconf 84' lang='lat' dir='ltr'><strong>cognorit</strong></span> <span class='ocrx_word' id='word_1_274' title='bbox 931 3508 1058 3572; x_wconf 82' lang='lat' dir='ltr'><strong>Terent</strong></span> <span class='ocrx_word' id='word_1_275' title='bbox 1082 3507 1178 3571; x_wconf 81' lang='lat' dir='ltr'><strong>Andr.</strong></span> <span class='ocrx_word' id='word_1_276' title='bbox 1204 3509 1235 3579; x_wconf 88' lang='lat' dir='ltr'><strong>l,</strong></span> <span class='ocrx_word' id='word_1_277' title='bbox 1262 3515 1288 3590; x_wconf 92' lang='lat' dir='ltr'><strong>l,</strong></span> 
     </span>
     <span class='ocr_line' id='line_1_33' title="bbox 138 3606 1289 3683; baseline 0.004 -18"><span class='ocrx_word' id='word_1_278' title='bbox 138 3606 193 3666; x_wconf 81' lang='lat'><strong>24:</strong></span> <span class='ocrx_word' id='word_1_279' title='bbox 217 3606 291 3663; x_wconf 87' lang='lat' dir='ltr'><strong>Rem</strong></span> <span class='ocrx_word' id='word_1_280' title='bbox 314 3621 429 3665; x_wconf 91' lang='lat' dir='ltr'><strong>omnem</strong></span> <span class='ocrx_word' id='word_1_281' title='bbox 451 3624 470 3667; x_wconf 90' lang='lat' dir='ltr'><strong>a</strong></span> <span class='ocrx_word' id='word_1_282' title='bbox 491 3608 639 3682; x_wconf 91' lang='lat' dir='ltr'><strong>principio</strong></span> <span class='ocrx_word' id='word_1_283' title='bbox 662 3607 781 3667; x_wconf 87' lang='lat' dir='ltr'><strong>audies:</strong></span> <span class='ocrx_word' id='word_1_284' title='bbox 806 3609 852 3669; x_wconf 83' lang='lat' dir='ltr'><strong>Eo</strong></span> <span class='ocrx_word' id='word_1_285' title='bbox 874 3618 964 3683; x_wconf 90' lang='lat' dir='ltr'><strong>pacto</strong></span> <span class='ocrx_word' id='word_1_286' title='bbox 987 3614 1018 3668; x_wconf 87' lang='lat' dir='ltr'><strong>et</strong></span> <span class='ocrx_word' id='word_1_287' title='bbox 1039 3609 1122 3682; x_wconf 87' lang='lat' dir='ltr'><strong>gnati</strong></span> <span class='ocrx_word' id='word_1_288' title='bbox 1144 3611 1232 3668; x_wconf 81' lang='lat' dir='ltr'><strong>uitam</strong></span> <span class='ocrx_word' id='word_1_289' title='bbox 1257 3617 1289 3670; x_wconf 90' lang='lat' dir='ltr'><strong>et</strong></span> 
     </span>
     <span class='ocr_line' id='line_1_34' title="bbox 137 3705 1288 3782; baseline 0.006 -20"><span class='ocrx_word' id='word_1_290' title='bbox 137 3705 294 3763; x_wconf 90' lang='lat' dir='ltr'><strong>consilium</strong></span> <span class='ocrx_word' id='word_1_291' title='bbox 317 3722 412 3764; x_wconf 90' lang='lat' dir='ltr'><strong>meum</strong></span> <span class='ocrx_word' id='word_1_292' title='bbox 437 3706 623 3782; x_wconf 77' lang='lat' dir='ltr'><strong>Cognosces,</strong></span> <span class='ocrx_word' id='word_1_293' title='bbox 657 3706 780 3780; x_wconf 87' lang='lat' dir='ltr'><strong>etquid</strong></span> <span class='ocrx_word' id='word_1_294' title='bbox 809 3705 909 3768; x_wconf 84' lang='lat' dir='ltr'><strong>iacere</strong></span> <span class='ocrx_word' id='word_1_295' title='bbox 936 3710 965 3766; x_wconf 92' lang='lat' dir='ltr'><strong>in</strong></span> <span class='ocrx_word' id='word_1_296' title='bbox 989 3707 1045 3767; x_wconf 90' lang='lat' dir='ltr'><strong>bac</strong></span> <span class='ocrx_word' id='word_1_297' title='bbox 1072 3723 1105 3764; x_wconf 91' lang='lat' dir='ltr'><strong>re</strong></span> <span class='ocrx_word' id='word_1_298' title='bbox 1135 3712 1165 3766; x_wconf 87' lang='lat' dir='ltr'><strong>te</strong></span> <span class='ocrx_word' id='word_1_299' title='bbox 1189 3710 1288 3770; x_wconf 86' lang='lat' dir='ltr'><strong>velim.</strong></span> 
     </span>
     <span class='ocr_line' id='line_1_35' title="bbox 139 3800 1222 3882; baseline 0.006 -24"><span class='ocrx_word' id='word_1_300' title='bbox 139 3800 220 3859; x_wconf 84' lang='lat' dir='ltr'><strong>Num</strong></span> <span class='ocrx_word' id='word_1_301' title='bbox 242 3802 268 3861; x_wconf 92' lang='lat' dir='ltr'><strong>is</strong></span> <span class='ocrx_word' id='word_1_302' title='bbox 290 3812 447 3877; x_wconf 90' lang='lat' dir='ltr'><strong>postquam</strong></span> <span class='ocrx_word' id='word_1_303' title='bbox 470 3806 601 3864; x_wconf 87' lang='lat' dir='ltr'><strong>excessit</strong></span> <span class='ocrx_word' id='word_1_304' title='bbox 623 3821 660 3862; x_wconf 89' lang='lat' dir='ltr'><strong>ex</strong></span> <span class='ocrx_word' id='word_1_305' title='bbox 683 3804 807 3878; x_wconf 90' lang='lat' dir='ltr'><strong>ephebis</strong></span> <span class='ocrx_word' id='word_1_306' title='bbox 830 3807 905 3868; x_wconf 85' lang='lat' dir='ltr'><strong>cett.</strong></span> <span class='ocrx_word' id='word_1_307' title='bbox 928 3802 1045 3867; x_wconf 80' lang='lat' dir='ltr'><strong>Heaut.</strong></span> <span class='ocrx_word' id='word_1_308' title='bbox 1068 3803 1148 3882; x_wconf 88' lang='lat' dir='ltr'><strong>prol.</strong></span> <span class='ocrx_word' id='word_1_309' title='bbox 1177 3809 1222 3867; x_wconf 87' lang='grc'><strong>16.</strong></span> 
     </span>
    </p>

    <p class='ocr_par' dir='ltr' id='par_1_8' title="bbox 136 3899 1287 4276">
     <span class='ocr_line' id='line_1_36' title="bbox 222 3899 1287 3981; baseline 0.004 -19"><span class='ocrx_word' id='word_1_310' title='bbox 222 3916 249 3962; x_wconf 92' lang='lat' dir='ltr'><strong>c.</strong></span> <span class='ocrx_word' id='word_1_311' title='bbox 293 3900 499 3979; x_wconf 90' lang='lat' dir='ltr'><strong>Usnrpantur</strong></span> <span class='ocrx_word' id='word_1_312' title='bbox 521 3900 553 3964; x_wconf 92' lang='lat' dir='ltr'><strong>in</strong></span> <span class='ocrx_word' id='word_1_313' title='bbox 577 3899 840 3980; x_wconf 82' lang='lat' dir='ltr'><strong>explicationibus</strong></span> <span class='ocrx_word' id='word_1_314' title='bbox 867 3901 966 3967; x_wconf 87' lang='lat' dir='ltr'><strong>verba</strong></span> <span class='ocrx_word' id='word_1_315' title='bbox 992 3920 1063 3962; x_wconf 83' lang='lat' dir='ltr'><strong>nun</strong></span> <span class='ocrx_word' id='word_1_316' title='bbox 1083 3903 1175 3977; x_wconf 81' lang='lat' dir='ltr'><strong>quod,</strong></span> <span class='ocrx_word' id='word_1_317' title='bbox 1206 3921 1287 3981; x_wconf 88' lang='lat' dir='ltr'><strong>quae</strong></span> 
     </span>
     <span class='ocr_line' id='line_1_37' title="bbox 138 3995 1285 4080; baseline 0.005 -22"><span class='ocrx_word' id='word_1_318' title='bbox 138 3996 180 4059; x_wconf 89' lang='lat' dir='ltr'><strong>ed</strong></span> <span class='ocrx_word' id='word_1_319' title='bbox 202 4015 269 4060; x_wconf 87' lang='lat' dir='ltr'><strong>rem</strong></span> <span class='ocrx_word' id='word_1_320' title='bbox 293 3995 497 4078; x_wconf 84' lang='lat' dir='ltr'><strong>expositionis</strong></span> <span class='ocrx_word' id='word_1_321' title='bbox 520 3998 700 4079; x_wconf 89' lang='lat' dir='ltr'><strong>perducunt</strong></span> <span class='ocrx_word' id='word_1_322' title='bbox 716 4005 772 4062; x_wconf 81' lang='lat' dir='ltr'><strong>aut</strong></span> <span class='ocrx_word' id='word_1_323' title='bbox 788 4016 855 4062; x_wconf 90' lang='lat' dir='ltr'><strong>rem</strong></span> <span class='ocrx_word' id='word_1_324' title='bbox 872 3998 1077 4065; x_wconf 81' lang='lat' dir='ltr'><strong>refellendam</strong></span> <span class='ocrx_word' id='word_1_325' title='bbox 1100 3999 1285 4080; x_wconf 87' lang='lat' dir='ltr'><strong>suscipiunt.</strong></span> 
     </span>
     <span class='ocr_line' id='line_1_38' title="bbox 136 4093 1286 4177; baseline 0.002 -19"><span class='ocrx_word' id='word_1_326' title='bbox 136 4093 266 4158; x_wconf 86' lang='lat' dir='ltr'><strong>Terent.</strong></span> <span class='ocrx_word' id='word_1_327' title='bbox 291 4093 405 4159; x_wconf 87' lang='lat' dir='ltr'><strong>Heaut.</strong></span> <span class='ocrx_word' id='word_1_328' title='bbox 429 4097 507 4177; x_wconf 90' lang='lat' dir='ltr'><strong>prol.</strong></span> <span class='ocrx_word' id='word_1_329' title='bbox 534 4101 586 4162; x_wconf 83' lang='lat'><strong>16:</strong></span> <span class='ocrx_word' id='word_1_330' title='bbox 609 4100 691 4158; x_wconf 88' lang='lat' dir='ltr'><strong>Nom</strong></span> <span class='ocrx_word' id='word_1_331' title='bbox 705 4099 784 4173; x_wconf 76' lang='lat' dir='ltr'><strong>quod</strong></span> <span class='ocrx_word' id='word_1_332' title='bbox 804 4117 939 4161; x_wconf 86' lang='lat' dir='ltr'><strong>rumores</strong></span> <span class='ocrx_word' id='word_1_333' title='bbox 955 4101 1134 4160; x_wconf 86' lang='lat' dir='ltr'><strong>distulerunt</strong></span> <span class='ocrx_word' id='word_1_334' title='bbox 1156 4103 1286 4160; x_wconf 86' lang='lat' dir='ltr'><strong>malivoli</strong></span> 
     </span>
     <span class='ocr_line' id='line_1_39' title="bbox 137 4192 939 4276; baseline 0.001 -19"><span class='ocrx_word' id='word_1_335' title='bbox 137 4197 230 4271; x_wconf 81' lang='lat' dir='ltr'><strong>cett,</strong></span> <span class='ocrx_word' id='word_1_336' title='bbox 254 4192 369 4271; x_wconf 88' lang='lat' dir='ltr'><strong>quibus</strong></span> <span class='ocrx_word' id='word_1_337' title='bbox 391 4195 496 4261; x_wconf 86' lang='lat' dir='ltr'><strong>verbis</strong></span> <span class='ocrx_word' id='word_1_338' title='bbox 518 4195 630 4276; x_wconf 89' lang='lat' dir='ltr'><strong>incipit</strong></span> <span class='ocrx_word' id='word_1_339' title='bbox 650 4194 792 4261; x_wconf 80' lang='lat' dir='ltr'><strong>defensio</strong></span> <span class='ocrx_word' id='word_1_340' title='bbox 815 4202 939 4276; x_wconf 90' lang='lat' dir='ltr'><strong>poetae.</strong></span> 
     </span>
    </p>

    <p class='ocr_par' dir='ltr' id='par_1_9' title="bbox 137 4289 1287 4474">
     <span class='ocr_line' id='line_1_40' title="bbox 222 4289 1287 4375; baseline 0.006 -23"><span class='ocrx_word' id='word_1_341' title='bbox 222 4289 251 4354; x_wconf 95' lang='lat' dir='ltr'><strong>d.</strong></span> <span class='ocrx_word' id='word_1_342' title='bbox 297 4290 334 4353; x_wconf 91' lang='lat' dir='ltr'><strong>lu</strong></span> <span class='ocrx_word' id='word_1_343' title='bbox 356 4290 428 4356; x_wconf 87' lang='lat' dir='ltr'><strong>aliis</strong></span> <span class='ocrx_word' id='word_1_344' title='bbox 450 4309 546 4358; x_wconf 85' lang='lat' dir='ltr'><strong>causa</strong></span> <span class='ocrx_word' id='word_1_345' title='bbox 569 4299 603 4358; x_wconf 89' lang='lat' dir='ltr'><strong>et</strong></span> <span class='ocrx_word' id='word_1_346' title='bbox 624 4293 708 4360; x_wconf 90' lang='lat' dir='ltr'><strong>rutio</strong></span> <span class='ocrx_word' id='word_1_347' title='bbox 730 4296 789 4375; x_wconf 91' lang='lat' dir='ltr'><strong>per</strong></span> <span class='ocrx_word' id='word_1_348' title='bbox 811 4293 1000 4374; x_wconf 83' lang='lat' dir='ltr'><strong>particulam</strong></span> <span class='ocrx_word' id='word_1_349' title='bbox 1023 4313 1095 4354; x_wconf 85' lang='lat' dir='ltr'><strong>nom</strong></span> <span class='ocrx_word' id='word_1_350' title='bbox 1116 4294 1287 4375; x_wconf 87' lang='lat' dir='ltr'><strong>exponitur</strong></span> 
     </span>
     <span class='ocr_line' id='line_1_41' title="bbox 137 4387 1285 4474; baseline 0 -20"><span class='ocrx_word' id='word_1_351' title='bbox 137 4389 208 4454; x_wconf 87' lang='lat' dir='ltr'><strong>eius</strong></span> <span class='ocrx_word' id='word_1_352' title='bbox 231 4387 287 4462; x_wconf 89' lang='lat' dir='ltr'><strong>rei,</strong></span> <span class='ocrx_word' id='word_1_353' title='bbox 311 4406 394 4468; x_wconf 86' lang='lat' dir='ltr'><strong>quae</strong></span> <span class='ocrx_word' id='word_1_354' title='bbox 416 4395 490 4454; x_wconf 85' lang='lat' dir='ltr'><strong>ante</strong></span> <span class='ocrx_word' id='word_1_355' title='bbox 512 4392 597 4457; x_wconf 89' lang='lat' dir='ltr'><strong>dicta</strong></span> <span class='ocrx_word' id='word_1_356' title='bbox 619 4398 679 4470; x_wconf 88' lang='lat' dir='ltr'><strong>est,</strong></span> <span class='ocrx_word' id='word_1_357' title='bbox 701 4396 734 4456; x_wconf 92' lang='lat' dir='ltr'><strong>et</strong></span> <span class='ocrx_word' id='word_1_358' title='bbox 755 4392 974 4457; x_wconf 87' lang='lat' dir='ltr'><strong>demonstrato</strong></span> <span class='ocrx_word' id='word_1_359' title='bbox 989 4399 1178 4474; x_wconf 88' lang='lat' dir='ltr'><strong>argumento</strong></span> <span class='ocrx_word' id='word_1_360' title='bbox 1201 4411 1285 4458; x_wconf 89' lang='lat' dir='ltr'><strong>com·</strong></span> 
     </span>
    </p>
   </div>
   <div class='ocr_carea' id='block_1_4' title="bbox 0 0 1568 5075">
    <p class='ocr_par' dir='ltr' id='par_1_10' title="bbox 0 0 1568 5075">
     <span class='ocr_line' id='line_1_42' title="bbox 0 0 1568 5075; baseline 0 0"><span class='ocrx_word' id='word_1_361' title='bbox 0 0 1568 5075; x_wconf 95' lang='lat' dir='ltr'><strong> </strong></span> 
     </span>
    </p>
   </div>
  </div>
 </body>
</html>
