3125 5075
627 530 800 572 enarrarre
1241 536 1298 592 vu

85 759 90 770 ,
157 688 308 754 idrerum
331 688 564 754 tractationem
586 687 670 772 quod
685 689 812 770 attinet,
834 695 930 755 erunt
943 673 1081 757 fortaasb
1096 691 1150 771 uui
1166 692 1297 760 nimiam

153 800 247 881 opiam
272 831 321 844 -
349 799 407 864 rix
433 817 550 864 vereor
574 801 741 881 penuriam
768 835 811 847 ·-
840 801 982 868 locorum
1004 821 1024 867 a
1045 820 1096 867 me
1118 802 1295 869 allatorum

147 907 381 992 reprehendant,
417 910 476 976 sed
509 909 715 978 multitudine
743 912 871 978 demum
900 912 1117 993 exemplorum
1146 912 1296 980 intense

85 1105 91 1117 υ
146 1025 403 1102 comparatorum,
432 1037 569 1101 qnorum
595 1020 682 1087 aiud
709 1041 783 1089 curn
809 1023 888 1103 alio,
918 1024 946 1088 si
973 1040 1147 1088 connexam
1175 1024 1292 1090 seriem

85 1198 90 1208 ,
147 1131 302 1198 uerborum
338 1136 507 1213 totamque
544 1132 776 1200 enuntiationis
813 1133 1005 1200 sententiam
1033 1137 1180 1215 spectas,
1217 1152 1296 1201 raro

85 1210 90 1336 ἶ
147 1243 251 1308 tntum
280 1240 380 1322 plane
412 1241 578 1324 congruit,
616 1261 693 1310 usus
721 1241 872 1325 loquendi
903 1244 990 1309 claro
1018 1244 1167 1325 cognosci
1194 1248 1295 1325 atque

149 1352 271 1433 perspici
289 1356 412 1435 potest
456 1352 583 1418 Deinde
604 1353 720 1419 mirum
735 1352 873 1421 fortusse
888 1353 996 1420 multis
1011 1353 1182 1433 videbitur,
1205 1353 1291 1434 quod

85 1451 88 1558 ζ
147 1461 293 1542 adsumis,
321 1479 459 1544 qnorum
488 1462 579 1545 origo
609 1463 660 1530 vel
682 1462 872 1546 significatio
894 1471 984 1532 certe
1006 1464 1133 1531 casibus
1154 1469 1296 1547 cognata

85 1642 87 1656 ¹
150 1572 361 1654 stipantum
382 1591 515 1641 omnum
538 1574 701 1641 docuinae
722 1574 858 1658 inserui,
890 1576 946 1641 sed
969 1593 1008 1641 eo
1029 1575 1090 1642 hoc
1111 1574 1182 1657 ieci,
1205 1576 1293 1658 quod

85 1671 87 1682 '
148 1679 184 1748 bis
201 1683 372 1765 adverbiis,
394 1701 477 1765 quae
500 1684 543 1750 sit
564 1684 612 1750 ris
627 1690 724 1767 atque
739 1685 929 1768 significatio
945 1686 1141 1768 singulorum
1158 1704 1291 1752 casuum

85 1783 87 1792 ἱ
148 1810 297 1876 puerum,
322 1795 427 1876 magis
454 1794 550 1860 edam
579 1800 676 1877 atque
698 1795 812 1861 melius
835 1797 1027 1863 illustratur:
1061 1796 1185 1863 accedit
1206 1798 1293 1879 qnod

150 1901 172 1966 in
200 1904 268 1985 ipsa
296 1904 527 1987 particularum
557 1907 718 1988 doctrina,
756 1925 839 1991 quae
868 1908 901 1973 in
928 1913 1070 1974 extremo
1093 1906 1174 1972 libro
1196 1926 1217 1972 a
1238 1925 1290 1973 me

154 2016 334 2096 uocabitur,
358 2015 411 2080 vix
434 2015 497 2082 erit
510 2016 550 2083 iis
565 2017 788 2083 enumerandis
802 2018 909 2098 aptior
922 2018 1022 2099 locus,
1045 2018 1194 2100 quoniam
1210 2017 1292 2086 haec

152 2139 211 2198 1111
226 2126 364 2192 maxime
386 2144 443 2193 eas
462 2126 638 2209 partiendas
653 2127 893 2210 complectetur,
916 2147 998 2211 quae
1014 2127 1293 2196 enuntiationibus

157 2229 221 2300 iuter
241 2253 272 2303 re
300 2238 532 2319 coniungendis
558 2238 737 2304 destinatae
761 2245 844 2304 sunt.
888 2238 993 2304 Minor
1015 2240 1078 2305 erit
1100 2239 1291 2321 disceptatio

155 2342 184 2408 de
199 2363 241 2426 oo,
264 2348 355 2430 quod
376 2347 461 2414 idem
487 2350 778 2431 praepositionibus
801 2349 879 2422 ieci,
905 2351 1054 2431 quoniam
1077 2369 1116 2416 ex
1138 2349 1187 2417 bis
1209 2350 1289 2432 ipsis

151 2469 220 2523 osus
247 2461 319 2542 apti
354 2463 444 2541 sunt,
477 2478 666 2545 quamquam
698 2459 867 2526 nonnullas
896 2443 1007 2526 earum
1028 2461 1061 2524 in
1083 2479 1152 2543 cap.
1174 2461 1290 2543 quinto

152 2566 401 2637 ubstantirorum
436 2574 609 2653 separatim
638 2573 823 2638 tractandas
846 2573 970 2653 putavi,
1007 2572 1097 2638 cuius
1119 2572 1167 2637 rei
1189 2589 1287 2652 uuam

150 2693 250 2746 auam
272 2679 451 2762 habuerim,
474 2682 529 2748 illo
552 2682 621 2748 loco
644 2684 786 2763 exposui.
824 2683 861 2748 In
876 2683 1017 2749 ablativo
1034 2682 1094 2748 ioci
1110 2682 1178 2747 sine
1192 2699 1289 2764 prae·

147 2790 336 2865 positionibus
372 2793 476 2873 posito
512 2791 553 2875 (ἕ.
594 2795 648 2875 15)
682 2793 775 2859 doleo
804 2814 824 2859 a
850 2813 902 2859 me
928 2793 1189 2874 praetermissum
1213 2810 1287 2859 esse

146 2913 220 2967 unum
246 2904 442 2984 exemplum,
476 2905 561 2985 quod
584 2910 674 2970 extat
694 2904 781 2986 apud
802 2903 966 2984 Plautum,
996 2904 1126 2970 ablativi
1147 2923 1222 2968 rure
1243 2902 1285 2968 ad

145 3005 231 3079 bterr.
253 3014 312 3080 obi
333 3014 567 3096 respondentis,
589 3013 660 3081 Cas.
684 3015 710 3095 I,
732 3034 761 3080 v.
785 3020 841 3080 22:
878 3015 988 3080 Rure
1006 3013 1164 3079 incubabo
1180 3034 1288 3096 usqae

146 3117 397 3208 bproeseoturo
421 3144 511 3205 meo,
542 3126 596 3192 ubi
626 3127 675 3208 Ap
703 3144 724 3190 a
750 3143 846 3192 manu
869 3125 1060 3192 correctoris
1082 3125 1180 3190 habet
1201 3125 1282 3205 iure,

148 3245 202 3297 cun
226 3242 315 3301 antec
337 3235 438 3301 briaae
459 3236 606 3302 videatur
628 3257 713 3302 rore.
757 3238 858 3303 Locos
881 3242 988 3303 autern
1011 3236 1051 3302 de
1073 3236 1214 3302 ablativo
1235 3234 1282 3299 in·

143 3346 291 3412 stumenti
318 3345 463 3429 prolatos
492 3348 583 3412 video
612 3366 694 3412 nunc
724 3367 774 3413 me
802 3348 915 3413 melius
945 3347 1093 3413 ordinare
1126 3346 1285 3427 potuisse,

141 3466 314 3537 quanquam
345 3456 401 3538 qui
430 3457 469 3523 iis
496 3457 543 3523 uti
572 3458 722 3539 voluerit,
756 3457 850 3523 facile
877 3457 937 3523 bac
960 3475 1059 3538 opera
1080 3455 1281 3538 defungetur.

137 3558 211 3632 locis
239 3566 281 3632 de
309 3586 394 3649 opos
419 3572 468 3632 est
496 3568 602 3634 abetis
629 3588 659 3649 p.
691 3576 746 3635 111
777 3569 860 3633 adde
882 3568 1009 3633 Terent.
1051 3566 1148 3631 Andr.
1171 3566 1226 3643 IV,
1251 3571 1283 3646 3,

139 3679 175 3755 13,
199 3678 253 3744 ubi
276 3677 457 3744 Bentleium
479 3684 607 3745 secutus
629 3679 857 3746 Fleckeisenus
880 3679 1018 3745 correxit
1039 3678 1070 3743 si
1091 3677 1174 3759 sorte
1196 3695 1280 3758 opus

132 3787 166 3851 o't
197 3788 242 3853 od
279 3809 369 3855 oum
403 3789 531 3855 iurato
553 3790 670 3871 mibi,
708 3807 805 3871 quum
832 3794 928 3855 antea
950 3788 1062 3854 vitiose
1085 3787 1282 3854 scriberetur

131 3897 340 3964 iurandum.
378 3899 415 3965 Id
444 3900 723 3966 Weissenbornius
743 3902 783 3967 de
818 3900 950 3983 gernod.
985 3918 1057 3966 cum
1078 3898 1205 3965 Rittero
1237 3896 1281 3962 ad

127 4005 152 4072 b
180 4009 200 4074 Ι
227 4029 287 4091 per
315 4009 541 4076 abundantiam
571 4011 729 4093 quandam
757 4012 914 4077 sermonis
947 4011 1106 4092 explicare
1142 4008 1280 4089 volebat,

124 4120 175 4187 md
202 4120 281 4187 baec
302 4119 382 4187 ferri
403 4140 464 4186 non
488 4126 605 4201 potest,
627 4123 776 4204 quoniam
798 4123 1012 4188 nominativus
1040 4119 1187 4201 gerundii
1218 4137 1280 4200 pro

125 4229 273 4297 'nfinitiro
294 4230 419 4313 positus
441 4232 482 4298 ab
506 4252 566 4298 usu
588 4233 717 4315 linguae
738 4233 857 4298 latinae
879 4233 1003 4298 alienus
1025 4236 1083 4297 est.
1121 4229 1172 4296 nd
1195 4227 1221 4312 ἓ.
1246 4234 1275 4295 3.

124 4348 196 4408 extr.
217 4342 302 4409 adde
326 4343 503 4424 exemplum
521 4344 650 4409 Terent.
688 4344 770 4409 Eun.
791 4343 833 4424 II,
851 4350 879 4424 3,
896 4347 951 4408 66:
973 4363 1081 4408 senem
1094 4341 1273 4421 molimen,

118 4452 155 4520 de
185 4452 351 4519 Eunucho.
396 4454 445 4519 Ad
473 4473 538 4521 acc.
569 4455 631 4521 loci
661 4455 730 4520 sine
759 4454 996 4537 praepositione
1017 4453 1156 4534 positum
1180 4452 1206 4530 p.
1229 4456 1271 4517 43

114 4570 194 4631 extr.
230 4581 262 4645 p.
298 4567 358 4631 196
391 4564 474 4631 adde
504 4565 584 4632 Eun.
618 4565 686 4647 111,
720 4571 750 4646 3,
784 4570 839 4631 30:
892 4563 1052 4630 Malam
1083 4582 1165 4629 rem
1197 4560 1277 4626 dioc
