3125 5075
201 377 241 435 16
638 369 794 410 11111111.
808 367 873 411 our.
889 368 918 410 n.

199 545 332 619 lupinum
360 546 393 606 et
419 559 501 621 qnae
530 547 603 607 sunt
629 540 725 606 buius
756 538 882 621 generis
912 537 1057 619 exempla
1083 537 1169 618 apud
1197 535 1356 603 Catonem

197 638 324 704 similia.
368 638 463 704 Ennii
486 639 588 703 annal.
612 639 637 720 Ι,
660 658 689 703 v.
713 643 754 703 94
779 641 812 702 et
835 641 891 701 95:

703 761 790 832 longe
814 755 1027 830 pulcherruma
1047 719 1177 829 praepes

411 853 510 914 Laeva
536 855 647 915 volavit
670 855 743 916 avia.

199 963 243 1028 ad
266 981 295 1044 q.
321 965 343 1029 l.
368 963 536 1031 Columna:
575 966 718 1047 „Multae
746 986 824 1033 aves
854 965 948 1032 simul
978 984 995 1030 e
1023 964 1196 1044 longinquo
1222 961 1360 1028 Romulo

199 1068 429 1142 apparuerunt,
454 1079 589 1143 quarum
611 1083 779 1130 numerum
804 1083 876 1129 cnm
891 1063 920 1130 is
939 1062 1067 1127 minime
1088 1061 1286 1141 distinguere
1304 1078 1362 1140 po·

198 1159 329 1238 tuisset,
362 1166 459 1240 poeta
481 1179 591 1227 omnes
619 1158 831 1244 συνεκδοχικῶς
857 1180 941 1225 avem
968 1157 1077 1223 dixit“
1122 1157 1216 1235 Quod
1244 1159 1362 1239 probat

200 1256 296 1321 etiam
318 1255 443 1322 Merula
465 1257 603 1340 addam,
631 1277 729 1341 quum
751 1264 857 1323 autem
878 1257 1012 1337 propius
1033 1255 1260 1335 accessissent,
1283 1256 1361 1320 duo-

201 1353 301 1417 decim
323 1353 423 1420 fuisse
446 1355 598 1437 cognitas.
642 1356 746 1423 Plaut.
769 1354 836 1419 Mil.
859 1353 915 1433 IV,
940 1359 968 1433 3,
992 1358 1028 1417 6:
1050 1361 1163 1416 vestem
1185 1353 1361 1416 muliebrem

200 1471 326 1513 omnem.
371 1452 496 1517 Terent.
519 1453 635 1518 Heaut.
657 1451 716 1533 ΙΠ,
743 1462 769 1533 l,
791 1459 848 1518 43:
875 1456 1001 1515 ancillas
1024 1469 1123 1513 secum
1147 1451 1271 1513 adduxit
1293 1455 1362 1528 plus

201 1548 316 1627 decem,
340 1552 488 1614 Oneratas
509 1558 586 1615 ceso
608 1561 697 1628 atque
721 1570 804 1613 auro.

288 1667 315 1727 2.
355 1664 405 1729 Ad
427 1665 562 1746 pluralis
588 1666 750 1731 notionem
776 1665 919 1746 proxime
941 1663 1065 1730 accedit
1085 1663 1256 1746 singularis
1283 1653 1361 1742 tdffi,

202 1778 348 1840 cumea,
382 1779 464 1842 qnae
488 1763 667 1828 communia
689 1769 765 1828 sunt
786 1762 940 1844 plurium,
973 1762 1007 1826 in
1032 1780 1129 1826 unum
1157 1761 1250 1841 quasi
1277 1778 1362 1825 com·

200 1858 461 1939 prehenduntur,
488 1861 543 1940 qui
567 1878 644 1924 usus
666 1860 742 1923 item
765 1859 850 1940 apud
875 1858 1015 1923 Graecos
1043 1863 1076 1923 et
1098 1858 1277 1923 Germanos
1298 1856 1362 1922 fre-

163 1990 173 2006 ·
202 1955 410 2034 quentissimc
432 1958 603 2037 reperitur.
649 1957 701 2023 Sic
724 1957 829 2021 Plaut.
850 1955 964 2037 Amph.
985 1955 1012 2036 I,
1039 1962 1065 2036 l,
1089 1960 1146 2021 83:
1170 1960 1282 2020 cadunt
1302 1957 1362 2018 eol-

144 2057 146 2061 '
201 2071 271 2116 acre
301 2056 357 2115 viri
387 2057 491 2116 sirum.
538 2055 634 2121 Stich.
658 2056 690 2135 I,
714 2060 748 2135 2,
772 2061 826 2121 69:
864 2058 982 2132 Edepol
1012 2073 1064 2117 vos
1092 2058 1192 2131 lepida
1220 2060 1363 2134 temptari

200 2161 389 2232 coenumque
412 2158 565 2231 iopeaium
586 2157 696 2231 ingeni.
741 2152 811 2218 Cas.
835 2153 895 2232 ΙΙΙ,
920 2158 947 2230 l,
973 2157 1025 2216 10:
1054 2154 1126 2214 uum
1153 2156 1254 2217 cibatu
1277 2174 1362 2231 qnos·

203 2271 259 2329 qne
283 2253 375 2315 facito
398 2262 431 2316 ut
452 2256 588 2329 veniant,
627 2256 712 2330 qnasi
741 2261 811 2314 eant
839 2254 979 2313 Sutrium.
1023 2249 1119 2314 Pocn.
1148 2250 1214 2328 III,
1246 2256 1280 2331 3,
1309 2256 1362 2318 32:

201 2352 294 2424 cupiti
315 2357 414 2412 orabo
436 2355 513 2413 istnc
536 2351 664 2427 quidem.
709 2348 794 2412 Trin.
818 2347 844 2426 1,
871 2354 905 2425 l,
931 2352 984 2411 12:
1017 2350 1173 2425 Nimioqna
1196 2352 1245 2411 hic
1268 2337 1363 2427 pluria

196 2450 377 2524 pauciorum
396 2450 530 2523 qratiam
551 2451 680 2509 Faciunt
702 2465 772 2523 pars
795 2448 958 2522 bominum,
995 2443 1053 2509 sed
1075 2445 1185 2510 statim
1207 2463 1236 2509 v.
1263 2452 1301 2510 14
1324 2445 1362 2510 de

206 2544 317 2608 eadem
339 2562 376 2608 re
399 2552 462 2609 est:

375 2663 422 2721 Ita
444 2663 567 2721 vincunt
588 2662 656 2720 illut
679 2662 866 2722 conducibile
888 2663 1013 2737 gratiae,

375 2761 457 2832 Quae
480 2760 512 2817 in
534 2759 623 2818 rebus
646 2760 746 2818 multis
769 2766 889 2833 opstant
913 2759 1074 2833 odioseque
1097 2765 1167 2820 sunt

373 2858 589 2930 Remorumque
611 2855 726 2915 faciunt
748 2856 794 2915 rei
816 2857 951 2930 privatae
973 2862 1005 2915 et
1026 2857 1175 2931 puplicae.

290 2972 318 3032 3.
356 2966 543 3032 Contrarins
571 2966 666 3032 huius
695 2986 774 3032 usus
797 2973 847 3032 est
867 2966 934 3049 hic,
966 2969 1019 3034 ubi
1034 2971 1167 3044 pluralis
1189 2976 1362 3051 usurpatus

203 3068 253 3128 est
267 3065 355 3129 vocis
370 3064 557 3129 referendae
576 3063 616 3128 ad
637 3064 734 3128 alium
753 3065 912 3145 pluralem
934 3067 990 3146 ita,
1011 3070 1049 3130 ut
1068 3066 1109 3131 ad
1125 3066 1253 3147 singula
1268 3084 1362 3147 quae-

202 3179 266 3241 qnc
289 3162 384 3227 buius
407 3162 534 3243 singula
555 3161 642 3226 illius
660 3161 852 3243 perducant.
898 3163 950 3229 Sic
972 3164 1056 3245 legg.
1080 3162 1145 3228 XII
1172 3164 1278 3244 labb,
1305 3164 1362 3244 ΙΙΙ,

202 3257 241 3322 Ι1.
264 3265 300 3322 4;
329 3262 359 3321 Si
382 3264 471 3336 volet,
496 3279 549 3322 sno
572 3263 671 3335 vivito,
696 3263 726 3320 ni
750 3263 907 3339 euomuit,
931 3265 981 3339 qni
1004 3281 1050 3324 om
1072 3262 1203 3324 vinctum
1229 3265 1362 3340 habebit,

204 3358 297 3418 librae
319 3357 408 3420 larris
431 3361 508 3419 endo
531 3358 594 3420 dies
617 3360 697 3434 dato,
720 3355 750 3420 h.
768 3377 794 3422 e.
811 3345 922 3437 quovis
938 3357 989 3422 die
1006 3375 1102 3422 unam
1117 3357 1242 3423 libram.
1258 3358 1362 3424 Plana

202 3452 317 3519 Pseud.
333 3452 394 3534 III,
411 3459 440 3534 2,
461 3459 512 3519 19;
537 3459 583 3517 illi
599 3465 668 3517 sunt
683 3457 855 3518 drachumis
869 3460 981 3532 miseri,
1005 3455 1060 3520 ubi
1075 3454 1116 3519 de
1132 3473 1196 3520 1111
1210 3455 1362 3522 drachma

200 3551 355 3630 loquitur,
379 3550 435 3615 sed
457 3552 566 3632 posuit
587 3550 762 3632 pluralem,
786 3552 922 3631 quiade
944 3551 1089 3633 pluribus
1110 3551 1293 3619 hominibus
1315 3554 1362 3620 lo·

203 3648 322 3728 quitur,
345 3678 389 3698 =
411 3653 536 3726 singulis
559 3652 716 3712 drachmis.

287 3745 449 3811 Pluralem
469 3746 544 3825 poni
566 3762 662 3827 posse
678 3744 879 3829 substantivi,
900 3749 942 3813 ad
961 3750 1046 3828 quod
1065 3750 1247 3829 pertincant
1270 3752 1363 3833 plura

204 3843 349 3924 epitheta
371 3842 404 3905 in
426 3843 580 3924 singulari
603 3860 735 3907 numero
758 3843 873 3925 posita,
897 3851 935 3910 nt
955 3846 1042 3928 apud
1058 3845 1168 3912 (laton.
1184 3847 1221 3912 R.
1234 3848 1273 3914 R.
1286 3867 1312 3915 e
1328 3854 1361 3915 2:

200 3943 332 4002 rationes
361 3950 468 4017 putare
491 3943 711 4016 carpentariam,
739 3944 972 4016 frumentorium
994 3943 1102 4024 (paulo
1122 3949 1197 4026 post
1214 3946 1361 4028 legitur:

203 4040 349 4099 rationem
372 4040 530 4114 vinariam,
559 4041 715 4115 oleariam,
743 4043 780 4103 nt
804 4056 828 4103 c.
853 4044 887 4103 b:
925 4044 1075 4104 Frondem
1096 4047 1290 4121 populneam,
1318 4049 1360 4108 ul·

203 4152 314 4210 meam,
338 4152 499 4210 querneam
523 4136 671 4211 caedito),
700 4134 859 4200 neminem
882 4143 991 4217 potest
1012 4138 1190 4219 offendere,
1213 4141 1361 4220 quoniam

203 4228 315 4311 pluras
337 4231 478 4296 rationes
502 4228 690 4311 cogitandae
716 4237 803 4312 sunt,
837 4250 920 4313 quae
948 4234 1098 4318 deinceps
1125 4243 1359 4304 enumerantur.

290 4347 320 4404 4.
343 4339 510 4405 Interdum
532 4339 663 4421 ponitur
684 4339 816 4422 pluralis
833 4343 998 4409 nominum
1019 4363 1100 4427 quae
1119 4345 1270 4414 dicuntur
1287 4366 1361 4430 pro·
