3125 5075
237 555 243 568 ·
366 535 390 598 ς·
510 499 602 590 ethus
616 543 884 628 suprapruoanu.
898 571 924 581 -
940 551 1040 592 sanan.
1320 564 1362 620 47

214 726 337 784 umbo
358 727 449 799 ualui,
473 721 514 785 bo
535 727 636 785 catoso
658 741 750 802 segor
770 725 822 786 iul.
861 723 926 790 Mil.
943 724 1001 802 ΙΙΙ,
1027 732 1053 805 1,
1079 731 1136 790 37:
1160 727 1206 786 lie
1230 729 1360 806 utiquam

213 823 241 881 o
259 823 404 896 nemost
425 841 530 886 sonex.
575 821 703 903 Fragm.
725 821 857 901 Agroici
877 839 908 902 p.
931 827 994 887 475
1016 821 1128 889 Gron:
1157 826 1251 898 Quasi
1274 828 1361 901 lupus

212 921 241 979 ab
260 922 353 981 m
375 923 471 983 raleo.
517 917 596 984 ciat.
620 917 645 998 Ι,
671 925 698 997 l,
722 923 779 983 62:
816 923 912 982 Doleo
934 924 972 981 ab
995 926 1102 991 animo,
1125 926 1212 984 doleo
1235 924 1273 981 ab
1296 939 1362 983 oete·

212 1017 247 1080 lit
267 1019 355 1079 doleo
379 1019 418 1078 ob
438 1019 634 1093 aspritudine.
680 1017 765 1084 Tria.
783 1016 843 1092 ΙΙΙ,
867 1022 896 1094 2,
922 1023 978 1081 54:
1003 1022 1055 1081 Set
1076 1030 1109 1081 tu
1132 1023 1290 1097 obiurgans
1314 1035 1360 1082 me

209 1117 365 1190 opacam
386 1120 470 1191 rapis
492 1115 673 1178 deteriorem
697 1120 728 1177 lu
751 1119 845 1190 viam,
880 1115 934 1179 ubi
957 1136 976 1177 a
997 1122 1131 1194 peccatis
1160 1121 1217 1181 aut
1240 1111 1361 1196 signiti-

159 1245 161 1252 ·
210 1211 322 1278 atoue
342 1229 422 1275 vere
444 1211 583 1280 locativa
605 1230 675 1278 cum
699 1217 781 1289 rapis
804 1218 860 1277 aut
884 1213 963 1294 sign.
997 1216 1074 1290 quod
1098 1218 1207 1276 attinet
1228 1216 1266 1274 ad
1289 1193 1358 1289 pact

159 1327 164 1338 ·
210 1320 264 1371 eata
285 1326 363 1374 cum
390 1279 552 1396 obiurgahs
582 1310 729 1389 coniungi
749 1314 867 1390 potest.
912 1309 1086 1390 capelli,
1113 1315 1220 1390 1,10:
1247 1313 1293 1371 lta
1315 1313 1359 1370 iu·

209 1416 300 1469 sentus
323 1411 383 1470 iam
406 1397 551 1470 ridiculos
573 1411 678 1484 inopes
701 1411 739 1468 ab
758 1427 789 1471 se
809 1419 956 1486 segregat.
984 1408 1049 1474 Mil.
1067 1408 1122 1488 IV,
1145 1414 1175 1485 S,
1201 1411 1359 1471 ll:'lstnc

210 1509 328 1578 crucior,
358 1523 379 1566 o
403 1507 470 1566 ot'ro
491 1524 539 1567 mo
561 1508 616 1566 toti
637 1509 845 1568 abalienarier.
891 1505 1004 1571 Pseud.
1028 1505 1053 1582 Ι,
1079 1510 1184 1583 1,93:
1219 1505 1359 1566 Profecto

210 1607 278 1664 nullo
300 1611 392 1680 pacto
414 1621 535 1679 possum
558 1605 672 1677 uivere,
707 1605 738 1664 Si
760 1607 815 1666 illa
836 1624 857 1664 o
876 1625 924 1667 me
946 1607 1134 1665 abalienatur
1155 1613 1245 1680 atque
1268 1604 1359 1664 abdu-

209 1703 282 1760 titur.
305 1687 428 1763 ''Mera
452 1697 512 1777 ΙΙΙ,
533 1706 564 1776 4,
587 1703 648 1763 26:
680 1704 792 1763 Mulier
820 1705 982 1763 alienatast
1003 1706 1056 1763 obe
1078 1706 1112 1762 te.
1157 1700 1253 1764 Poen.
1277 1699 1357 1780 prol.

159 1787 180 1878 Ι
209 1800 255 1859 ti:
277 1799 426 1858 abdldms
449 1794 494 1876 (b.
519 1814 546 1860 c.
570 1802 729 1876 remotus,
760 1799 939 1878 seiunctus)
960 1804 1092 1874 epatre.
1139 1795 1254 1861 caecil.
1278 1797 1356 1861 Stat.

210 1891 380 1974 Synephebi
401 1892 441 1958 ir.
469 1899 497 1971 l,
518 1913 547 1958 r.
571 1897 651 1959 204:
674 1914 695 1955 a
705 1913 800 1970 porco
809 1902 900 1972 putre
915 1899 1001 1972 Quod
1025 1915 1131 1957 sumas.
1177 1892 1358 1975 Synephebi

207 1987 236 2054 h.
256 1996 285 2068 2,
307 2009 337 2055 x.
362 1995 442 2055 214:
465 1993 505 2051 ab
527 1995 621 2053 amieo
642 2000 761 2057 amante
784 2003 939 2070 argentum
962 1999 1110 2071 accipere.
1141 1989 1258 2055 Caecil.
1275 1991 1356 2054 Stat.

159 2081 178 2228 ’ν
210 2085 424 2154 Pausimacbus
453 2087 492 2154 ir.
516 2097 553 2153 4:
589 2093 644 2152 boc
672 2109 693 2151 o
715 2097 741 2151 te
763 2095 892 2168 postulo.
935 2091 1077 2156 Plocium
1108 2090 1146 2153 lr.
1176 2096 1202 2153 l.
1225 2108 1254 2152 v.
1284 2092 1356 2151 154:

168 2227 174 2244 .
211 2188 279 2261 Quae
302 2191 360 2249 hoc
383 2190 462 2249 idem
484 2204 503 2247 a
524 2190 589 2248 otro
611 2192 785 2265 impetrarit
807 2208 868 2250 ano.
914 2187 1039 2253 Terent.
1065 2188 1163 2251 Andr.
1186 2185 1217 2265 Ι,
1241 2193 1274 2265 5,
1299 2190 1355 2250 56:

210 2285 242 2346 la
262 2289 413 2360 obtestor,
447 2304 485 2346 ne
509 2289 562 2347 aba
583 2291 611 2346 te
633 2288 709 2348 hanc
733 2306 873 2365 segreges
897 2306 955 2347 neu
977 2289 1109 2347 deseras.
1155 2286 1236 2348 Eun.
1258 2283 1300 2361 ΙΙ,
1327 2289 1355 2360 l,
1433 2335 1437 2342 .

159 2379 171 2440 t
209 2386 232 2445 1:
263 2387 400 2445 stillum
423 2385 587 2466 aemulum,
612 2387 696 2459 Quod
719 2388 851 2460 poteris,
876 2387 913 2444 ab
935 2401 971 2444 eo
992 2387 1107 2460 pellito.
1153 2380 1286 2461 Adelph.
1311 2381 1354 2458 ΙΙ,

160 2467 164 2476 ’
209 2482 229 2555 l,
251 2486 281 2544 l:
309 2481 375 2543 Aba
396 2483 495 2556 quiuis
515 2483 647 2550 bomine,
670 2492 788 2559 quomst
811 2500 899 2558 opus,
922 2483 1100 2544 beneficium
1123 2484 1260 2558 accipere
1283 2499 1354 2556 gau·

207 2579 275 2641 deas.
313 2578 414 2642 Andr.
427 2577 481 2657 lv,
500 2583 528 2655 1,
545 2580 602 2642 57:
627 2584 752 2642 restitue
769 2600 856 2657 quern
872 2598 891 2640 o
906 2599 952 2642 me
967 2582 1112 2654 accepisti
1128 2583 1236 2640 locum.
1274 2577 1351 2641 Hec.

207 2673 251 2751 lt,
273 2683 305 2755 4,
329 2680 384 2740 18:
408 2679 485 2737 Nam
509 2680 638 2739 abducta
659 2697 679 2738 o
700 2682 781 2740 nobie
803 2696 951 2755 praegnas
973 2678 1074 2738 fuerat
1095 2678 1165 2737 filia.
1211 2674 1291 2738 And.
1311 2672 1352 2751 ΙΙ,

159 2776 175 2839 'l
205 2777 224 2851 3,
248 2780 301 2838 12:
336 2777 379 2836 Ut
402 2777 440 2834 ab
461 2777 518 2834 illo
539 2776 695 2861 excludas..
734 2774 862 2838 Phorm.
883 2773 921 2851 V,
945 2779 974 2852 9,
996 2781 1053 2837 49:
1088 2777 1152 2850 Ego
1181 2777 1275 2834 minas
1299 2774 1353 2832 tri-

171 2940 174 2945 ,
203 2876 274 2947 ginta
295 2876 335 2931 ob
357 2873 411 2932 ilio
432 2891 489 2948 pcr
511 2858 662 2957 fallaciam
685 2877 803 2936 abstuli.
850 2870 946 2934 Andr.
969 2870 1007 2948 V,
1034 2877 1061 2948 l,
1085 2878 1117 2935 4:
1152 2876 1243 2933 lmmo
1274 2872 1352 2931 enim

202 2988 267 3032 nnnc
292 2988 381 3047 quom
405 2988 539 3031 maxume
562 2972 614 3032 obs
636 2977 662 3033 te
683 2976 804 3049 postulo
827 2981 916 3047 atque
940 2987 1001 3030 oro.
1047 2967 1161 3033 Heaut.
1177 2968 1215 3047 V,
1242 2975 1269 3046 1,
1293 2971 1350 3031 53:

201 3071 242 3131 obs
268 3076 296 3129 te
322 3076 429 3144 petere
458 3076 489 3128 et
518 3087 654 3144 poscere.
699 3069 780 3133 Eun.
810 3067 869 3145 Ill,
899 3073 934 3145 4,
964 3073 981 3132 7
991 3089 997 3127 :
1036 3072 1101 3144 quis
1124 3087 1191 3128 nam
1222 3069 1352 3127 hincab

201 3168 307 3227 l‘boide
329 3166 414 3227 exit?
458 3166 556 3229 Andr.
581 3164 634 3243 lv,
660 3170 687 3243 l,
711 3170 767 3229 62:
800 3168 918 3242 crepuit
940 3168 1009 3225 hinc
1032 3183 1052 3225 a
1075 3167 1213 3240 Glycerio
1233 3168 1350 3238 ostium,

172 3296 175 3301 ·
201 3264 274 3343 qnod
290 3263 389 3327 aliter
408 3262 582 3343 cogitatum
599 3269 649 3327 est
671 3282 709 3329 ac
725 3264 750 3327 si
768 3263 887 3328 dictum
907 3262 964 3325 sit:
989 3265 1122 3340 Glycerii
1143 3262 1210 3325 sive
1225 3260 1351 3325 aedium

200 3358 347 3442 Glycerii,
378 3363 415 3423 nt
437 3359 520 3440 axpl.
543 3359 671 3426 Ruhnk.
697 3361 813 3425 Heaut.
838 3360 863 3438 l,
887 3366 914 3437 l,
941 3366 1017 3425 121:
1053 3361 1112 3421 Sed
1136 3362 1205 3435 quid
1228 3377 1352 3434 crepue-

201 3470 257 3520 unt
280 3460 366 3519 fores
389 3460 467 3520 Hinc
491 3477 511 3517 a
531 3460 597 3521 me?
641 3459 722 3522 Eun.
746 3459 784 3533 V,
809 3465 837 3530 7,
862 3465 898 3521 5;
923 3461 982 3519 Sed
1007 3459 1087 3518 iores
1111 3464 1292 3532 crepuerunt
1314 3458 1352 3516 ub

202 3574 233 3615 co.
270 3553 408 3632 Adelph.
425 3554 464 3631 V,
481 3561 510 3634 3,
535 3562 570 3620 2:
592 3561 658 3633 quis
680 3577 747 3618 nam
772 3577 792 3617 o
813 3577 858 3618 nte
881 3559 998 3633 pepulit
1021 3566 1081 3615 tarn
1104 3558 1234 3631 graviter
1258 3553 1352 3613 foris?

202 3649 314 3716 Phorm.
338 3650 429 3728 125,
458 3658 510 3716 12:
534 3656 593 3715 Sed
617 3659 724 3717 ostium
747 3657 925 3731 concrepuit
947 3657 1000 3714 obs
1023 3659 1057 3712 te.
1103 3650 1220 3714 Heaut.
1238 3648 1297 3727 ΙΙΙ,
1322 3654 1351 3725 2,

205 3753 246 3813 to:
266 3753 340 3825 Quia
363 3768 430 3810 nam
454 3770 473 3811 o
495 3754 579 3814 nobis
601 3756 754 3828 egreditur
773 3753 875 3813 foras?
919 3751 1000 3814 Eun.
1025 3749 1084 3827 III,
1109 3756 1138 3826 3,
1165 3753 1218 3811 14:
1250 3754 1352 3823 sperat

206 3866 226 3907 te
253 3867 336 3909 ame
358 3850 499 3910 auellere.
545 3849 625 3913 Eun.
650 3849 708 3929 ΙΙΙ,
725 3855 753 3920 2,
778 3854 833 3912 12;
859 3853 936 3912 dona
951 3852 1060 3910 adsunt
1074 3851 1129 3910 tibi
1144 3848 1174 3907 A
1190 3846 1351 3907 Phaedria.

207 3940 272 4008 Eun.
287 3944 331 4023 ΙΙ,
355 3949 384 4022 2,
410 3949 458 4008 56.
499 3946 558 4011 Ad.
574 3947 612 4025 V,
629 3953 658 4026 9,
675 3952 732 4011 20:
756 3956 909 4025 postremo
932 3966 952 4006 a
973 3967 1018 4009 me
1041 3954 1196 4022 argeutum
1220 3947 1353 4020 quantist

208 4047 306 4105 uuita.
352 4046 444 4105 Abire
465 4047 502 4107 ab
523 4049 623 4122 aliquo
643 4045 751 4109 multis
773 4042 926 4124 exemplis
946 4045 1107 4108 invenitur
1126 4042 1211 4123 apud
1233 4041 1352 4104 Teren·

209 4136 280 4217 ium,
302 4139 392 4206 velut
410 4141 493 4206 Eun.
513 4141 569 4220 IV,
594 4149 622 4222 7,
648 4148 704 4206 21:
729 4162 886 4219 numquam
903 4145 1026 4218 accedo,
1051 4145 1120 4218 quin
1137 4144 1189 4202 aba
1205 4146 1230 4203 te
1247 4142 1351 4201 abeam

211 4234 322 4315 doctior,
351 4236 390 4303 cl.
414 4237 632 4307 SchaclIernm
654 4240 694 4305 dc
717 4258 778 4305 usu
802 4258 910 4320 praep.
934 4238 1005 4303 Ter.
1028 4258 1057 4319 p.
1082 4244 1110 4302 6.
1157 4238 1233 4302 ileo.
1257 4236 1295 4315 V,
1320 4240 1349 4314 2,

212 4334 251 4395 15:
280 4340 339 4399 cito
361 4341 401 4399 ob
422 4356 456 4401 eo
477 4340 554 4400 haec
575 4340 623 4401 ira
645 4341 795 4402 abscedet.
842 4336 976 4417 Adelph.
1000 4336 1057 4412 III,
1081 4341 1115 4414 2,
1141 4341 1198 4401 5οε
1233 4337 1350 4413 quando

213 4445 254 4506 ego
273 4439 391 4496 conscia
411 4438 483 4497 mihi
506 4456 579 4511 sum,
604 4454 623 4496 o
644 4456 689 4499 me
713 4441 831 4513 culpam
847 4455 914 4499 esse
931 4438 1007 4497 hanc
1028 4440 1142 4511 procul.
1175 4433 1251 4497 Hec.
1269 4431 1349 4512 prol.

211 4521 241 4607 Π,
259 4548 283 4593 v.
302 4538 354 4598 10:
379 4542 413 4594 ut
434 4535 473 4594 ob
495 4535 594 4597 eodem
611 4534 734 4615 speeie)
751 4539 827 4597 alias
844 4537 990 4597 discerem
1005 4537 1105 4595 Nonas
1133 4526 1351 4611 (comoedias).
