3125 5075
288 344 351 404 256
583 336 646 377 ΟΔΡ.
659 335 706 376 XV.
733 335 883 376 nocturna
898 335 1150 376 auuncutlontttl.

289 528 499 589 datilomm.
545 525 636 604 Quod
660 541 852 604 quamquam
875 523 1055 605 quantitate
1077 521 1186 589 differt
1207 541 1227 589 a
1248 544 1288 588 na
1311 522 1444 605 prohibi·

290 623 366 703 tivo‚
388 630 497 690 tamen
519 624 668 705 primitus
691 640 788 687 unum
812 622 960 701 idemque
991 621 1181 686 vorabulum
1203 641 1276 687 eum
1301 622 1358 688 illo
1379 619 1444 700 init,

290 720 340 804 de.
354 739 416 801 qua
438 739 473 787 re
496 729 531 787 et
559 722 592 786 in
623 720 806 786 universnm
829 719 870 785 de
893 716 1124 800 significatione
1147 719 1242 786 huius
1272 720 1445 802 particulae

288 817 434 883 Handius
458 819 477 883 l.
501 838 527 885 o.
550 838 580 900 p.
607 823 647 883 ta
670 835 738 899 sqq.
768 817 849 883 haec
871 816 981 884 habet:
1010 817 1261 900 ‚Quaecumque
1293 819 1444 884 dubitatio

290 933 392 997 prope
414 917 540 983 accedit
562 916 603 981 ad
624 915 844 997 negationem:
867 915 1079 997 interrogatio
1100 922 1207 982 autem
1228 917 1262 981 in
1286 936 1322 984 se
1345 915 1444 992 habet

287 1012 329 1078 de
352 1031 431 1094 quo,
455 1023 562 1080 utrum
586 1014 691 1078 sitan
714 1031 776 1077 non
799 1014 857 1084 sit,
878 1012 1062 1080 dubitemus
1084 1014 1222 1094 irlooqne
1245 1032 1443 1095 quaeramus.

290 1109 398 1189 Quare
428 1113 633 1177 Hermannus
659 1111 777 1190 aliique
809 1111 988 1176 docuerunt
1016 1113 1048 1177 in
1076 1113 1161 1177 omui
1195 1113 1444 1194 interrogatione

291 1209 432 1290 aliquam
455 1210 658 1292 negationem
681 1209 795 1272 inesse.
826 1209 932 1288 Atque
954 1208 1035 1276 haee
1050 1210 1120 1292 ipsu
1142 1211 1204 1275 luit
1225 1228 1354 1288 caussa,
1377 1223 1445 1288 qua·

292 1314 426 1390 propter
447 1328 501 1381 ne,
524 1308 609 1389 quod
634 1314 739 1388 negat,
764 1306 920 1387 particula
943 1304 1038 1374 fieret
1053 1308 1318 1386 interrogationis
1342 1317 1373 1372 et
1396 1307 1446 1370 tlu-

293 1405 465 1472 dilationis.
511 1406 539 1470 ii
555 1405 637 1469 enim
661 1404 873 1485 grammatici,
895 1406 949 1483 qni
972 1405 1082 1471 dicunt
1105 1425 1143 1467 ne
1164 1405 1241 1470 nillil
1258 1403 1445 1482 significare

291 1504 352 1568 nisi
383 1510 420 1578 ut
442 1503 703 1585 interrogationis
731 1502 865 1566 formam
895 1504 1054 1584 exprimat
1082 1503 1132 1568 rel
1163 1504 1445 1584 interrogationem

290 1601 444 1682 intendat,
467 1621 531 1667 non
554 1601 633 1666 satis
656 1602 858 1682 distinguunt
879 1602 1081 1682 negationem
1098 1602 1139 1665 all
1154 1602 1307 1681 negativa
1329 1601 1446 1681 origine

294 1700 568 1783 interrogationis.
613 1699 693 1764 Nam
725 1700 800 1764 dum
829 1698 958 1773 dubito,
986 1718 1046 1765 neo
1072 1699 1138 1765 seio
1169 1717 1210 1763 au
1239 1699 1285 1762 sit
1314 1717 1367 1764 res
1395 1705 1446 1761 uut

290 1797 388 1878 quale
410 1800 461 1877 sit,
486 1805 583 1878 atque
603 1796 675 1861 ideo
691 1815 823 1877 quaero,
844 1797 877 1862 in
898 1796 1002 1861 anirno
1026 1803 1119 1862 teneo
1141 1797 1345 1877 negationem
1369 1794 1446 1859 ailir·

293 1896 457 1960 metionis:
480 1895 622 1977 alioquin
644 1895 863 1975 quaestionem
887 1913 948 1959 non
970 1893 1062 1971 facio,
1086 1895 1140 1959 sed
1157 1892 1294 1958 attirmo.
1340 1892 1445 1972 Neque

290 1994 315 2057 ii
338 1999 414 2059 aunt
435 1994 608 2074 probandi,
636 1994 692 2073 qui
721 1993 833 2058 dicunt
865 1993 1055 2057 sententiam
1076 2011 1133 2071 per
1161 1991 1269 2056 neila
1292 1991 1444 2070 signatam

291 2092 394 2172 magis
405 2092 446 2155 ad
462 2090 681 2156 affirmandam
697 2108 791 2171 quam
804 2091 845 2156 ud
861 2090 1039 2171 negandam
1052 2108 1117 2156 rem
1131 2088 1296 2154 inu-linare.
1323 2089 1445 2156 Utrum·

289 2207 354 2269 que
377 2193 460 2255 enim
485 2188 553 2254 fieri
579 2195 686 2269 potest
704 2190 832 2268 aequali
855 2189 925 2253 nisu
947 2221 989 2232 -
1005 2188 1072 2252 lam
1089 2205 1164 2252 vero
1187 2187 1444 2268 interrogationis

290 2292 326 2352 et
347 2296 456 2351 rectae
480 2294 514 2352 et
536 2287 685 2366 obliquae
708 2285 824 2366 triplex
848 2296 897 2350 est
920 2304 1030 2367 genus.
1078 2286 1217 2349 l'rinurm
1248 2286 1335 2349 enim
1358 2303 1443 2365 qnae

291 2383 389 2461 titur,
416 2403 457 2449 an
485 2404 536 2451 res
559 2387 617 2456 stt,
646 2384 842 2461 simpliciter.
888 2384 1010 2448 Deinde
1033 2402 1111 2447 vero
1134 2401 1174 2448 en
1187 2383 1335 2461 incitatio,
1358 2400 1442 2462 quum

291 2481 553 2562 problematioam
583 2482 748 2563 appellare
776 2482 931 2559 soterum,
967 2473 1147 2547 deflectitur
1173 2482 1212 2545 ud
1246 2480 1442 2562 negationem

290 2584 366 2643 aitte
390 2593 587 2660 occupatam,
611 2598 673 2660 qua
689 2582 865 2660 cogitamus
888 2580 928 2649 iu,
952 2581 991 2643 de
1014 2598 1077 2658 qno
1093 2582 1272 2657 quaeritur,
1295 2599 1359 2644 non
1381 2595 1443 2642 esse

291 2685 350 2742 aut
382 2697 445 2741 nou
481 2697 574 2758 posse
607 2697 685 2742 esst.
744 2679 811 2741 tloc
841 2677 1031 2757 exprimitur
1059 2693 1183 2740 araneae
1214 2677 1377 2757 particula
1405 2696 1442 2743 no.

290 2783 388 2856 atque
409 2776 654 2856 interrogationi
678 2776 808 2840 additur
831 2796 869 2838 ea
893 2778 949 2853 vis,
973 2794 1044 2854 qua,
1069 2775 1122 2855 qni
1146 2775 1284 2853 quaerit,
1308 2775 1442 2839 declarat

291 2872 352 2937 sibi
380 2890 567 2952 persuasum
599 2893 685 2951 esse,
718 2874 814 2937 alitur
841 2872 1026 2951 responderi
1055 2890 1115 2935 non
1144 2890 1248 2951 posse.
1296 2872 1360 2938 Sed
1388 2872 1442 2935 alia

292 2969 414 3035 ratione
444 2988 635 3049 occupamus
668 2971 927 3047 eliminationem,
961 2969 1036 3035 dnm
1070 2988 1225 3049 ungamus
1259 2973 1441 3033 crrrrtrarian

290 3069 491 3132 aetitentiam.
539 3071 573 3131 ld
598 3071 728 3149 proprie
751 3070 943 3148 exprimitur
971 3067 1070 3131 verbo
1092 3086 1202 3136 nonne,
1232 3069 1292 3131 sed
1323 3067 1441 3132 brevius

291 3166 386 3230 etiam
410 3185 468 3246 per
491 3166 625 3247 simplex
647 3186 692 3229 no.
739 3168 796 3231 l’is
818 3167 1079 3246 interrogationis
1102 3165 1213 3228 eadem
1240 3174 1301 3229 est
1326 3199 1367 3209 -
1388 3162 1440 3229 Sed

291 3261 458 3343 multiplex
489 3271 540 3327 est
574 3248 851 3344 lituu-ogariout-‚
885 3282 967 3343 qnae
995 3282 1052 3343 per
1074 3281 1111 3323 ue
1134 3261 1342 3342 exprimitur,
1376 3280 1440 3327 usus

289 3367 388 3441 atque
412 3361 470 3425 vis.
517 3361 596 3425 Nam
621 3362 713 3425 niodo
737 3362 779 3439 id,
803 3361 888 3440 quod
913 3363 1077 3438 miramur,
1102 3360 1334 3441 interrogando
1357 3359 1439 3440 signi-

290 3456 432 3537 ficamur,
456 3462 549 3522 modo
574 3459 835 3539 indignationem.
858 3461 952 3523 modo
976 3462 1071 3522 etiam
1095 3456 1203 3521 verbis
1224 3457 1375 3524 inhaeret
1388 3459 1439 3521 iro

290 3558 342 3619 nia
369 3555 534 3635 quaedam.
586 3556 765 3636 Numquam
795 3565 916 3634 tamen,
952 3561 989 3621 nt
1015 3555 1086 3619 aliis
1110 3555 1212 3619 visum
1244 3563 1312 3636 est,
1347 3554 1439 3621 delicit

291 3659 434 3732 potestus
459 3652 634 3733 particulae
689 3658 792 3732 saepe
816 3652 975 3733 significat
997 3652 1092 3717 aliter
1122 3652 1236 3718 sentiri
1259 3666 1326 3719 non
1347 3670 1437 3736 posse

287 3757 387 3830 atque
409 3751 441 3815 in
465 3752 715 3832 interrogatione
738 3751 859 3814 ironica
881 3757 1055 3831 occupatur
1077 3747 1281 3816 affirmatio.“

376 3865 404 3910 a.
449 3850 559 3914 Livius
590 3850 727 3914 :triduom
763 3849 908 3930 Aegisthi
938 3849 974 3912 ir.
1004 3855 1037 3914 3:
1080 3851 1181 3909 Iamne
1214 3857 1320 3915 oeulos
1351 3853 1436 3930 sperit

289 3950 441 4008 laetanisti
466 3950 611 4022 optabili?
642 3948 709 4011 Liv.
727 3948 825 4012 Andr.
846 3947 984 4011 Ludius:
1006 3949 1127 4009 Corruit
1142 3950 1226 4022 quasi
1250 3953 1330 4014 ictus
1353 3966 1436 4013 aeona

287 4076 332 4087 —
366 4046 484 4104 Sicine?
540 4044 619 4108 Cato
650 4045 687 4107 R.
717 4045 753 4108 R.
784 4062 809 4109 c.
840 4052 873 4108 1:
910 4047 1018 4106 Videto
1052 4064 1123 4106 vasa
1155 4050 1275 4108 tortula
1309 4059 1341 4109 et
1372 4049 1436 4109 dolia

290 4145 421 4202 multane
442 4146 528 4204 sieut.
578 4144 612 4207 C.
638 4150 673 4207 2:
698 4154 846 4218 roget-
870 4147 983 4206 satisne
1005 4147 1134 4219 tempori
1161 4163 1256 4220 opera
1279 4148 1358 4207 sient
1380 4162 1434 4206 eon·

292 4240 381 4316 lucta,
405 4245 539 4314 possitne
558 4261 632 4318 quae
657 4245 773 4317 reliqua
789 4245 868 4302 sieut
884 4242 1041 4302 conficere.
1066 4239 1146 4305 Cato
1163 4241 1268 4323 origg.
1285 4242 1305 4306 l.
1323 4241 1383 4306 vll
1397 4257 1433 4317 ap·

289 4335 372 4401 Geli.
398 4337 427 4415 l,
456 4343 510 4417 12,
536 4345 591 4402 ll:
616 4343 679 4415 Ego
702 4358 748 4400 mo
772 4359 850 4401 nuno
874 4341 941 4400 uolo
964 4341 1010 4402 ius
1032 4330 1217 4415 pontificium
1234 4346 1345 4417 optime
1361 4343 1433 4403 scire.
