3125 5075
516 355 554 396 DE
570 358 665 399 tronis.
681 378 705 385 -
724 358 919 397 lnolcsmvus.
935 379 957 385 -
973 358 1061 406 QUUH.
1302 364 1361 422 125

199 551 270 606 tum
302 565 360 608 nno
393 564 445 608 ore
477 564 579 609 omnes
612 549 711 607 omnia
747 549 830 608 Bona
863 547 963 606 dicere
998 553 1029 606 et
1067 545 1190 607 laudare
1225 544 1362 606 fortunas

203 660 296 704 meas.
342 640 469 706 Phorm.
492 641 517 722 I,
541 649 571 722 4,
597 648 650 707 10:
673 662 759 717 quom
780 645 852 704 mihi
868 660 975 719 paveo,
1000 648 1062 705 tam
1084 643 1217 717 Antipho
1241 660 1287 702 me
1310 660 1361 702 ex·

199 742 322 801 cruciat
344 743 441 803 animi.

292 855 319 901 c.
363 841 460 915 Qum
489 841 607 899 causale
632 858 698 900 cum
724 839 884 897 indicativo
912 838 1052 900 iunctum
1097 832 1278 899 Notandum
1301 839 1361 913 est,

201 932 387 1015 ubicunque
409 954 499 1009 quum
522 952 593 999 cnm
620 936 681 999 ind
712 934 854 998 iunctum
878 949 975 997 causa
1004 931 1175 1012 exprimat,
1205 948 1362 1011 nusquam

203 1036 315 1095 tamen
337 1032 557 1113 primigeniam
579 1033 734 1112 temporis
749 1027 1012 1110 significationem
1029 1027 1195 1093 obliterari
1216 1029 1362 1108 adeoque

204 1147 335 1193 manere
357 1129 557 1209 primariam,
579 1128 620 1193 ad
642 1148 735 1210 qnam
760 1127 893 1190 accedat
915 1126 1041 1191 demum
1064 1143 1180 1192 causae
1203 1126 1291 1190 notio
1313 1143 1362 1190 se·

204 1244 270 1306 que
300 1243 371 1291 cnm
399 1226 455 1291 illa
476 1227 656 1307 coniungat.
686 1226 765 1290 Cato
788 1242 837 1305 ap.
866 1223 946 1289 Gell.
971 1222 1075 1301 111,ss
1100 1224 1201 1298 (Lien.
1226 1226 1293 1296 98):
1316 1227 1361 1285 nl-

205 1328 296 1386 mium
318 1333 445 1400 nugator
468 1344 515 1399 es,
538 1344 604 1385 caen
619 1327 754 1387 malumti
775 1328 850 1387 cett.
873 1322 978 1385 Plaut.
996 1320 1109 1401 Amph.
1133 1320 1213 1400 prol.
1236 1340 1264 1385 v.
1292 1326 1359 1387 129.

204 1421 249 1500 ΙΙ,
273 1425 302 1499 2,
325 1426 376 1485 49.
403 1426 473 1485 121.
499 1421 535 1498 V,
559 1427 593 1500 2,
616 1427 651 1485 4:
686 1427 825 1500 eloquar,
848 1425 944 1483 Multo
973 1422 1048 1481 adeo
1069 1423 1173 1481 melius
1196 1437 1282 1496 quem
1305 1422 1361 1495 illl,

203 1538 293 1593 guam
318 1538 385 1580 sem
410 1522 554 1595 Iuppiter.
587 1518 733 1583 Asinaria
760 1519 793 1596 1,
817 1521 846 1588 1,
869 1521 909 1580 67
933 1533 993 1596 sq.:
1022 1519 1203 1579 Praesertim
1228 1520 1361 1590 quomis

205 1635 253 1677 me
277 1617 395 1691 dignum
418 1619 486 1693 quoi
510 1618 706 1678 concrederet
727 1617 853 1678 Habuit
875 1614 918 1679 ib.
941 1632 969 1678 v.
987 1618 1036 1678 69.
1061 1612 1120 1689 ΙΙΙ,
1144 1619 1169 1692 l,
1195 1618 1251 1677 12:
1274 1633 1361 1687 quom

209 1716 264 1775 illo
306 1731 391 1788 qnem
423 1732 488 1774 amo
517 1716 685 1788 prohibeor.
730 1712 822 1792 Capt.
853 1710 900 1790 ΙΙ,
925 1717 959 1789 l,
983 1716 1023 1775 25
1058 1717 1120 1781 l=
1146 1730 1174 1775 v.
1202 1716 1275 1783 216)
1298 1726 1361 1789 sm:

205 1812 335 1873 Obnoxii
362 1812 457 1872 Ambo
483 1814 566 1873 robis
594 1831 693 1873 sumus
723 1819 849 1886 propter
876 1813 954 1871 hanc
983 1829 1060 1885 rem,
1088 1828 1175 1883 quom
1201 1827 1276 1885 quae
1300 1811 1359 1870 Vo-

204 1909 304 1969 lumns
326 1917 380 1970 nos
404 1911 508 1982 copiae
531 1910 632 1981 facitis
655 1928 708 1970 nos
731 1918 884 1984 conpotes.
930 1912 960 1986 2,
980 1911 1035 1972 48:
1060 1910 1147 1968 Fecit
1169 1907 1294 1967 officinm
1311 1908 1361 1968 hie

201 2024 308 2080 snum,
336 2008 429 2082 ραοω
456 2007 511 2065 tibi
539 2006 705 2068 confessnst
730 2025 840 2068 rernm.
886 2004 934 2082 ΙΙ,
957 2009 993 2073 2,
1020 2007 1094 2068 106;
1120 2007 1157 2065 Di
1182 2006 1235 2064 tibi
1258 2021 1360 2066 omnes

202 2106 308 2164 omnia
329 2110 433 2177 optata
455 2104 597 2177 oderant,
624 2106 717 2180 Quem
741 2122 790 2165 me
813 2112 896 2164 tanto
919 2106 1031 2164 honore
1054 2104 1190 2162 laneas
1216 2118 1360 2176 ouansque

207 2219 247 2261 ex
270 2202 376 2261 vinclis
397 2198 509 2261 calmo.
555 2206 588 2276 3,
615 2206 662 2264 14.
692 2205 729 2279 3,
753 2204 794 2263 52
815 2206 874 2270 (=
896 2216 924 2259 v.
948 2203 1038 2271 412);
1066 2202 1179 2261 Fecisti
1205 2209 1238 2259 nt
1261 2200 1360 2259 redire

207 2299 301 2357 liceat
322 2298 359 2357 ad
382 2301 516 2372 parentis
538 2299 651 2373 denno,
674 2301 768 2375 Quom
791 2306 863 2371 aput
886 2299 963 2357 hunc
986 2297 1140 2358 confessus
1163 2314 1193 2357 es
1215 2304 1246 2356 et
1268 2314 1360 2371 genus

209 2402 242 2454 et
264 2393 383 2455 divitias
406 2412 495 2456 meas.
519 2392 561 2470 ΙΙ,
579 2399 609 2471 3,
633 2398 683 2459 63.
707 2394 744 2463 ΙΙ,
772 2400 798 2469 l,
823 2399 837 2457 1
857 2409 943 2472 sqq.2
967 2396 1151 2477 lovi-disque
1175 2412 1231 2469 ago
1245 2395 1359 2469 gratias

204 2491 314 2553 merito
345 2510 482 2567 magnas,
515 2495 609 2569 Quom
638 2503 667 2553 te
691 2495 830 2554 reducem
854 2491 958 2569 [nunc]
990 2501 1041 2555 tuo
1068 2494 1149 2567 patri
1170 2490 1363 2552 reddiderunt

203 2591 356 2666 Quomque
388 2608 424 2649 ex
447 2593 574 2651 miseriis
597 2594 742 2666 plurumis
765 2608 811 2651 me
841 2596 1022 2657 exemerum,
1045 2624 1087 2632 —
1108 2593 1258 2667 Quomque
1283 2593 1361 2651 hune

208 2685 293 2764 [ego]
316 2689 468 2760 conspecto.
493 2685 570 2751 cist.
594 2686 619 2766 Ι,
639 2693 666 2764 1,
693 2692 768 2750 117:
793 2689 862 2747 Sine
886 2691 975 2760 tratri,
998 2707 1084 2762 qoem
1106 2696 1224 2765 egomet
1246 2690 1360 2747 trater.

205 2783 300 2862 Epio.
325 2783 366 2860 V,
390 2788 425 2860 2,
449 2787 504 2846 46:
549 2787 642 2861 Quom
672 2785 728 2845 tn’a
756 2787 843 2861 liber,
873 2786 996 2860 gaudeo.
1025 2784 1139 2849 Bacch.
1163 2784 1205 2862 ΙΙ,
1230 2789 1258 2858 3,
1285 2788 1360 2847 104:

207 2885 303 2955 Quom
327 2913 368 2922 -
391 2882 480 2943 dedit.
515 2879 581 2958 ΙΙΙ,
605 2885 633 2958 6,
658 2888 690 2945 7:
722 2884 826 2943 Salvos
854 2901 941 2956 quom
965 2901 1089 2958 peregre
1113 2883 1249 2955 advenis,
1279 2886 1361 2944 Cena

205 2981 304 3039 detur.
329 2977 423 3040 Most.
447 2976 473 3055 Ι,
498 2983 523 3057 l,
548 2982 604 3042 28:
627 2983 701 3040 Nam
725 2998 779 3054 ego
803 2984 885 3041 illum
908 2990 1080 3056 corruptum
1104 2981 1189 3060 duco,
1212 2984 1360 3056 quemuis

205 3076 296 3136 factis
318 3078 420 3137 studet.
458 3081 486 3151 2,
511 3081 565 3138 71:
590 3079 647 3137 Cor
671 3080 761 3146 dolet.
785 3096 871 3150 quom
890 3081 958 3138 sa'o.
982 3076 1065 3140 Men.
1088 3075 1137 3155 ΙΙ,
1161 3083 1194 3155 2,
1218 3083 1272 3141 24:
1302 3082 1360 3139 Pro

207 3192 282 3235 sano
305 3176 445 3249 loqueris,
468 3192 555 3248 quom
576 3193 621 3234 me
646 3176 776 3248 appelles
799 3179 926 3236 nomine.
958 3173 996 3250 V,
1014 3181 1040 3251 l,
1065 3179 1118 3238 39:
1142 3179 1252 3237 Pallam
1271 3184 1360 3250 atqne

203 3289 311 3331 aurum
334 3289 419 3344 quom
446 3290 541 3333 meam
565 3275 658 3333 Domo
685 3274 819 3345 suppiles
848 3277 924 3333 clam
953 3280 1021 3332 tuae
1051 3275 1136 3332 uxori
1157 3283 1189 3333 et
1212 3280 1279 3333 tuae
1302 3275 1363 3332 De·

203 3369 289 3442 peris
316 3371 437 3431 amicae.
484 3375 513 3447 9,
536 3373 593 3433 87;
621 3373 716 3446 Quom
743 3369 800 3430 tn’s
822 3372 913 3444 liber,
937 3371 1066 3446 gaudeo,
1089 3372 1249 3430 Messenio.
1295 3367 1361 3434 Mil

209 3463 264 3541 IV,
289 3469 317 3541 2,
340 3468 381 3528 80
397 3482 461 3544 sq.:
481 3469 574 3543 Quom
597 3487 672 3543 quae
689 3466 804 3544 [illaec]
827 3471 890 3528 voit
912 3470 1015 3528 eadem
1039 3474 1071 3526 tn
1092 3469 1138 3526 eis
1155 3498 1190 3508 -
1209 3470 1360 3543 Quomque

206 3564 368 3623 oratricem
393 3567 449 3624 han
471 3568 609 3638 sprevisti
629 3567 750 3640 sistique
774 3583 899 3625 exorare
923 3574 1020 3626 exte.
1067 3570 1094 3638 5,
1121 3567 1177 3626 12:
1203 3566 1314 3624 Saltem
1331 3565 1361 3624 id

208 3663 298 3734 volup
326 3671 388 3729 est,
421 3680 508 3735 quom
535 3681 572 3722 ex
598 3666 707 3723 virtute
735 3661 848 3723 formae
873 3660 928 3738 [id]
959 3664 1053 3721 eoenit
1075 3664 1136 3721 tibi.
1182 3659 1221 3737 V,
1245 3665 1298 3724 26:
1323 3664 1362 3721 Di

208 3758 266 3816 tibi
289 3758 363 3818 bene
387 3757 499 3819 iaciant
522 3778 653 3834 semper,
684 3778 769 3835 quom
793 3761 953 3820 advocatus
984 3762 1058 3820 bene
1087 3763 1127 3818 mi
1157 3759 1235 3819 odes.
1263 3757 1362 3822 Mero.

210 3851 270 3931 ΙΙΙ,
294 3859 323 3932 3,
350 3858 402 3918 16:
431 3859 499 3918 Scio
528 3861 578 3931 pol
602 3864 631 3916 te
657 3874 774 3929 amare,
802 3875 890 3929 quom
917 3860 1011 3917 istaec
1035 3861 1259 3930 moenonstras
1282 3859 1361 3916 mihi.

209 3949 248 4026 V,
267 3955 294 4025 2,
313 3956 346 4015 2;
370 3955 458 4029 Spem
474 3963 622 4031 speratam
639 3972 726 4026 parom
741 3957 872 4028 optulisti
894 3974 971 4015 nunc
994 3958 1074 4027 mini,
1098 3957 1152 4014 tibi
1174 3960 1273 4029 grates
1297 3973 1361 4030 ago.

211 4046 327 4112 Pseud.
351 4048 376 4124 Ι,
400 4057 428 4127 2,
446 4057 503 4114 74:
527 4055 607 4112 Male
630 4053 701 4111 mihi
723 4052 907 4128 morigern's,
930 4072 1017 4126 poem
1040 4056 1167 4113 sermoni
1191 4053 1259 4111 liuic
1282 4069 1363 4125 opso-

209 4163 276 4205 noa.
301 4150 333 4222 5,
358 4151 412 4210 62:
442 4152 558 4225 Edepol
581 4153 688 4209 merito
712 4168 777 4211 esse
802 4155 908 4212 iratum
936 4154 1080 4223 arbitror,
1110 4153 1203 4226 Quom
1233 4158 1305 4224 aput
1331 4158 1361 4210 te

211 4251 270 4302 tam
295 4251 413 4319 parvast
442 4250 469 4306 ei
498 4249 581 4310 fides.
627 4246 686 4325 ΙΙΙ,
710 4251 738 4323 2,
762 4253 818 4311 34:
849 4252 913 4309 Hoc
936 4251 984 4308 bic
1007 4250 1124 4324 quidem
1145 4250 1279 4308 homines
1301 4256 1362 4308 tam

211 4343 331 4403 brevem
355 4348 443 4404 vitam
471 4348 588 4417 colunt,
617 4349 712 4421 Quom
743 4349 831 4405 hasce
862 4349 970 4407 herbas
996 4349 1082 4406 huius
1110 4347 1188 4405 modi
1221 4349 1250 4404 in
1279 4363 1361 4406 sunm
