3125 5075
207 371 270 429 318
621 358 785 411 [sonaretur.
806 359 869 400 car.
883 359 922 399 nr.

204 532 406 615 perveniunt,
429 535 556 600 diversa
578 538 636 601 est.
680 532 750 599 Illic
772 534 855 599 enim
872 532 1010 614 primurn
1024 528 1106 596 iines
1120 530 1362 595 constituuntur

205 631 259 712 qui
281 630 346 695 sint
367 633 521 713 notionis,
548 650 587 698 ex
609 649 672 713 quo
694 634 829 712 apparet
842 630 968 696 demum
983 633 1112 695 auctum
1135 644 1206 693 esee
1221 627 1257 692 id
1275 627 1362 708 quod

204 730 237 793 in
260 747 299 794 ea
322 730 420 809 inest;
442 732 474 796 in
495 731 595 797 altero
618 735 727 795 autem
749 746 864 810 genere
886 726 1026 809 genitivo
1048 725 1185 807 primum
1204 724 1253 804 id,
1275 726 1360 805 quod

205 829 289 893 inest
308 828 341 892 in
363 829 503 907 notione,
525 833 674 910 augetur,
697 845 735 892 er
758 844 820 908 quo
844 825 982 892 secundo
1009 824 1137 890 demum
1164 823 1236 888 loco
1260 840 1361 904 appa-

203 931 255 991 ret
283 925 436 991 ambitum
458 927 596 991 notionis
624 930 802 991 coartatum
825 928 859 989 et
879 924 1079 988 imminutum
1101 939 1183 987 esse.
1227 919 1361 987 Utrobi-

206 1041 268 1104 que
290 1029 397 1088 autem
420 1025 507 1088 notio
530 1041 612 1105 quae
641 1022 820 1089 definienda
849 1027 900 1087 est
921 1022 1066 1087 subiecta
1088 1024 1138 1086 est
1158 1019 1255 1085 alteri
1276 1038 1362 1101 quae

201 1122 236 1186 in
258 1123 398 1203 genitivo
427 1127 477 1188 est
497 1123 617 1203 posita,
647 1121 681 1185 id
703 1120 788 1200 qnod
814 1120 976 1201 inpriore
998 1136 1117 1200 genere
1145 1118 1280 1199 genitivi
1303 1135 1362 1183 sua

204 1225 317 1297 sponte
340 1226 484 1301 apparet,
506 1222 539 1284 in
561 1220 662 1285 altero
685 1224 803 1299 autem,
826 1217 852 1283 si
876 1223 963 1284 recte
986 1216 1146 1297 intelligas
1170 1216 1246 1297 quid
1263 1216 1361 1297 signi-

202 1317 276 1384 ficet
296 1318 373 1383 illud
398 1324 432 1382 et
454 1319 514 1384 sibi
536 1319 623 1399 velit,
645 1320 777 1394 quodie
798 1320 916 1379 ceticae
935 1319 1022 1385 inest,
1049 1314 1079 1379 b.
1102 1331 1130 1380 e.
1152 1315 1290 1380 interior
1312 1314 1360 1378 vis

203 1422 238 1481 et
258 1422 376 1481 natura
396 1416 543 1481 notionis.

289 1517 443 1577 centanas
469 1523 512 1578 cst
539 1518 635 1592 igiter
658 1519 686 1578 is
722 1533 807 1576 cosas
835 1517 972 1583 comicia
1004 1517 1056 1589 qai
1085 1516 1180 1575 cuam
1211 1515 1359 1573 notionem

202 1616 380 1676 comitialem
403 1619 488 1677 nollo
509 1618 570 1676 clio
592 1634 659 1676 voce
672 1614 866 1675 intercedente
886 1612 945 1676 sibi
965 1614 1103 1687 adiungit
1124 1614 1218 1673 etita
1232 1612 1356 1686 quiden,

202 1718 237 1776 et
257 1715 399 1788 recipiens
421 1731 486 1773 eom
510 1712 594 1775 intra
619 1715 694 1787 fines
721 1731 790 1774 scos
816 1717 870 1772 avt
898 1713 1070 1787 significans
1095 1712 1130 1770 id
1148 1709 1229 1784 quod
1249 1712 1284 1769 iu
1304 1711 1357 1769 illc

201 1814 318 1871 notione
339 1814 423 1878 inest,
445 1812 588 1871 ambitum
609 1813 671 1871 cicae
693 1810 817 1885 definiet
837 1815 866 1870 et
886 1814 1024 1872 coerceat.
1054 1805 1124 1884 Qua
1147 1806 1282 1888 genitivi
1305 1806 1356 1870 de·

202 1905 345 1972 finitione
371 1924 411 1971 ne
438 1908 465 1972 is
494 1907 622 1988 quidem
652 1923 729 1971 usus
754 1906 836 1985 eius,
869 1923 932 1986 quo
960 1923 1030 1970 cum
1060 1905 1166 1970 verbis
1194 1905 1356 1985 coniungi·

205 2010 268 2085 tur,
292 2005 484 2084 excluditur,
514 2021 587 2068 nam
610 2004 714 2070 omnia
735 2005 833 2070 verba
855 2005 887 2067 in
910 2021 945 2069 se
969 2003 1132 2068 continent
1152 2010 1279 2084 partem
1303 2020 1356 2067 no·

202 2103 365 2181 minalem,
399 2102 559 2184 genitivus
580 2109 689 2167 autem
711 2122 774 2167 non
796 2108 929 2183 propter
950 2111 1075 2181 partem
1096 2119 1171 2166 vere
1194 2101 1356 2167 verbalem

202 2201 302 2266 verbo
322 2201 516 2283 adiungitur,
539 2202 594 2266 sed
615 2202 773 2266 artissimo
794 2200 918 2265 vinculo
940 2199 1091 2266 cohaeret
1111 2219 1184 2266 cum
1208 2200 1357 2265 nominali

202 2300 272 2366 eius
294 2307 401 2381 parte,
434 2302 481 2365 ita
511 2305 548 2364 ut
574 2299 733 2381 genitivus
761 2317 833 2364 curn
855 2304 1025 2364 memoret
1051 2317 1121 2364 curn
1143 2302 1265 2360 memini
1288 2317 1358 2363 con-

202 2399 331 2464 iunctus
348 2396 441 2477 plane
455 2398 540 2463 idem
556 2398 608 2478 sit,
630 2398 778 2478 quoniam
794 2398 921 2462 memini
935 2423 979 2451 =
994 2416 1115 2463 memor
1130 2415 1209 2475 sum,
1233 2397 1358 2479 indigeo

201 2523 246 2554 =
258 2497 404 2578 indigens
420 2515 489 2562 sum
506 2502 540 2562 et
550 2497 595 2562 sic
609 2497 641 2561 in
660 2495 806 2562 omnibus
821 2494 953 2576 reliquis
969 2496 1037 2561 eius
1053 2496 1180 2578 generis
1196 2496 1357 2579 exemplis.

201 2596 240 2660 In
261 2595 361 2660 latina
383 2602 490 2659 autem
512 2595 623 2675 lingna
644 2613 746 2676 pauca
769 2594 867 2660 verba
888 2596 1060 2676 genitivum
1082 2594 1142 2660 sibi
1163 2594 1287 2660 habent
1305 2594 1359 2658 ad·

202 2693 355 2772 iunctum,
380 2698 413 2757 et
436 2693 633 2774 ecquidem,
656 2695 688 2757 in
710 2693 826 2774 quibus
845 2693 1012 2758 nominalis
1038 2711 1113 2775 pars
1140 2692 1270 2758 maioris
1293 2711 1359 2758 mo·

202 2791 302 2855 menti
325 2794 374 2855 est
396 2796 430 2854 et
450 2791 700 2871 praeponderat,
724 2809 805 2871 quae
826 2791 898 2871 ipsa
920 2791 1094 2872 genitivum
1113 2790 1273 2868 adsciscit,
1298 2810 1359 2857 non

203 2892 310 2952 autem
343 2888 426 2953 actio
458 2889 509 2954 vel
537 2894 640 2954 status
673 2889 771 2954 verbo
800 2908 971 2970 expressus
1002 2909 1018 2954 e
1046 2891 1198 2970 temporis
1230 2891 1361 2955 rationi·

203 2984 264 3050 bus
286 2986 443 3065 pendenS,
466 2985 497 3050 h.
522 3005 549 3051 e.
571 3005 647 3068 pars
670 3006 751 3068 quae
771 2989 901 3069 proprie
925 2992 975 3051 est
997 2986 1148 3067 verbalis,
1179 3006 1243 3068 quo
1265 2986 1302 3053 fit
1325 2994 1361 3053 ut

202 3080 269 3148 iere
291 3083 396 3147 omnia
418 3084 517 3149 verba
538 3085 606 3150 eius
629 3086 756 3167 generis
779 3085 874 3151 etiam
897 3085 994 3150 alium
1017 3104 1125 3150 casum
1152 3085 1212 3151 sibi
1235 3103 1361 3151 accom-

204 3182 368 3245 modatum
390 3181 569 3248 adsciscere
592 3184 724 3264 possint.
769 3183 882 3249 Altera
897 3203 936 3248 en
951 3188 1042 3264 parte
1062 3183 1272 3265 plurimorum
1289 3203 1362 3249 ver·

203 3277 315 3343 borum
340 3297 378 3344 ea
399 3278 511 3360 forma,
536 3298 618 3360 quae
641 3282 775 3346 maxime
798 3289 944 3347 naturam
964 3300 1039 3346 vere
1060 3282 1221 3348 verbalem
1242 3301 1361 3349 exuere

202 3382 324 3457 potest,
351 3377 552 3458 participium
574 3377 660 3459 dico,
689 3379 880 3460 simulatque
902 3379 962 3445 hoc
983 3379 1102 3444 iactum
1125 3386 1228 3446 estet
1250 3381 1283 3445 in
1306 3380 1363 3446 ad·

201 3474 352 3539 iectivum
379 3479 430 3538 est
459 3482 582 3539 mutata
608 3482 729 3542 statum
752 3483 785 3543 et
813 3480 982 3544 essentiam
1006 3478 1234 3544 immutabilem
1257 3481 1364 3560 expri-

201 3590 310 3650 mens,
345 3573 519 3653 genitivum
545 3575 709 3655 adsciscit,
733 3576 788 3657 qui
817 3595 894 3642 usus
923 3577 1008 3658 apud
1037 3582 1163 3642 veteres
1185 3577 1362 3657 scriptores

203 3671 412 3751 inprimisque
433 3676 544 3751 poetas
568 3674 737 3738 admodum
760 3675 909 3755 frequens
932 3681 989 3739 est.
1019 3673 1119 3738 Porro
1140 3675 1224 3754 quod
1244 3676 1364 3742 attinet

203 3770 244 3833 ad
267 3768 401 3833 verbum
424 3788 499 3839 esse,
532 3772 634 3834 domus
651 3776 765 3848 patris,
797 3779 834 3838 ut
856 3772 915 3836 hoc
939 3779 1013 3835 utar
1032 3771 1189 3853 exemplo,
1216 3776 1365 3837 ademtis

205 3872 248 3928 est
263 3869 364 3942 patres
387 3883 425 3931 eo
448 3869 534 3947 quod
557 3871 643 3935 notio
673 3870 849 3951 composita
870 3868 985 3950 prioris
1012 3870 1180 3934 locutionis
1202 3870 1234 3934 in
1257 3870 1366 3935 altera

200 3962 352 4028 iudicium
367 3964 526 4044 loquentis
547 3966 634 4034 iacta
656 3973 714 4046 cst,
737 3972 887 4033 accurato
903 3966 1107 4048 discernitur,
1130 3986 1201 4033 curn
1222 3968 1279 4032 illa
1301 3988 1364 4034 vox

195 4066 298 4138 patris
325 4061 515 4128 attributivo
537 4073 669 4141 poema
689 4066 862 4131 admodum
885 4072 1021 4147 cognata
1043 4065 1100 4145 sit,
1127 4066 1226 4132 verba
1244 4073 1288 4130 ese
1303 4086 1363 4144 pc

203 4162 258 4222 tris
279 4164 388 4225 autem
409 4162 629 4242 praedicatum
652 4161 805 4244 efficiant,
841 4161 898 4228 sed
924 4163 971 4227 ita
994 4170 1031 4227 ut
1057 4164 1154 4229 etiam
1181 4163 1233 4231 hic
1257 4171 1363 4241 patras

201 4256 302 4336 multo
338 4259 469 4340 propius
506 4260 547 4326 ad
577 4260 737 4326 notionem
776 4263 880 4324 ἀοηιιιε
908 4259 1070 4341 pertineat
1105 4279 1199 4343 quam
1232 4263 1362 4330 dativus

202 4357 413 4438 possessoris,
450 4358 505 4438 qui
536 4357 594 4423 soli
620 4358 718 4425 verbo
744 4377 805 4423 cccc
831 4357 993 4424 artissimo
1015 4358 1140 4424 vinculo
1167 4359 1360 4442 adnectitur,
