3125 5075
488 329 525 368 bn
542 330 690 368 GERUNDlO
708 330 743 366 ET
759 331 936 370 GllllUNDlVO.
1248 346 1288 404 49

136 514 284 596 legatur,
313 534 376 579 nou
404 535 480 581 sane
508 519 697 599 negligenda
719 527 769 583 est
792 519 897 597 lectio,
917 521 975 585 sed
1000 526 1128 600 oportet
1150 539 1221 587 eum
1244 523 1288 588 le-

136 631 228 695 gere.
273 613 361 691 Quae
384 614 510 694 quidem
533 614 721 697 significatio
743 618 848 681 nescio
872 636 911 681 an
934 618 1102 683 adiuvetur
1122 618 1216 684 etiam
1235 621 1291 685 da·

137 711 209 775 tiro
237 712 369 776 adiecto.
393 712 570 795 —ltaque
600 713 748 779 facillime
777 714 884 779 dat-iro
916 720 949 780 et
970 715 1067 780 verbo
1090 714 1289 782 substantivo

135 828 212 875 enm
235 807 337 873 forma
359 812 391 874 in
412 814 490 874 ades
513 813 687 877 coniunctis
711 818 747 896 ut
762 814 983 877 necessitatem
1003 810 1196 902 significaret
1218 823 1289 897 pot·

135 913 212 973 erat
234 904 329 984 elfici;
360 909 474 974 deinde
503 928 579 974 vero
610 910 710 975 solum
741 929 769 974 v.
794 930 853 973 csse
874 911 1048 991 putabatur
1069 909 1229 993 sulficere;
1256 915 1289 980 id

135 1004 196 1069 nbi
218 1023 282 1069 non
304 1012 355 1069 est
376 1007 543 1084 adiectum,
572 1008 613 1072 ab
636 1007 695 1074 bac
717 1014 876 1089 potestate
898 1007 1024 1073 videtur
1045 1009 1183 1074 alienum
1207 1030 1288 1078 esse.

136 1102 204 1169 Sed
234 1122 306 1168 cum
331 1104 364 1167 id
393 1106 477 1185 quod
499 1106 531 1169 in
552 1106 736 1186 praedicato
760 1105 843 1170 inest
865 1105 956 1171 lacile
980 1108 1075 1171 etiam
1099 1108 1129 1173 in
1153 1109 1289 1175 attribu·

135 1211 209 1270 tum
232 1200 452 1282 transferatur,
481 1203 680 1285 participium
707 1205 812 1284 ipsum
835 1205 1058 1269 necessitatem
1082 1205 1133 1269 vel
1155 1208 1292 1289 dignita·

135 1308 206 1368 tem
237 1300 405 1381 designare
433 1301 553 1379 coepit,
588 1301 689 1364 rarius
720 1303 874 1381 primum,
908 1302 992 1381 quod
1020 1303 1074 1367 illa
1102 1302 1204 1369 forma
1227 1324 1289 1370 non

138 1398 268 1482 planam
296 1398 435 1464 habebat
461 1399 660 1464 necessitatis
687 1401 863 1479 notionem,
893 1401 1006 1465 deinde
1032 1419 1108 1465 vero
1138 1420 1158 1465 a
1186 1404 1291 1483 poetis

143 1498 278 1562 maxime
305 1495 509 1577 frequentata
537 1504 571 1560 et
598 1518 616 1560 a
647 1497 804 1577 pedestris
834 1499 987 1563 orationis
1009 1499 1217 1587 scriptoribus
1239 1518 1291 1564 re-

144 1603 236 1677 cepta
265 1600 322 1660 est.
368 1594 589 1659 Adiuvabatur
615 1603 720 1659 autem
743 1595 794 1661 lric
823 1616 899 1661 usus
929 1616 1059 1662 casuum
1087 1598 1287 1677 obliquorum

140 1692 433 1777 significationibus.
457 1728 497 1737 -
522 1692 570 1756 Ne
598 1693 637 1758 ab
660 1693 719 1758 hoc
742 1694 868 1775 quidem
892 1714 951 1759 usu
974 1701 1120 1760 neutrum
1145 1697 1289 1760 inodora

137 1794 347 1860 terminatum
382 1799 507 1871 poterat
542 1791 682 1869 excludi,
717 1795 801 1872 qnod
836 1793 961 1872 quidem
992 1793 1161 1859 accedente
1189 1793 1287 1859 verbo

139 1890 344 1957 substantivo
371 1890 461 1969 quasi
483 1891 609 1954 modum
638 1892 793 1972 quendam
816 1892 1015 1956 necessitatis
1038 1892 1213 1956 obiectivae
1236 1910 1291 1956 ex-

137 1988 260 2071 primit
305 1987 367 2052 Sed
397 2007 467 2052 cum
495 1993 643 2051 neutrum
667 1997 766 2070 parte.
790 2008 852 2054 non
875 1990 1078 2053 adiuvaretur
1099 1990 1289 2055 attributiva

139 2086 392 2164 constructione,
428 2103 509 2165 quae
536 2086 710 2167 praedicati
739 2092 930 2167 potestatem
959 2087 1053 2150 etiam
1082 2088 1113 2151 in
1143 2087 1287 2167 obliquos

139 2203 237 2252 casus
266 2183 469 2262 transferret,
505 2183 572 2248 solo
599 2191 675 2246 recto
702 2205 773 2248 cusu
800 2185 840 2250 ad
869 2184 1000 2248 actionis
1029 2182 1290 2265 significationem

138 2282 341 2349 necessitatis
365 2281 524 2345 notionem
547 2286 727 2363 assumpsit.
770 2283 882 2363 Neque
905 2288 1011 2346 tamen
1033 2282 1132 2363 ipsius
1153 2282 1287 2347 aetionis

138 2379 357 2462 designandae
385 2380 448 2442 vim
477 2379 632 2460 deposuit.
678 2380 747 2457 Qua
769 2386 916 2446 manente
942 2388 978 2444 nt
1000 2380 1031 2444 in
1054 2379 1184 2460 reliquis
1208 2381 1289 2446 casi-

139 2480 219 2559 bus,
235 2478 302 2543 ,ubi
330 2478 568 2542 transitivomm
598 2485 672 2544 sunt
699 2479 869 2560 gerundia,
893 2497 950 2545 cur
972 2479 1185 2545 accusativum
1208 2478 1291 2545 asci-

141 2596 233 2644 scere
260 2595 321 2640 non
344 2577 467 2656 possint
488 2576 575 2640 nulla
601 2595 676 2643 sane
700 2598 796 2644 eausa
818 2584 882 2651 est,
912 2596 981 2642 cnm
1004 2596 1067 2641 non
1089 2577 1129 2641 ad
1152 2579 1289 2642 necessi·

143 2681 245 2740 tatem
268 2675 413 2753 addatur,
437 2673 493 2738 sed
516 2676 640 2739 actione
664 2677 845 2755 transitiva,
868 2675 928 2740 hac
951 2676 1120 2741 accedente
1144 2694 1204 2740 non
1220 2694 1291 2739 rnu-

141 2777 227 2849 tatu,
257 2775 448 2854 requiratur.
493 2772 559 2836 Iam
583 2791 658 2837 vero
681 2774 707 2839 si
730 2775 762 2838 in
784 2776 853 2854 ipsa
875 2773 977 2838 lomna
998 2774 1030 2837 in
1052 2776 1129 2836 udus
1153 2778 1288 2838 exeunte

140 2889 206 2938 non
236 2871 312 2935 insit
340 2872 387 2934 ris
416 2872 631 2948 necessitatiS,
668 2872 724 2936 sed
753 2872 905 2950 peculiari
935 2873 1003 2936 eius
1025 2877 1140 2936 natura
1163 2877 1287 2935 tantum

139 2970 326 3047 adiuvetur,
357 2969 408 3033 ubi
443 2968 548 3032 verbis
577 2969 707 3033 adiectis
737 2969 883 3045 affertur,
914 2986 951 3032 ea
980 2971 1149 3034 accedente
1180 2977 1287 3034 autem

139 3068 251 3134 nativa
272 3072 414 3147 potestas
437 3085 499 3130 non
521 3060 707 3131 immutetui
728 3077 761 3131 et
777 3067 984 3145 opprimatur,
1006 3085 1108 3147 neque
1129 3067 1289 3148 participii

138 3183 245 3246 neque
267 3165 412 3246 gerundii
435 3183 526 3230 casus
548 3171 653 3230 rectus
669 3165 709 3228 ab
725 3164 861 3245 obliquis
877 3163 1002 3228 uidetur
1017 3164 1142 3245 seiungi
1159 3165 1284 3228 debere.

139 3297 186 3311 -
209 3263 321 3344 Neque
344 3282 419 3328 vero
442 3264 557 3327 mirum
576 3279 645 3326 esse
667 3266 773 3342 potest
800 3267 919 3326 rectum
943 3279 1051 3327 casum
1074 3261 1140 3327 lere
1161 3279 1290 3340 semper

139 3361 261 3427 babere
286 3360 483 3426 necessitatis
506 3366 627 3436 notam;
651 3378 722 3423 nam
746 3365 893 3423 neutrum
909 3352 1035 3439 quidem
1049 3358 1209 3439 participii
1225 3377 1287 3422 non

140 3466 318 3541 usurpatur
340 3459 399 3524 nisi
422 3459 570 3523 adiuncto
590 3477 618 3522 v.
643 3478 714 3537 esse,
743 3458 851 3537 itaque
877 3476 938 3522 uon
968 3462 1075 3538 potest
1097 3458 1211 3522 nudam
1236 3475 1288 3522 ac-

140 3560 262 3625 tionem
284 3557 432 3635 indicare,
456 3573 549 3636 qnam
572 3556 726 3620 indicaret
748 3573 785 3618 eo
810 3555 940 3632 omisso;
963 3555 1163 3637 participium
1179 3559 1287 3620 autem

139 3657 330 3739 plerumque
360 3654 456 3720 habet
485 3655 644 3734 additum,
679 3654 731 3719 ubi
760 3671 821 3717 non
849 3661 898 3719 est
927 3654 1069 3718 additum
1101 3652 1288 3718 attributiva

142 3755 337 3822 constructio
368 3752 541 3833 praedicati
570 3753 632 3816 vim
661 3753 810 3817 servavit.
855 3751 964 3832 Neque
988 3758 1093 3815 tamen
1116 3750 1287 3830 quidquam

141 3853 300 3931 obstabat,
334 3851 501 3930 quominus
534 3850 650 3914 omisso
678 3869 706 3915 v.
736 3869 796 3913 csse
823 3851 930 3914 natira
958 3850 1025 3914 eius
1055 3850 1102 3914 vis
1130 3849 1289 3913 obtineret

142 3951 240 4018 etiam
270 3950 302 4014 iu
333 3955 419 4014 recto
442 3967 527 4014 casu.
572 3948 654 4012 Hinc
676 3946 712 4013 fit
735 3955 769 4012 ut
792 3951 853 4012 dies
874 3951 1016 4010 uoluendo
1037 3945 1115 4011 nihil
1138 3946 1180 4011 sit
1201 3942 1288 4009 aliud

142 4051 205 4115 nisi
228 4047 307 4125 dies,
331 4066 412 4128 quae
434 4047 483 4111 vel
505 4046 602 4111 habet
623 4046 673 4110 vel
704 4044 800 4111 efficit
822 4047 976 4111 actionem
999 4045 1158 4123 volvendi3
1188 4047 1289 4105 oriun-

142 4152 199 4213 dee
229 4148 282 4226 qui
310 4145 408 4210 habet
438 4145 599 4225 originem.
645 4143 708 4208 Sed
730 4164 801 4209 cum
824 4145 924 4207 multo
946 4145 1074 4224 saepius
1097 4142 1212 4224 copula
1234 4141 1290 4205 ad·

142 4249 275 4314 deretur
303 4244 503 4308 necessitatis
535 4243 648 4307 visita
670 4249 719 4308 est
741 4240 934 4320 confirmata,
965 4248 1002 4307 ut
1023 4241 1101 4307 haee
1123 4240 1226 4304 rarius
1246 4238 1289 4302 sit

144 4348 279 4412 servata
324 4342 373 4405 Ex
401 4341 461 4406 hac
488 4347 594 4406 autem
624 4341 822 4407 necessitatis
852 4338 1081 4420 significatione
1110 4337 1286 4420 posteriore

197 4445 279 4491 doure,
294 4445 402 4495 tyrtanis.
423 4444 451 4484 ΙΙ.
1056 4449 1075 4507 4
