3125 5075
199 390 243 452 24
641 378 798 421 aureum.
819 379 883 422 ΟΔΡ.
897 377 940 419 m.

208 560 403 632 inpromptu
427 556 524 617 eitum.
568 552 673 619 Plaut.
695 552 793 618 Poen.
816 552 854 633 V,
879 558 909 632 3,
933 558 991 617 34:
1018 561 1051 614 ut
1073 556 1157 615 Haec
1179 556 1373 617 inveniantur

203 655 292 717 hodie
315 670 376 714 case
395 654 482 714 huius
501 653 593 725 filiae.
637 650 722 716 Trin.
743 649 804 731 Ill,
827 655 857 729 2,
881 654 935 715 66:
959 654 1033 727 Quia
1053 670 1100 712 me
1122 653 1280 727 inprobior
1301 672 1369 729 per·

203 753 344 813 hibentur
370 750 460 812 eene?
502 746 599 814 Stich.
621 748 653 827 Ι,
679 755 706 828 1,
730 752 786 813 25:
809 751 923 811 Montio
946 751 1078 825 quiesse
1100 750 1367 825 aurciperhibeu-

203 858 262 910 tur.
307 846 396 910 Pers.
419 844 461 920 11,
485 849 514 925 2,
538 850 595 910 2οτ
628 850 737 909 Nullus
763 866 859 923 puero
881 850 939 908 hoc
956 850 1041 923 peior
1063 864 1124 908 cecc
1151 848 1239 908 bodie
1266 848 1368 923 perhi-

198 946 301 1009 betur.
344 942 472 1008 Terent.
496 942 630 1025 Adelph.
654 943 680 1024 1,
704 948 734 1023 2,
760 948 819 1008 45:
848 947 1128 1008 Pmmceacdisce
1151 946 1292 1019 abillis,
1320 945 1369 1020 qui

199 1060 271 1106 vare
295 1044 401 1104 sciunt.

287 1138 455 1203 Pertinent
476 1135 538 1202 huc
561 1138 658 1202 etiam
681 1138 705 1202 ii
727 1137 804 1217 loci,
838 1139 893 1203 ubi
915 1158 988 1214 opas
1010 1146 1053 1202 cat
1081 1143 1114 1203 et
1135 1158 1209 1202 aeas
1230 1146 1275 1201 cat
1295 1155 1366 1203 cnm

199 1235 393 1302 nominativo
416 1239 491 1299 sunt-
512 1236 699 1317 coniuncta,
733 1238 780 1302 ita
801 1241 838 1302 ut
859 1236 913 1302 ille
936 1254 1018 1301 nom.
1043 1237 1086 1300 eit
1113 1236 1267 1315 subiecti,
1302 1253 1366 1300 voc

199 1335 553 1410 noetianorum
575 1333 762 1413 praedicati.
808 1333 889 1400 Cato
919 1334 955 1399 R.
980 1334 1017 1399 R.
1046 1352 1072 1399 c.
1097 1338 1130 1399 6:
1167 1338 1309 1410 maaria,
1342 1336 1367 1395 si

198 1450 276 1508 pauc
297 1447 370 1505 opace
389 1430 443 1499 eit,
475 1440 583 1506 parata
603 1435 671 1493 erit.
718 1431 752 1497 C.
777 1437 813 1497 9:
848 1437 889 1496 Et
910 1436 941 1494 id
960 1435 1075 1507 videto,
1106 1436 1151 1493 uti
1173 1440 1227 1494 aut
1249 1435 1365 1495 domum

201 1547 274 1607 epau
294 1530 371 1591 ucat
390 1536 442 1589 aut
457 1537 510 1590 aut
525 1532 626 1591 venire
642 1534 770 1606 possint.
803 1528 837 1595 G.
864 1535 920 1594 12:
943 1535 978 1592 In
993 1532 1187 1592 torcularium
1202 1548 1282 1605 pauc
1296 1547 1366 1605 epae

201 1632 272 1692 eant
292 1627 371 1687 vasis
394 1629 502 1702 quinis.
549 1623 582 1690 G.
609 1631 664 1692 13:
698 1630 732 1689 In
761 1631 956 1690 torcularium
987 1632 1018 1688 in
1038 1646 1093 1689 usu
1121 1630 1200 1702 quod
1221 1645 1295 1704 opace
1317 1632 1365 1689 eat.

204 1722 239 1789 O.
264 1728 317 1788 14:
351 1725 416 1786 Hae
439 1728 485 1786 rei
507 1728 662 1786 materiem
685 1733 716 1786 et
738 1744 816 1800 quac
836 1744 909 1800 opas
934 1730 1005 1788 eunt
1032 1727 1168 1787 dominus
1198 1727 1364 1802 praebebit

202 1827 265 1893 Ib.:
297 1828 347 1903 qui
370 1826 446 1886 bene
469 1824 616 1897 praebeat
638 1840 715 1896 pauc
736 1841 810 1897 epae
838 1829 917 1884 sunt.
962 1822 1042 1887 Ibid.
1071 1819 1098 1901 ἓ.
1122 1827 1159 1886 4;
1194 1842 1270 1899 quae
1294 1842 1367 1900 opue

203 1933 300 1989 eruut.
339 1920 374 1986 C.
388 1923 444 1984 16:
465 1922 611 1982 Dominus
627 1922 766 1997 lapidem,
790 1924 871 1998 ligna
886 1923 924 1981 ad
942 1922 1104 1996 fornacem,
1125 1922 1205 1995 praed
1218 1938 1293 1996 opace
1306 1924 1366 1990 atet,

203 2024 340 2101 praebet.
386 2016 420 2081 C.
447 2020 501 2080 18:
535 2020 561 2079 si
582 2021 626 2078 ita
648 2017 773 2093 feceris,
802 2020 904 2080 trabes
925 2021 1034 2095 pedum
1057 2021 1146 2079 XXII
1168 2022 1276 2095 longae
1299 2038 1368 2094 epae

203 2124 299 2181 crum.
322 2114 355 2180 C.
372 2120 425 2181 13:
441 2117 476 2176 In
488 2117 593 2178 cellam
610 2119 753 2178 oleariam
766 2119 839 2177 hacc
852 2134 925 2190 opus
939 2123 1017 2178 aaut.
1042 2114 1076 2179 C.
1092 2121 1144 2179 14:
1160 2118 1256 2192 Tigna
1271 2120 1367 2178 omnia

203 2233 281 2291 quae
302 2232 375 2290 opus
395 2218 474 2277 sanc.
518 2209 553 2275 O.
577 2217 632 2276 21:
655 2216 781 2275 Ferrum
804 2213 925 2288 factum,
948 2216 1027 2288 qaod
1048 2231 1120 2289 opus
1134 2217 1199 2284 crit,
1224 2218 1270 2276 uti
1290 2217 1365 2275 idem

202 2315 289 2376 faber
306 2315 386 2392 figat.
402 2344 445 2357 -
459 2308 516 2374 ib:
538 2312 594 2371 LX
613 2329 687 2387 opus
700 2322 778 2372 suut.
813 2308 847 2375 O.
861 2316 918 2376 23:
938 2314 1018 2374 Face
1036 2314 1074 2372 ad
1093 2316 1271 2374 vindemiam
1293 2329 1367 2387 qaue

203 2430 276 2489 opas
287 2416 358 2473 sant
370 2419 523 2487 parentur.
547 2406 609 2473 Ib.:
625 2427 702 2483 pauc
716 2427 789 2483 epae
803 2415 880 2480 sunt,
896 2414 1045 2486 picentur,
1061 2429 1128 2471 cum
1141 2414 1235 2487 pluet.
1260 2407 1296 2473 O.
1310 2413 1365 2472 29:

203 2512 293 2588 idque
309 2517 371 2570 tum
387 2509 514 2569 maxime
530 2524 602 2582 epae
616 2507 680 2569 crit.
716 2505 749 2570 0.
763 2511 818 2571 31:
839 2510 887 2568 Ad
902 2512 999 2570 oleam
1015 2512 1177 2584 cogendam
1198 2525 1276 2582 pauc
1297 2524 1368 2583 epae

203 2613 298 2671 matt.
334 2604 368 2670 C.
385 2608 439 2669 67:
461 2605 541 2680 quod
563 2624 638 2681 opus
661 2608 727 2667 niet.
768 2601 804 2668 Ο.
828 2608 903 2669 142;
926 2623 1002 2681 quae
1025 2624 1100 2682 opus
1122 2613 1200 2669 aunt.
1240 2603 1375 2669 c.144:.

203 2709 335 2783 Legolos
355 2709 426 2777 quot
448 2719 520 2776 epae
542 2707 637 2771 eant,
659 2705 815 2779 praebeto.
856 2700 984 2766 c.145:
1014 2705 1045 2764 Si
1060 2705 1157 2764 viride
1178 2705 1274 2764 oleron
1296 2721 1367 2779 opat

202 2805 266 2871 aiot,
289 2801 390 2862 facito.
436 2796 516 2863 Cato
538 2815 588 2879 ap.
612 2797 721 2864 Senec.
746 2800 838 2880 epist.
863 2805 905 2866 94
929 2800 1030 2875 (Lion.
1049 2799 1160 2865 caton.
1184 2819 1214 2881 p.
1233 2805 1275 2865 80
1299 2819 1366 2881 sqq.

201 2896 306 2962 Rudd.
329 2897 371 2975 ll,
394 2914 425 2977 p.
450 2900 501 2974 66,
523 2895 631 2962 adnot.
656 2896 726 2974 57):
750 2900 842 2960 limae
863 2919 921 2961 non
943 2901 1022 2973 quod
1043 2917 1115 2974 opus
1138 2905 1188 2969 est,
1210 2902 1263 2961 ned
1288 2901 1366 2976 quod

205 3014 329 3058 necesse
354 3004 413 3057 cet:
442 2996 523 3070 quod
544 3014 602 3057 non
624 3013 697 3070 opace
717 3002 773 3065 eet,
804 3014 996 3058 assecutum
1022 3006 1077 3059 eat.
1121 2996 1224 3061 Plaut
1251 2996 1364 3062 Pseud.

203 3091 260 3171 IV,
286 3097 314 3171 7,
337 3095 393 3156 89;
416 3094 591 3154 Elleborum
613 3095 695 3155 hisce
719 3096 887 3155 hominibus
909 3111 981 3168 opus
1003 3099 1052 3156 eat.
1088 3094 1175 3158 Pers.
1191 3094 1234 3173 ΙΙ,
1258 3102 1288 3174 5,
1312 3099 1365 3159 nt:

205 3193 244 3254 ad
272 3209 337 3251 eam
365 3208 428 3251 rem
450 3208 522 3251 acue
544 3195 587 3250 cst
608 3196 661 3251 tao
683 3193 723 3250 mi
754 3208 853 3264 opera
900 3189 1014 3271 Amph.
1037 3191 1100 3270 Ill,
1132 3197 1167 3271 3,
1199 3198 1230 3256 l:
1268 3194 1367 3268 siqaa‘d

204 3307 278 3364 opaca
299 3292 343 3349 cet
362 3290 487 3365 impera.
531 3286 627 3352 Poen.
651 3286 689 3366 V,
713 3292 746 3366 2,
770 3290 826 3351 80:
859 3290 907 3349 Et·
928 3291 1028 3363 nuncid
1053 3308 1126 3365 epae
1153 3296 1211 3359 eet,
1244 3311 1364 3368 quaeso,

204 3388 253 3449 dic
275 3395 364 3462 atque
386 3388 510 3463 impera.
544 3385 626 3450 Rud.
640 3386 665 3465 Ι,
689 3390 718 3464 2,
742 3389 797 3450 3οτ
820 3387 900 3464 Quid
921 3393 1014 3462 opust,
1036 3390 1236 3450 adulescens?
1264 3408 1295 3453 v.
1309 3393 1364 3454 36:

203 3487 247 3547 'th
275 3485 375 3558 aquid
399 3502 472 3558 opas
498 3490 542 3546 eet
568 3487 644 3546 dice.
689 3482 781 3547 Truc.
805 3482 860 3561 IV,
883 3491 919 3563 4,
944 3489 985 3548 20
1015 3483 1171 3561 (Perizon.
1195 3486 1236 3550 ad
1260 3486 1365 3551 Senot

201 3599 234 3663 p.
259 3581 352 3657 796);
374 3582 444 3658 quid
466 3584 499 3641 id
520 3583 623 3657 oprtet?
668 3581 756 3645 Asin.
780 3580 806 3660 I,
833 3585 860 3660 1,
886 3587 959 3646 104:
983 3584 1083 3657 siquid
1103 3602 1175 3656 opus
1196 3586 1303 3656 faerit,
1326 3584 1365 3648 de

203 3697 267 3760 qua
295 3676 434 3742 formula
461 3677 533 3742 vide
561 3680 715 3744 Douzam.
762 3677 839 3743 Cist
862 3677 916 3758 IV,
940 3684 975 3758 2,
1000 3683 1055 3743 56:
1091 3682 1196 3756 Siquid
1221 3688 1266 3744 cat
1285 3700 1365 3757 opatu,

203 3781 270 3851 dic,
309 3777 349 3840 de
383 3792 447 3855 qua
473 3774 610 3843 formula
637 3774 783 3842 sollemni
810 3776 872 3840 vid.
902 3775 928 3840 I.
959 3776 1032 3843 Gul.
1055 3776 1150 3842 Poen.
1175 3778 1212 3856 V,
1244 3784 1278 3859 2,
1307 3784 1364 3843 48ε

202 3885 295 3959 Roga,
319 3880 464 3954 numquid
483 3895 556 3952 epae
577 3880 625 3938 sit.
661 3874 701 3955 V,
725 3879 754 3955 6,
780 3881 833 3939 14;
856 3876 993 3951 Duplam
1015 3896 1071 3953 pro
1094 3877 1175 3939 furto
1198 3880 1271 3938 mihi
1294 3896 1366 3953 epae

201 3985 252 4041 cst.
295 3975 383 4041 Pere.
416 3973 473 4055 IV,
503 3981 539 4053 4,
568 3978 623 4038 71:
658 3993 744 4051 quarn
773 3976 848 4035 dicit
876 3975 954 4048 quod
980 3980 1072 4049 opust.
1118 3972 1212 4037 Truc.
1240 3973 1278 4051 V,
1312 3981 1363 4039 14:

200 4076 302 4138 Oleum
323 4079 415 4150 opacat,
437 4072 544 4145 sorim
565 4091 659 4149 puero
682 4077 774 4147 oprtet,
796 4081 886 4149 opust
908 4081 1002 4134 totum
1025 4070 1146 4146 diemf)
1181 4070 1296 4136 Bacch.
1310 4071 1366 4152 lV,

204 4221 379 4229 —n-—————
390 4223 410 4229 ..-

272 4283 294 4347 ⁶)
312 4282 414 4351 Vulgo:
433 4285 522 4339 oleam
535 4298 605 4352 opace
617 4289 664 4350 cat,
682 4284 783 4351 surina
793 4299 883 4352 patero
897 4299 966 4351 oper
979 4289 1026 4351 eat,
1041 4292 1139 4338 contra
1150 4293 1276 4351 metrum,
1289 4285 1366 4353 quod

200 4364 320 4421 correxit
339 4365 463 4421 Bothiua.
