3125 5075
496 357 583 395 CASL'S
598 358 865 396 scsssnarintvotttlt.
881 379 902 385 -
919 359 1056 400 acct'slT.
1301 372 1362 429 207

200 551 273 609 pam
294 541 485 596 commorant.
531 529 647 597 Caecil.
671 529 750 597 Stat
775 530 956 613 Synephebi
976 530 1014 596 tr.
1042 537 1069 613 l,
1092 550 1121 596 v.
1145 536 1226 598 200:
1249 538 1363 600 Paren-

202 639 265 708 tom
290 662 331 676 ·-
351 632 386 691 ιἰι
407 631 515 692 uben
536 627 709 693 Difficilem.
755 627 882 693 Terent
905 629 1023 696 Heaut.
1045 629 1106 712 111,
1137 637 1164 711 1,
1193 635 1250 696 28:
1285 635 1363 708 Quia

202 745 345 805 passum
367 732 445 792 istnc
474 730 509 789 ia
530 734 558 789 te
579 736 669 805 atqua
690 729 724 787 io
743 729 830 789 ulum
853 732 993 791 consulis.
1037 726 1163 795 Phorm.
1185 728 1228 809 11,
1253 734 1283 808 3,
1306 734 1362 796 23:

204 845 362 904 namqnnm
385 835 448 888 tam
469 829 567 904 gravis
587 827 632 888 Ob
654 826 732 886 hano
754 828 926 888 inimicitias
949 845 1088 903 caperem
1110 829 1142 887 in
1163 835 1293 891 vostram
1315 829 1362 901 fo·

206 926 326 987 aba».
347 922 430 988 Eun.
446 921 485 1004 V,
500 929 532 1000 4,
547 928 605 988 20:
628 926 670 986 Ut
692 941 730 983 ne
753 926 864 1000 inpane
886 925 920 983 ia
940 943 994 987 nos
1016 928 1163 989 inlusoris.
1181 960 1219 971 -
1245 931 1273 991 5.
1297 924 1361 990 Sed

210 1020 302 1086 etiam
324 1021 447 1087 amiens
468 1027 502 1086 et
516 1019 690 1086 benevolus
706 1020 867 1086 ‘adversus
887 1040 955 1087 rem
978 1026 1035 1086 aut
1055 1021 1213 1088 hominem
1235 1023 1360 1089 animus

214 1119 446 1199 praepositione
466 1123 501 1180 in
522 1115 695 1200 significari
716 1122 840 1199 potest,
863 1118 910 1183 ita
931 1126 968 1185 ut
989 1119 1073 1185 idem
1097 1120 1138 1185 sit
1160 1127 1255 1202 atque
1279 1141 1358 1198 eron

213 1213 303 1282 Pbut
326 1217 422 1282 Most
438 1234 466 1279 v.
484 1221 562 1284 239:
585 1219 617 1280 Si
632 1220 702 1295 qnid
717 1226 750 1278 tu
764 1219 798 1277 in
814 1219 901 1280 illum
915 1221 991 1281 bena
1007 1222 1089 1282 voles
1105 1222 1195 1296 loqui.
1231 1220 1359 1285 Terent„

218 1312 283 1380 ileo
304 1313 365 1394 111,
390 1321 419 1393 5,
443 1318 499 1378 22:
535 1334 622 1392 quam
645 1316 727 1378 fideli
752 1319 851 1377 animo
874 1325 904 1378 et
925 1319 1053 1395 benigno
1080 1320 1219 1379 inillam
1245 1331 1276 1381 et
1298 1323 1359 1381 ele·

224 1416 297 1474 nenti
318 1414 378 1476 fui!
403 1446 441 1457 -
466 1415 494 1476 6.
517 1411 738 1493 Metaphorice
758 1412 975 1494 accipiendum
996 1421 1046 1479 est
1064 1418 1097 1476 in
1115 1435 1177 1477 rem
1196 1422 1246 1486 est,
1268 1415 1360 1497 quasi

224 1509 326 1575 iurem
349 1509 490 1591 aliquam
513 1509 622 1589 intrat,
645 1515 682 1574 ut
703 1527 772 1574 eam
796 1510 927 1576 adiuvet
946 1512 1148 1593 (Kampmn.
1164 1516 1223 1589 15).
1252 1512 1357 1579 Plaut.

219 1603 370 1688 Petam,
396 1612 423 1688 1,
450 1613 503 1672 14:
526 1612 560 1669 in
581 1612 694 1671 ventris
716 1629 779 1673 rem
801 1610 958 1672 videbitur.
1003 1610 1058 1689 lv,
1081 1618 1111 1690 4,
1136 1615 1190 1675 58:
1213 1616 1291 1688 Age,
1323 1620 1359 1672 nt

220 1722 269 1765 rem
288 1726 355 1770 esse
377 1708 411 1767 in
431 1713 565 1767 nostram
594 1715 691 1784 putas.
735 1704 834 1772 Mero.
855 1706 881 1786 Ι,
909 1713 935 1788 l,
959 1713 1013 1775 36:
1047 1729 1122 1787 qnae
1148 1712 1182 1770 in
1208 1728 1271 1770 rein
1298 1713 1358 1772 sint

219 1820 295 1865 noar.
332 1801 424 1884 Capu
448 1803 491 1884 IL
515 1808 544 1884 3,
567 1807 622 1868 26:
647 1807 731 1879 Quod
752 1807 786 1865 in
807 1824 870 1867 rem
894 1810 977 1869 recle
1001 1810 1148 1870 conducat
1170 1814 1260 1869 tunm.
1297 1805 1358 1872 Te-

218 1907 281 1965 rent.
304 1901 403 1966 Andr.
426 1900 487 1982 ΠΙ,
510 1906 540 1981 3,
568 1908 623 1967 14:
655 1904 687 1964 Si
709 1904 742 1961 in
763 1912 855 1966 remst
877 1909 1011 1983 utrique,
1041 1903 1071 1968 h.
1095 1923 1122 1970 e.
1145 1905 1173 1969 si
1196 1903 1274 1969 utile
1297 1909 1356 1985 est,
1442 1929 1453 1950 ·

218 1996 294 2080 tth.
317 1997 338 2063 l.
361 1996 458 2065 offert
481 1998 689 2064 Ruhnkenius
711 1998 787 2064 Hoc.
811 2000 854 2080 ΙΙ,
879 2006 908 2082 2,
932 2008 967 2066 7:
999 2008 1092 2081 magio
1113 2006 1147 2063 in
1168 2022 1231 2064 rem
1253 2011 1284 2065 et
1307 2022 1356 2064 uo·

219 2102 298 2158 mom
320 2107 353 2159 et
375 2104 507 2161 nostram
530 2107 619 2162 esset.
642 2129 681 2142 -
712 2102 740 2161 7.
762 2097 875 2163 Potest
894 2099 1014 2180 aliquid
1036 2101 1156 2166 intrare
1179 2101 1209 2164 in
1233 2100 1355 2181 copiam

216 2198 241 2258 et
258 2194 495 2261 multitudinem
518 2195 656 2277 aliquam
679 2212 787 2259 rerum
807 2196 859 2261 vel
877 2196 1040 2262 hominum
1058 2197 1105 2263 ita
1125 2212 1161 2263 ut
1179 2201 1213 2260 io
1234 2197 1355 2263 habeat

215 2290 466 2373 signnfieationem
496 2291 742 2359 distributivam.
789 2292 868 2358 Cato
898 2294 935 2358 It.
958 2294 995 2359 n
1027 2314 1052 2360 e.
1077 2299 1131 2360 57:
1164 2299 1198 2357 in
1223 2299 1355 2371 amotos

211 2390 330 2454 mittes
345 2396 477 2469 congios.
501 2391 562 2457 lb.:
586 2394 705 2453 Summa
719 2396 780 2455 vini
794 2395 828 2452 in
842 2395 975 2456 hmines
995 2397 1127 2470 sinuatos
1149 2400 1223 2459 cett.
1249 2392 1281 2458 O.
1299 2398 1353 2458 60:

209 2489 295 2553 Bubus
320 2493 437 2554 cibaria
457 2511 555 2554 annua
575 2492 609 2552 in
629 2490 701 2566 topi
721 2494 841 2567 sinpntn
864 2496 958 2569 lupini
972 2494 1086 2557 modios
1102 2495 1193 2556 CXX.
1228 2490 1261 2559 G.
1277 2497 1354 2558 115:

207 2588 343 2651 Iovinum
359 2599 487 2653 mustum
502 2594 614 2652 veratri
629 2593 688 2651 atri
703 2594 883 2666 manipulum
900 2594 1040 2654 coniicito
1054 2595 1088 2652 in
1104 2595 1286 2667 amphoram.
1318 2590 1352 2656 O.

207 2689 228 2750 ³.
250 2684 373 2752 c.140.
398 2685 432 2752 C.
452 2694 503 2752 14:
526 2690 568 2749 In
591 2689 703 2763 reputas
724 2690 859 2763 oinopotlos
881 2692 919 2749 ΙΙ.
943 2693 974 2750 in
996 2698 1116 2753 tectum.
1139 2688 1200 2755 lb.:
1223 2694 1352 2767 pretium

205 2785 356 2861 aepulas
371 2788 503 2859 amotas
517 2788 553 2847 N.
570 2788 599 2848 S.
631 2784 693 2848 lb.:
714 2789 745 2845 in
768 2789 835 2848 aliis
859 2799 930 2864 quot
952 2798 1049 2863 erunt,
1071 2791 1104 2847 in
1125 2791 1259 2865 maroelus
1281 2809 1352 2866 qua·

206 2892 297 2946 ternae
322 2884 566 2945 numerabuntur.
613 2881 645 2947 C.
672 2888 728 2948 15:
752 2887 888 2949 Parietes
913 2888 1001 2947 villae
1025 2891 1050 2948 si
1074 2891 1216 2948 locet-
1240 2890 1351 2950 libellis

205 2984 335 3059 §apodes
362 2984 397 3044 V.
441 2979 545 3046 Plaut.
570 2981 641 3047 Aul.
664 2979 690 3059 Ι,
713 2985 742 3059 2,
767 2985 824 3045 30:
845 2985 986 3045 Dividere
1009 2990 1127 3061 argenti
1149 3005 1253 3048 nurnos
1276 2988 1351 3047 dixit

206 3081 232 3137 ia
243 3082 329 3149 atros,
353 3077 384 3142 h.
401 3095 428 3142 a.
445 3078 574 3159 viritim,
590 3074 655 3141 κατ’
672 3074 779 3159 ἄνδρα,
799 3084 835 3143 ut
852 3080 988 3161 explieat
1004 3083 1237 3147 Taubmaunus.
1261 3084 1349 3148 Asin.

204 3172 235 3254 V,
254 3182 283 3256 2,
306 3180 363 3242 66:
389 3180 558 3252 importem
581 3181 637 3240 hae
660 3181 772 3239 amanti
797 3188 828 3239 ut
851 3183 943 3240 liceat
965 3184 993 3240 ei
1015 3185 1150 3256 potirier.
1178 3215 1219 3224 -—
1251 3185 1280 3245 8.
1308 3183 1351 3241 In

209 3272 355 3355 signifieat
370 3274 498 3339 extendi
513 3274 634 3355 aliquid
653 3281 686 3339 et
701 3275 822 3355 porrigi
840 3276 931 3355 quasi
946 3277 979 3340 in
996 3279 1099 3356 spatio
1119 3277 1234 3357 aliquo.
1270 3276 1349 3343 Cato

209 3367 290 3437 RK
312 3391 337 3439 o.
363 3378 396 3438 6:
431 3377 496 3437 Hoc
527 3393 621 3451 genus
651 3378 735 3435 oleae
764 3376 798 3433 in
819 3375 912 3435 XXV
931 3384 983 3435 aut
1004 3377 1038 3434 in
1059 3376 1152 3434 XXX
1166 3377 1257 3451 pedes
1278 3396 1348 3438 con·

214 3474 296 3533 serito.
319 3470 427 3537 (115:
449 3475 585 3534 Parietes
607 3478 696 3535 villae
720 3476 746 3535 si
766 3475 846 3534 locet
868 3474 999 3546 inpedes
1023 3474 1054 3540 C,
1077 3475 1096 3535 i.
1120 3492 1146 3534 e.
1170 3477 1201 3534 Ρ.
1225 3477 1253 3534 X
1276 3493 1348 3551 qno·

218 3583 378 3639 qnorersum.
401 3601 443 3612 -
467 3575 496 3635 9.
518 3572 560 3630 In
575 3569 740 3635 eonsilium
755 3574 789 3634 et
803 3566 898 3633 finem
913 3570 1046 3635 actionis
1062 3570 1227 3636 cuiusdam
1243 3571 1348 3651 expri-

220 3662 261 3725 nit
279 3674 331 3732 aut
354 3667 558 3748 coniungitur
586 3686 656 3733 cnm
679 3687 729 3747 re,
764 3668 816 3733 eui
844 3667 964 3749 aliquid
991 3667 1183 3733 destinatum
1207 3675 1264 3733 est.
1310 3669 1347 3733 In

220 3753 255 3823 bs
269 3780 320 3830 nos
342 3765 531 3847 plerumque
554 3767 792 3847 praepositione
815 3764 876 3844 ibt
900 3766 1028 3830 utimur.
1053 3764 1347 3848 Catenates,

223 3854 245 3916 '22
269 3881 316 3936 per
337 3866 462 3927 imbrem
482 3868 517 3924 in
537 3866 640 3925 villam
663 3868 800 3942 quaerito
823 3867 893 3941 quid
916 3867 981 3926 lieri
1004 3868 1115 3944 possit,
1148 3864 1201 3928 ubi
1225 3864 1346 3930 inutilis

224 3960 257 4016 bt
271 3960 427 4027 adnotatio
450 3960 650 4027 Schneideri:
676 3961 734 4042 „In
757 3961 827 4026 edd.
852 3961 1039 4042 quibusdam
1062 3979 1132 4027 esse
1151 3965 1184 4022 in
1203 3965 1275 4025 oilla
1289 3982 1345 4028 nn·

221 4056 313 4122 mum
332 4058 556 4141 damnavitque
575 4060 749 4139 Meursius
771 4060 827 4139 qui
849 4060 958 4125 multis
981 4059 1133 4141 exemplis
1156 4078 1249 4125 usum
1270 4079 1346 4142 pro·

219 4146 341 4222 milenum
362 4157 537 4223 accusativi
560 4164 593 4223 et
613 4156 744 4222 ablativi
765 4157 867 4223 iuneti
886 4159 1117 4239 praepositioni
1136 4155 1209 4222 hinc
1230 4156 1344 4225 confir·

219 4256 431 4323 moecenatis
463 4260 513 4321 est
536 4275 606 4323 oum
631 4256 781 4338 Popma.“
828 4255 861 4320 O.
889 4262 961 4320 107:
993 4266 1024 4318 et
1052 4259 1176 4319 oblinito
1206 4268 1237 4320 et
1267 4262 1343 4322 utito

219 4339 328 4412 obora
349 4356 503 4419 doliorum.
549 4353 583 4419 C.
609 4359 664 4419 96:
698 4359 812 4417 Eodem
841 4358 874 4415 in
895 4374 995 4418 omtres
1022 4355 1226 4431 quadrupedes
1255 4361 1340 4435 otilo,

590 4656 601 4693 t
