3125 5075
271 373 331 435 152
700 362 828 404 VERBUU.
856 362 920 402 cle.
933 362 982 401 ΧΙΙ.

273 561 308 619 t:
333 556 468 629 Expecto
491 555 564 628 aoid
585 557 664 616 vetis.
710 556 742 630 2,
765 559 799 615 5:
829 555 873 613 eri
897 569 1016 627 semper
1045 551 1154 610 lenitas
1178 551 1317 609 Verebar
1345 566 1427 623 onor·

270 671 336 716 sum
358 654 501 713 conduct.
547 657 578 727 4,
603 656 639 714 7:
663 668 786 722 vereor,
810 653 882 722 qaid
903 652 965 710 siet.
1009 644 1073 725 ΙΙΙ,
1094 650 1125 724 2,
1148 651 1204 709 45:
1234 648 1362 708 baucio
1389 664 1428 706 aa

271 769 345 826 qnae
371 752 445 810 dixit
466 751 527 811 sint
552 767 623 808 vcro
649 751 756 809 omnia.
802 751 837 810 3.
863 752 897 810 5:
925 751 1061 821 loquore,
1091 746 1164 819 quid
1189 745 1271 805 volis.
1322 741 1376 817 lv,
1398 746 1428 816 3,

272 853 331 908 22:
361 850 441 923 Ego,
464 847 536 919 qaid
557 864 643 919 opos,
675 848 715 906 nil
745 847 895 917 intellego.
941 846 1021 906 Eun.
1053 842 1076 905 l.
1102 847 1128 915 1,
1153 846 1211 903 21:
1243 844 1359 902 sentiat
1379 844 1428 915 qai

270 945 319 1004 uir
340 947 420 1005 aem.
458 942 500 1019 11,
526 950 554 1010 3,
578 947 636 1004 58:
660 945 765 1002 Nostin
789 960 862 1015 quae
884 942 944 1001 sil?
975 958 1003 1003 v.
1027 946 1085 1003 59:
1110 942 1168 1000 scis
1188 941 1242 998 ubi
1263 940 1345 999 siet?
1377 935 1429 1014 IV,

273 1045 301 1118 5,
328 1045 379 1104 12:
411 1044 502 1101 miror
531 1043 583 1101 ubi
625 1038 766 1102 (Donatz
792 1062 859 1114 „z
881 1037 913 1101 in
937 1055 1000 1116 quta
1023 1044 1115 1114 parte
1144 1035 1248 1111 vine“)
1276 1056 1335 1113 ego
1363 1038 1428 1096 hnic

272 1140 485 1199 asseverarem.
518 1142 548 1209 6,
565 1140 619 1199 20:
643 1146 742 1198 metuo
766 1138 882 1209 quaem
904 1146 936 1196 tn
958 1153 1003 1195 nec
1019 1153 1079 1196 csse
1093 1136 1240 1194 nomicum
1262 1136 1428 1195 eaistm

273 1234 389 1299 Hennt.
413 1234 437 1306 Ι,
465 1240 490 1305 Ι,
515 1237 570 1295 20:
593 1239 737 1306 quonum
759 1235 808 1294 tic
829 1235 925 1307 operis
946 1236 1008 1307 fiat,
1030 1236 1174 1308 paenitet.
1219 1230 1270 1308 ΙΙ,
1297 1237 1328 1307 3,
1357 1235 1427 1294 130:

276 1337 337 1409 ligo
360 1342 391 1394 to
414 1346 510 1394 antem
536 1335 619 1403 sioni,
648 1349 739 1404 quum
760 1349 821 1391 esse
842 1333 935 1391 soleae
956 1334 1098 1405 inpotem.
1143 1328 1197 1398 IV,
1221 1333 1257 1406 8,
1282 1333 1342 1392 30:
1366 1331 1429 1388 ride

273 1432 344 1504 poio
362 1430 498 1504 posunt.
546 1427 579 1496 V,
605 1433 640 1504 2,
668 1432 721 1490 18:
744 1431 825 1491 disce
848 1430 920 1502 quid
939 1431 979 1489 stt
1001 1432 1108 1489 vivere.
1134 1425 1171 1493 V,
1195 1433 1223 1494 2,
1248 1430 1306 1488 td:
1333 1429 1428 1486 Etiam

274 1531 406 1602 hausein,
429 1544 506 1585 orooro
530 1544 650 1586 uxorem
674 1527 765 1586 duem
786 1545 820 1586 ac
838 1528 912 1601 Syro
935 1529 976 1586 nil
999 1530 1121 1600 gratiae.
1153 1522 1330 1587 Sebaldns:
1354 1522 1429 1587 Sen-

275 1623 376 1687 tentia
399 1632 463 1695 est,
496 1625 582 1682 Haud
605 1628 666 1683 scio
689 1642 726 1682 an
749 1626 824 1698 Syro
847 1625 888 1682 nil
911 1628 1035 1698 gratiae,
1056 1624 1076 1686 i.
1101 1643 1127 1685 e.
1157 1622 1253 1685 credo
1277 1620 1359 1701 Syro
1375 1620 1429 1683 ati-

274 1720 350 1800 qnid
376 1720 444 1783 tore
474 1719 612 1798 gratiae,
644 1719 710 1783 sive
733 1721 873 1799 speravit
903 1719 1096 1784 reddendum
1128 1716 1334 1796 beneficium,
1364 1720 1429 1781 sive

272 1821 390 1893 prauae
413 1815 538 1878 rnornine
561 1815 682 1877 veniam
698 1815 847 1896 intelligit
871 1817 930 1880 sibi
947 1818 1137 1901 deprecante
1154 1814 1338 1896 Clitiphnne
1354 1818 1429 1881 dan·

274 1916 365 1993 dem,
401 1914 448 1976 nti
474 1912 618 1976 evenisse
648 1913 752 1976 exitus
782 1911 907 1977 fabulae
935 1915 1057 1979 docet‘*
1108 1912 1233 1977 Phorm.
1264 1913 1312 1990 ΙΙ,
1335 1920 1370 1982 t,
1394 1921 1427 1978 tt:

275 2015 390 2075 Videtis
417 2029 473 2085 quo
501 2013 535 2069 ln
562 2012 624 2071 loco
652 2031 700 2072 res
730 2016 804 2073 haec
831 2015 893 2074 stet.
940 2012 978 2088 V,
1005 2018 1030 2089 l,
1054 2017 1108 2075 35:
1139 2015 1223 2073 Nunc
1253 2014 1330 2086 qaid
1356 2031 1429 2087 opas

274 2112 352 2184 tacto
376 2112 424 2182 sit,
450 2110 522 2169 vide.
569 2113 599 2185 2,
622 2113 658 2171 9:
690 2112 819 2171 Hanscin
842 2113 957 2181 hercle,
981 2119 1015 2170 nt
1036 2114 1166 2182 homost,
1189 2130 1230 2169 on
1252 2116 1348 2171 mutet
1367 2113 1428 2171 ani·

273 2228 361 2269 mnm.
408 2211 436 2277 5,
465 2211 517 2269 12:
543 2209 632 2271 Vide.
663 2210 715 2280 qui
744 2210 920 2281 curediutur.
967 2207 1041 2270 Hec.
1066 2205 1121 2285 lv,
1148 2213 1175 2282 l,
1200 2214 1254 2271 31:
1285 2209 1322 2268 ld
1353 2227 1428 2268 nnnc

274 2324 323 2367 res
347 2307 488 2365 indicium
511 2307 585 2364 haec
608 2305 696 2377 tacit,
726 2324 784 2379 uuo
800 2311 889 2379 pacto
919 2305 1028 2365 factum
1051 2307 1190 2367 voluteris.
1236 2322 1265 2368 v.
1289 2311 1345 2368 54:
1369 2308 1429 2365 Nec

277 2420 338 2476 qua
358 2404 410 2463 nto
433 2406 583 2463 sententia
605 2406 668 2462 eins
687 2405 781 2476 possit
802 2407 909 2464 mutari
934 2406 1003 2463 scio.
1034 2420 1076 2466 sc.
1101 2407 1129 2479 3,
1146 2422 1174 2464 v.
1201 2407 1231 2464 1:
1255 2405 1350 2479 Quem
1366 2420 1430 2462 cnm

277 2503 352 2562 istoc
375 2518 536 2561 sermonem
559 2502 715 2569 habueris,
742 2504 846 2576 procul
871 2502 939 2561 hinc
963 2511 1045 2561 stans
1069 2503 1189 2576 accepi,
1214 2520 1296 2561 nxor.
1345 2518 1373 2562 v.
1396 2501 1429 2562 8:

279 2602 355 2674 Quia
378 2602 413 2659 de
438 2618 528 2659 usone
553 2602 684 2658 incertus
709 2617 770 2658 snm
795 2602 884 2658 etiarn
908 2601 979 2672 quid
999 2601 1054 2658 mm
1078 2600 1223 2670 foetemus.
1255 2595 1310 2666 N,
1327 2603 1357 2662 4.
1374 2601 1428 2660 53:

274 2696 412 2772 Ignarum
442 2713 546 2755 censes
575 2704 690 2755 tuarum
715 2699 910 2756 lacrumarum
941 2717 1007 2757 esse
1030 2697 1097 2755 me?
1141 2703 1201 2755 Ant
1229 2697 1302 2767 quid
1320 2692 1372 2755 ’sit
1392 2697 1430 2769 id,

278 2796 355 2869 qnod
384 2794 546 2852 sollicitere
575 2795 611 2852 ad
640 2795 716 2854 hunc
748 2795 885 2855 modum?
931 2792 1061 2871 Adelph.
1091 2792 1115 2867 Ι,
1145 2799 1178 2867 2,
1207 2801 1241 2856 4:
1274 2795 1347 2867 qnid
1380 2797 1430 2852 ille

277 2888 407 2950 lecerit?
452 2906 494 2951 sc.
524 2895 558 2952 tn
585 2907 634 2952 me
663 2892 779 2969 rogas?
809 2889 851 2966 Il,
880 2897 914 2965 3,
938 2896 974 2954 8:
999 2894 1075 2966 Quid
1104 2892 1169 2951 esti
1214 2889 1328 2953 CTES.
1353 2892 1429 2966 Quid

274 2988 336 3047 sit?
382 2983 440 3059 ΙΙΙ,
468 2992 493 3062 Ι,
521 2990 553 3049 1:
582 2989 662 3063 Quid
688 2991 742 3060 aaa
770 2991 877 3064 rogas?
921 2993 955 3063 2,
979 2994 1034 3053 45:
1063 2991 1127 3049 vide
1151 3009 1237 3062 quom
1261 3008 1325 3048 rem
1348 3008 1428 3063 opas.

274 3088 305 3159 l,
330 3088 384 3147 39:
408 3104 463 3143 nec
486 3085 558 3157 qrold
578 3103 667 3158 opum
690 3105 784 3162 neque
807 3088 880 3159 quid
902 3089 969 3148 huic
992 3088 1182 3162 respondeam
1205 3089 1282 3150 Scio.
1323 3085 1378 3163 lv,
1402 3089 1431 3159 2,

277 3185 332 3244 30:
360 3184 416 3243 Uol
439 3185 521 3243 illum
543 3184 707 3257 incautum,
740 3187 845 3259 cogito.
891 3203 920 3246 v.
945 3191 998 3248 31:
1024 3189 1092 3246 Scio
1114 3187 1166 3244 ‘rubi
1187 3187 1235 3246 sit.
1281 3183 1432 3247 Nonnun-

275 3297 370 3358 quam
394 3278 425 3340 in
449 3296 513 3342 nna
535 3279 754 3343 enunciatinne
771 3280 961 3345 indicativus
984 3290 1018 3345 et.
1039 3283 1257 3346 coniunctivus
1273 3281 1432 3345 coniuncti

276 3383 360 3452 sunt,
384 3395 411 3438 v.
436 3375 455 3451 ξ
481 3382 498 3440 3
523 3383 601 3440 extr.
629 3377 733 3440 Plaut.
758 3378 871 3457 Amph.
890 3381 967 3457 prm.
991 3399 1018 3441 v.
1039 3386 1091 3443 17:
1115 3383 1198 3440 Nunc
1222 3384 1329 3454 quoius
1352 3384 1432 3441 iussn

275 3477 359 3534 venio
389 3482 421 3533 et
447 3494 533 3550 qnam
565 3477 685 3536 obrem
714 3479 855 3544 venator,
884 3479 998 3541 Dicam.
1044 3477 1137 3541 Most.
1161 3477 1190 3552 Ι,
1215 3482 1251 3553 3,
1275 3484 1332 3540 42:
1358 3481 1431 3550 vide,

277 3590 331 3646 ago
364 3590 440 3647 qnae
467 3575 524 3633 mm
551 3583 582 3633 et
609 3570 683 3648 quae
714 3575 762 3645 fui
789 3585 867 3637 ante.
917 3574 971 3652 1V,
997 3581 1025 3649 2,
1050 3581 1107 3639 53;
1138 3580 1206 3636 Scio
1233 3595 1295 3649 qua
1318 3596 1366 3636 me
1389 3580 1431 3637 ire

277 3673 396 3742 oportet,
420 3680 450 3728 et
472 3688 528 3742 qno
550 3673 689 3739 aenaim,
712 3673 779 3732 novi
803 3676 908 3733 locum.
939 3672 1064 3736 Terent.
1083 3674 1178 3736 Andr.
1196 3672 1250 3749 IV,
1272 3679 1297 3748 Ι,
1314 3677 1356 3736 25
1373 3691 1431 3751 sq.:

278 3769 391 3836 nescis,
421 3771 538 3841 quantis
568 3771 596 3826 in
628 3773 713 3830 malis
740 3788 843 3829 oorser
869 3773 973 3838 miser,
1005 3775 1194 3848 Quantasque
1227 3775 1275 3831 hic
1299 3776 1431 3833 consiliis

277 3864 347 3923 mihi
371 3866 510 3934 coutluna'l
531 3868 756 3928 sollicitudines.

365 3963 412 4022 18.
462 3959 674 4026 Transeamus
707 3963 747 4026 ad
781 3965 1019 4030 enunciationes
1050 3966 1226 4045 sumptivas
1259 3967 1292 4029 in
1327 3986 1432 4047 snmp

277 4055 361 4120 tione
399 4054 462 4120 ticti
492 4056 533 4136 (v.
556 4062 575 4135 ,3
600 4058 648 4138 2),
689 4060 866 4140 pendentes
894 4062 965 4127 illas
999 4065 1186 4143 plerumque
1216 4084 1236 4127 a
1266 4065 1433 4144 particulis

275 4156 320 4222 si,
346 4156 419 4223 uisi,
445 4159 495 4235 nl,
523 4161 624 4232 quusi,
647 4161 722 4237 sive,
753 4176 851 4238 qunm
880 4161 984 4224 rarius
1007 4167 1130 4224 tantum
1149 4168 1309 4240 tunquam,
1340 4184 1433 4238 quom,

277 4253 330 4311 out
345 4252 375 4314 in
392 4254 571 4332 sumptione
594 4265 762 4334 ponantur.
808 4257 972 4322 Permulta
994 4258 1139 4337 exempla
1154 4260 1348 4339 sumptionis
1371 4262 1435 4326 ficti

276 4346 338 4410 iam
390 4349 409 4424 §
450 4355 487 4415 13
527 4358 560 4413 et
602 4358 639 4416 14
680 4355 713 4418 in
761 4355 960 4419 coniunctivo
1002 4356 1204 4420 conditionali
1247 4369 1281 4421 et
1323 4368 1433 4441 poten·
