3125 5075
285 361 350 422 234
577 351 639 391 ΟΔΡ.
654 351 699 393 XV.
727 351 879 394 noenum
906 351 1157 397 HUNOMIORUH.

285 540 353 605 rius
376 545 518 618 tempus,
548 544 585 603 ut
604 538 673 604 fere
703 539 824 605 dietum
847 539 890 604 sit
911 557 970 620 pro
1000 543 1125 609 aduena
1170 542 1284 610 Tertio
1306 545 1438 627 denique

285 637 364 715 loco,
387 654 481 717 quem
505 635 608 713 effert,
638 638 743 702 Plaut
767 636 852 704 Men.
875 637 918 716 II,
935 642 964 716 3,
988 642 1043 703 89:
1064 630 1175 717 (Erus)
1198 645 1294 707 Dicto
1310 663 1357 706 me
1373 647 1439 707 enit

284 737 461 808 audientem,
486 738 556 797 baut
573 740 784 812 imperatorem
801 738 866 810 sibi,
889 734 974 815 quod
989 736 1130 815 explieat
1151 756 1226 818 per:
1251 744 1303 818 qni
1328 742 1439 804 interm

282 843 366 895 esset
389 835 469 895 dioto
484 838 619 909 erudiens,
643 839 769 913 spectat
782 831 862 897 illud
882 835 961 897 dieto
982 836 1151 898 andimtnn
1174 854 1240 902 nou
1261 843 1389 903 tentum
1403 837 1440 902 ad

283 929 442 1009 intutum,
473 930 528 994 sed
558 931 652 996 etiam
676 930 718 994 ed
740 929 821 996 illud
842 932 946 1011 ipsum
970 936 1115 1013 tempus,
1145 949 1210 1012 quo
1234 934 1324 1000 emit.
1349 935 1439 1002 Prae·

283 1031 374 1092 terea
404 1044 617 1092 commemoro
644 1036 731 1094 reete
755 1027 1048 1094 Weissenbornium
1075 1029 1116 1095 de
1139 1032 1299 1111 gerundia
1329 1039 1366 1098 et
1389 1052 1439 1116 ge·

282 1125 416 1189 rundivo
446 1144 476 1205 p.
500 1129 540 1188 87
554 1143 599 1205 sq.
628 1123 769 1190 refutare
796 1127 988 1191 sententiam
1010 1126 1122 1192 Heasii
1149 1130 1315 1195 censentis
1344 1132 1439 1197 notio

281 1240 352 1287 nem
372 1220 534 1289 facultatis
555 1223 661 1288 inesse
683 1241 778 1304 posse
803 1224 836 1287 in
866 1224 1037 1305 participio
1063 1226 1263 1306 proesentis,
1291 1230 1439 1308 quamin

281 1337 350 1384 rem
372 1318 468 1386 effert
489 1321 594 1387 locum
606 1320 710 1387 Plauti
734 1320 815 1386 Rud.
832 1320 887 1401 IV,
904 1329 934 1402 4,
956 1326 1014 1389 69:
1038 1325 1126 1404 Quid,
1147 1327 1224 1387 istae
1243 1336 1348 1389 mutae
1364 1336 1437 1405 eunt,

280 1438 356 1496 qnae
379 1440 434 1496 pro
457 1439 488 1482 se
511 1420 640 1483 fabulari
665 1440 722 1484 non
745 1420 877 1497 queant?
922 1417 985 1485 TR.
1009 1424 1055 1484 Eo
1078 1430 1192 1497 tacent,
1216 1426 1291 1499 qnia
1319 1428 1438 1488 tecitest

280 1518 413 1596 [melior]
437 1521 543 1580 mulier
564 1538 682 1594 semper
705 1538 792 1596 quem
816 1520 943 1593 munes.

367 1614 465 1679 Plane
488 1633 547 1695 pro
576 1615 753 1696 participiis
781 1620 858 1680 sunt
887 1614 1046 1680 adiective
1075 1614 1138 1679 duo
1166 1618 1303 1681 indicens
1330 1625 1368 1684 et
1395 1624 1437 1680 in

278 1731 402 1788 sperones
424 1731 483 1793 per
506 1714 767 1794 compositionem
795 1717 828 1773 in
856 1712 1006 1795 privativi
1036 1730 1108 1778 cum
1129 1713 1311 1796 participiis
1340 1719 1435 1781 dicens

279 1816 313 1873 et
333 1829 459 1885 sperans
479 1816 566 1890 orte,
596 1830 621 1875 v.
645 1810 741 1875 Herz.
766 1811 808 1875 ad
830 1810 921 1875 Caes
948 1829 980 1891 p.
1004 1814 1075 1875 375.
1120 1810 1172 1876 Sic
1198 1810 1271 1876 Ter.
1295 1813 1359 1880 Ad.
1384 1813 1436 1894 ΙΙΙ,

278 1912 313 1985 4,
338 1910 620 1974 ernestionem.
666 1908 764 1973 Andr.
797 1908 861 1989 ΙΙΙ,
884 1915 919 1988 4,
944 1913 1000 1973 24;
1035 1912 1108 1971 Feci
1138 1911 1226 1971 hodie
1259 1918 1293 1971 nt
1322 1913 1436 1991 fierent,

276 2006 448 2080 insperante
476 2011 532 2070 hoc
559 2018 649 2085 etque
678 2011 770 2070 invito
800 2011 964 2084 Pamphilo.
987 2040 1030 2051 —
1055 2005 1167 2071 Potest
1196 2012 1309 2072 autem
1340 2009 1436 2090 perti·

278 2100 396 2181 cipium
419 2111 477 2169 aut
498 2105 538 2168 ad
561 2105 752 2169 substantivi
768 2110 826 2169 eut
845 2104 887 2169 ed
901 2104 1064 2184 adiectivi,
1088 2110 1145 2169 eut
1159 2103 1201 2168 ed
1222 2105 1315 2170 verbi
1341 2107 1435 2189 sigui·

277 2195 456 2266 ficationem
481 2203 613 2282 propius
635 2202 798 2267 accedere.

362 2318 389 2363 a.
434 2303 630 2377 Porticipinm
651 2303 868 2376 sipnificatione
895 2303 1074 2363 metantioi
1105 2300 1247 2379 positum
1282 2306 1335 2365 est
1365 2300 1433 2366 Ter.

276 2399 376 2463 Andr.
401 2398 459 2478 ΙΠ,
483 2404 513 2478 2,
538 2404 594 2463 23:
617 2398 797 2460 Aumatium
819 2404 883 2461 irae
907 2402 1017 2461 amoris
1046 2401 1247 2475 integratiost
1297 2397 1433 2463 Maxime

276 2496 337 2563 hoc
359 2515 420 2562 usu
442 2497 530 2562 venit
551 2497 583 2560 in
606 2514 724 2576 genere
746 2502 861 2559 neutro.
907 2496 959 2562 Sic
980 2498 1054 2558 data
1076 2512 1134 2577 pro
1155 2513 1291 2561 munera
1314 2497 1432 2562 dictum

276 2603 327 2660 est
348 2595 450 2661 Pleut.
475 2596 561 2660 Asin.
586 2596 619 2673 1,
644 2600 678 2670 3,
704 2599 756 2659 14:
787 2599 912 2671 Semper
942 2597 995 2656 tibi
1022 2598 1201 2671 promissum
1232 2597 1347 2658 hebeto
1381 2599 1431 2658 bne

274 2700 351 2770 lege,
375 2699 442 2756 dum
466 2713 588 2770 superes
610 2696 698 2758 datis.
729 2692 845 2757 Pseud.
862 2692 888 2770 Ι,
906 2698 934 2768 3,
952 2698 1006 2756 72;
1030 2696 1096 2755 Non
1120 2703 1166 2754 est
1189 2712 1261 2754 nasu
1277 2697 1430 2771 qumquam

275 2804 391 2856 amator
414 2797 470 2854 nisi
493 2794 543 2868 qui
566 2803 726 2868 perpetuet
752 2792 832 2852 data.
876 2790 974 2855 Mero.
1000 2789 1036 2868 V,
1059 2795 1095 2861 2,
1119 2794 1175 2856 63:
1206 2793 1310 2852 vidisti
1334 2811 1373 2853 nu
1399 2793 1431 2851 de

275 2893 378 2951 annno
406 2892 547 2954 nuntias?
591 2890 718 2954 Terent.
745 2890 844 2954 Andr.
868 2888 948 2968 prol.
972 2909 999 2952 v.
1028 2895 1080 2953 15:
1109 2890 1151 2950 Id
1177 2891 1228 2951 isti
1263 2892 1431 2966 vituperant

274 2988 404 3066 foetam,
433 2987 493 3051 nisi
521 2988 604 3053 forte
632 2991 744 3061 sactum
766 2984 798 3048 b.
821 2986 841 3050 Ι.
870 2991 921 3050 est
945 2984 1121 3050 infinitivus
1148 2983 1286 3065 perfecti
1314 2985 1430 3066 passivi

275 3085 391 3150 omisso
414 3104 488 3164 esse,
516 3094 552 3151 ut
580 3087 623 3151 sit
645 3104 749 3150 aecus.
773 3103 798 3149 e.
827 3082 882 3148 inf.
909 3085 1078 3149 Abletivus
1104 3082 1267 3163 participii
1295 3082 1429 3163 perfecti

274 3182 307 3247 in
323 3201 439 3264 genere
464 3192 578 3249 neutro
602 3185 724 3264 positus
747 3201 844 3263 saepe
866 3182 1071 3262 coniungitur
1093 3199 1165 3246 curn
1180 3199 1255 3256 opas
1270 3186 1313 3243 est
1335 3180 1382 3245 ite
1397 3185 1430 3253 ut

275 3281 467 3347 substantivi
490 3281 628 3346 verbalis
651 3282 719 3346 vice
745 3280 908 3361 iungatur.
947 3279 998 3345 Sic
1021 3279 1119 3343 Andr.
1142 3277 1203 3358 ΙΙΙ,
1227 3282 1259 3358 2,
1285 3283 1342 3343 1οε
1366 3281 1428 3340 Non

273 3384 430 3456 inperabat
454 3400 569 3458 eornm,
597 3383 666 3457 qnid
690 3381 769 3454 fecto
789 3385 863 3441 esset
884 3397 956 3454 opus
986 3396 1164 3455 puerperae.
1209 3393 1239 3437 v.
1272 3380 1330 3440 43:
1354 3379 1427 3454 qnod

265 3484 379 3554 parato
401 3497 473 3553 opus
495 3483 539 3538 est
561 3497 643 3554 para.
675 3476 1186 3555 Hec.1,‘i,29:Nonestopne
1201 3476 1339 3549 protom.
1374 3472 1427 3551 ΙΙΙ,

271 3581 302 3654 4,
328 3581 380 3640 17:
404 3580 437 3637 In
462 3595 559 3637 arcem
584 3583 752 3638 transcurso
773 3593 848 3650 opas
871 3580 921 3636 est.

358 3674 387 3738 b.
433 3675 632 3749 Perticipinm
668 3677 787 3735 emtione
820 3673 957 3734 adieetioi
989 3674 1133 3746 positum.
1182 3668 1334 3734 Pertinet
1369 3668 1426 3732 huc

270 3772 408 3854 primum
430 3773 520 3832 dictio
536 3775 729 3846 pleonostieo.
766 3771 837 3836 Ter.
862 3771 921 3835 Ad.
945 3768 1004 3847 ΙΙΙ,
1030 3773 1058 3844 3,
1082 3772 1135 3831 33:
1164 3770 1229 3829 Non
1259 3771 1332 3844 qnia
1362 3768 1426 3827 ades

265 3891 410 3949 maeones
436 3874 503 3934 dieo
527 3872 583 3932 hoe
611 3868 741 3950 (similia
767 3869 864 3933 affert
892 3865 1010 3933 Bernh·
1038 3873 1119 3948 synt.
1147 3883 1177 3944 p.
1201 3870 1276 3942 475,
1301 3874 1339 3928 ut
1361 3862 1426 3943 osi·

267 3993 364 4047 yona
386 3969 544 4047 ἐκφυγεῖν),
569 3969 623 4033 ubi
647 3968 771 4034 Ruhnk.
795 3967 888 4033 affert
910 3969 1013 4033 Plane.
1030 3966 1143 4048 Amph.
1159 3965 1218 4046 III,
1236 3973 1267 4045 3,
1284 3973 1343 4033 22:
1368 3980 1425 4032 tam

271 4073 328 4131 etsi
345 4086 489 4145 praesens
512 4087 570 4129 non
593 4069 675 4132 ades.
699 4103 737 4114 —
761 4067 833 4131 Alie
855 4066 999 4147 exempla
1024 4070 1099 4131 sunt
1120 4063 1213 4129 Cura
1237 4065 1281 4145 II,
1306 4072 1341 4145 3,
1371 4074 1424 4131 25:

271 4170 345 4243 Quia
367 4163 475 4229 vocati
498 4170 563 4242 quis
587 4170 719 4228 nominet
741 4164 807 4229 mei
849 4164 915 4229 PH.
940 4169 996 4242 Qui
1012 4174 1043 4228 te
1063 4169 1234 4227 mouentum
1256 4169 1350 4243 cupit,
1374 4165 1425 4229 ubi

270 4263 472 4344 perticipium
495 4264 536 4328 ud
558 4259 704 4327 infinitivi
727 4264 888 4329 notionem
910 4280 1011 4344 prope
1034 4262 1165 4327 accedit
1194 4262 1312 4327 Pseud.
1337 4262 1422 4342 11,e,

270 4368 326 4429 42:
349 4367 477 4441 quinquo
498 4364 628 4424 inuentis
649 4381 724 4439 opus
747 4373 794 4427 est
816 4366 933 4442 argenti
954 4365 1042 4425 minis
1064 4365 1188 4426 Mutnie.
1232 4360 1350 4427 Bamn
1366 4358 1421 4437 ΙΙΙ,
