3125 5075
486 419 573 461 CASUS
588 419 856 462 suus'rnttrtvosmr.
877 442 902 451 -
922 421 1060 461 ACCUSAT.
1295 429 1358 486 247

198 611 315 668 uorem,
338 593 423 674 quod
440 589 672 660 ·8chmlederus
696 595 847 677 explicet:
872 613 1003 678 operum
1026 595 1118 675 dere,
1143 599 1181 659 ut
1202 592 1357 659 habeatis.

201 687 279 755 cist.
303 689 331 771 l,
358 697 384 770 l,
407 695 465 757 39:
490 704 562 756 eunt
586 695 765 769 depressum.
810 693 898 759 Pers.
915 693 941 772 l,
965 697 994 772 2,
1020 699 1074 758 ll:
1097 695 1168 756 Siue
1190 709 1257 754 uteo
1278 694 1359 769 peri-

201 793 269 852 culo
289 791 337 852 ire
360 793 460 854 alienu
482 797 612 867 ereptum
633 793 721 855 bone.
765 789 880 857 Bacch.
904 790 942 868 V,
970 795 1000 870 2,
1031 795 1089 855 52:
1120 794 1163 856 Ut
1184 793 1261 854 istuc
1285 790 1359 850 deli·

202 893 280 949 utum
304 889 434 951 desistas
456 897 541 952 tento
564 907 655 966 opere
678 892 723 950 ire
746 895 953 964 oppugnatum.
985 887 1098 954 Caecil.
1115 887 1196 954 stat.
1215 885 1254 951 ir.
1268 886 1359 951 Asoti

205 987 239 1049 2:
260 987 310 1048 Ad
324 989 438 1050 amicos
454 996 555 1050 curret
571 993 745 1050 montetum.
769 985 879 1051 Imbrii
895 986 931 1050 ir.
947 992 982 1051 3:
1006 987 1081 1048 Mihi
1097 986 1188 1049 surdo
1200 986 1359 1047 dormitum

206 1084 310 1145 suadet
337 1093 372 1145 ut
394 1103 468 1149 eum.
512 1083 640 1148 Terent.
664 1083 782 1148 Heaut.
807 1084 833 1163 Ι,
860 1091 885 1163 l,
910 1088 965 1148 65:
999 1088 1033 1146 ln
1061 1087 1163 1146 Arium
1192 1083 1230 1145 ud
1259 1101 1360 1159 regem

204 1183 361 1243 utilitutum
385 1185 469 1256 obiit,
492 1183 644 1245 Chremes.
689 1181 785 1245 Andr.
809 1181 835 1261 I,
861 1188 888 1260 l,
915 1188 989 1247 107:
1020 1185 1089 1243 Meu
1111 1183 1290 1258 Glycerium,
1314 1182 1359 1240 in-

209 1283 275 1355 quit,
299 1281 372 1356 quid
394 1279 480 1358 egis?
501 1300 574 1358 quor
596 1289 627 1341 te
650 1283 676 1343 is
695 1281 866 1354 perditum?
910 1279 1007 1344 Andr.
1032 1279 1056 1357 Ι,
1078 1283 1107 1357 2,
1131 1282 1167 1342 6:
1197 1281 1254 1353 Qui
1278 1285 1360 1354 post·

211 1395 289 1452 quem
315 1377 453 1439 audieret
475 1397 532 1440 nou
555 1378 657 1440 datum
681 1381 719 1439 iri
740 1378 802 1440 filio
821 1396 941 1439 uxorem
966 1398 1029 1440 suo.
1065 1376 1162 1441 Andr.
1179 1374 1238 1454 ΙΙΙ,
1255 1379 1284 1454 2,
1302 1378 1357 1440 35:

211 1477 324 1536 missust
348 1477 459 1537 ancillo
480 1478 551 1536 ilico
572 1477 772 1538 Obstetricem
796 1478 968 1537 meseum
990 1479 1027 1537 ud
1052 1494 1156 1552 meum,
1180 1484 1212 1536 et
1233 1490 1358 1550 puerum

213 1581 239 1632 ut
258 1571 393 1633 udierret
415 1576 512 1635 simul.
559 1570 691 1653 Adelph.
714 1570 774 1650 ΠΙ,
799 1575 828 1651 2,
852 1576 907 1637 48;
937 1593 993 1649 pro
1017 1576 1130 1650 virgine
1160 1591 1197 1635 ee
1220 1573 1284 1633 duri
1305 1589 1360 1631 πιο-

210 1676 284 1745 ptem
306 1671 366 1731 heu
388 1681 498 1746 potest.
544 1668 640 1734 Andr.
664 1669 708 1749 ΙΙ,
734 1676 762 1750 l,
787 1674 819 1734 1:
853 1673 987 1733 Daturne
1014 1676 1068 1734 illu
1089 1673 1244 1748 Pamphilo
1271 1672 1359 1731 hodie

214 1769 349 1843 nuptum?
392 1765 520 1831 Phorm.
552 1767 593 1846 ΙΙ,
623 1774 650 1847 l,
682 1772 738 1832 81:
773 1786 828 1846 ego
854 1770 924 1831 deos
953 1773 1070 1845 penutis
1099 1772 1168 1831 hino
1199 1770 1361 1830 salutatum

217 1865 322 1927 donum
346 1868 504 1928 Derotter.
549 1863 665 1930 Heaut.
689 1863 731 1945 ΙΙ,
756 1871 786 1945 3,
811 1871 868 1930 74:
896 1871 925 1928 in
945 1885 1011 1929 meu
1031 1872 1092 1929 rite
1113 1876 1146 1929 tu
1168 1869 1222 1930 tibi
1242 1868 1360 1928 leudem

214 1964 425 2038 temdum,
451 1966 572 2027 scelus?
616 1963 694 2028 Hec.
710 1962 752 2041 Π,
772 1968 800 2040 1,
816 1967 872 2027 27:
896 1967 957 2025 Rus
981 1967 1145 2027 habituum
1168 1966 1236 2027 obii.
1282 1963 1361 2044 Spe-

214 2063 271 2125 ctet
290 2059 332 2124 ud
355 2059 440 2127 hunc
462 2062 694 2139 accusativum,
722 2067 759 2125 nt
780 2060 979 2141 Hertungius
1002 2079 1032 2141 p.
1057 2067 1098 2127 48
1122 2062 1233 2141 docet,
1263 2061 1359 2127 etium

213 2153 292 2223 locus
313 2157 420 2224 Plane.
443 2153 541 2225 Mero.
564 2159 607 2240 ΙΙ,
631 2165 660 2238 3,
687 2163 740 2224 19:
774 2169 857 2221 treus
885 2178 967 2221 mure
990 2164 1058 2222 hine
1081 2180 1186 2223 oenum
1214 2169 1358 2237 asportet.

268 2255 386 2322 ¹Ennii
409 2255 609 2322 Euhemerus
631 2255 668 2321 fr.
695 2261 744 2336 ll,
768 2260 825 2320 64:
854 2260 1021 2333 exemplum
1045 2263 1156 2321 ceteris
1179 2261 1219 2319 ud
1240 2260 1360 2323 imitan-

213 2353 274 2417 do·
297 2357 390 2418 dedit.
434 2353 538 2420 Plant.
561 2354 659 2419 Mero.
682 2353 720 2433 V,
745 2359 773 2433 2,
797 2359 854 2419 94:
889 2373 1010 2431 operum
1038 2364 1070 2417 nt
1095 2373 1205 2418 sumum
1234 2359 1275 2419 od
1292 2376 1362 2432 per·

211 2453 417 2528 wigurm,
440 2456 489 2517 ubi
513 2459 552 2517 sit
574 2458 671 2517 illaec.

293 2556 344 2616 55.
383 2550 417 2616 Si
440 2570 505 2618 ure.
527 2554 703 2634 respondet
723 2552 765 2618 od
787 2552 897 2616 interr.
922 2554 1073 2629 adquam
1095 2572 1157 2614 rem
1176 2555 1363 2646 pertineret,

213 2648 406 2729 praepositio
422 2671 480 2728 per
502 2651 631 2732 ponitur
653 2669 723 2717 cnm
746 2669 810 2716 uec.
833 2649 949 2715 iuncte.
977 2684 1009 2696 -
1041 2657 1067 2714 l.
1083 2654 1141 2714 Per
1162 2650 1201 2716 de
1225 2668 1361 2732 persona

211 2747 270 2811 sive
293 2765 349 2825 re,
372 2766 431 2828 per
453 2767 546 2829 quem
569 2749 689 2832 aliquid
712 2748 755 2814 fic
778 2747 870 2813 Ennii
895 2748 999 2813 aunei.
1023 2748 1043 2813 l.
1060 2748 1145 2831 XVI,
1166 2748 1205 2814 fr.
1228 2754 1278 2813 10:
1302 2751 1361 2810 Re-

210 2864 255 2921 ges
271 2864 331 2921 per
354 2864 478 2921 regerem
499 2852 672 2926 statuasque
695 2851 909 2926 sepulchruque
932 2859 1095 2926 quaerunt,
1124 2850 1293 2911 Aedificant
1309 2867 1360 2909 no-

209 2960 281 3006 nen.
332 2944 443 3009 Annul.
466 2946 524 3011 inc.
548 2946 633 3012 sedis
656 2946 767 3028 fragm.
786 2951 842 3010 71:
866 2950 915 3024 qni
937 2948 1059 3009 ininius
1083 2951 1165 3009 eluro
1182 2950 1288 3010 Omnia
1304 2964 1362 3022 per

208 3044 317 3105 sonitus
340 3052 433 3105 ercet.
472 3040 605 3108 Medeae
629 3044 730 3110 exulis
753 3044 791 3110 ir.
820 3052 846 3123 l,
870 3062 898 3106 v.
923 3049 999 3109 286:
1024 3064 1078 3122 per
1102 3048 1210 3109 dolum.
1255 3042 1360 3108 Pleut.

208 3134 462 3220 lti1.1V,s,10:
485 3144 542 3203 Per
565 3146 720 3219 epistolum
743 3156 795 3206 unt
811 3163 869 3219 per
891 3146 1032 3204 nondum
1055 3147 1139 3221 qussi
1161 3163 1261 3221 regem
1285 3146 1361 3206 adiri

208 3254 267 3298 eum
291 3241 384 3301 olunt.
430 3238 524 3304 Most.
548 3239 607 3319 ΙΙΙ,
632 3246 661 3321 2,
685 3246 738 3306 70:
767 3260 825 3317 per
852 3242 939 3315 fidem
967 3244 1120 3318 Deceptus
1148 3261 1220 3303 sum.
1264 3240 1360 3305 Poen.

207 3335 271 3413 prol
302 3353 333 3398 v.
358 3340 413 3400 13:
447 3340 564 3402 Exerco
587 3358 689 3404 rocem
712 3358 802 3415 quam
819 3357 876 3414 per
902 3343 1035 3415 vivisque
1066 3338 1122 3411 (sic
1145 3337 1235 3402 codd.
1259 3337 1363 3402 Purei.

207 3428 307 3514 Volgo
330 3436 420 3510 vivis)
444 3447 475 3498 et
497 3441 581 3502 eolis.
626 3436 720 3503 Poen.
743 3436 782 3514 V,
806 3444 835 3514 4,
864 3442 914 3499 Ι4;
938 3438 1128 3513 luppiter-
1133 3454 1190 3511 per
1212 3455 1297 3512 eum
1319 3439 1362 3497 ri·

208 3534 297 3595 umus
322 3535 443 3595 vitalem
466 3553 578 3598 uerum.
610 3535 728 3601 Atilius
743 3534 780 3598 fr.
799 3535 858 3599 inc.
874 3531 937 3597 feb.
955 3539 988 3597 2:
1006 3554 1064 3610 per
1079 3538 1225 3595 laetitiam
1240 3537 1364 3610 liquitur

207 3633 340 3692 iluimus.
386 3628 502 3696 Caecil.
527 3632 607 3698 stat.
631 3632 813 3716 Synephebi
835 3629 873 3694 ir.
901 3635 929 3709 l,
952 3651 981 3695 v.
1006 3636 1295 3709 nongentenos.
1333 3649 1363 3694 v.

206 3730 276 3793 2⁰3:
300 3746 358 3805 per
374 3734 530 3791 servolum.
547 3766 591 3775 —
607 3737 634 3796 2.
650 3734 709 3795 Per
724 3729 967 3812 permissionem
983 3730 1049 3794 slve
1067 3731 1189 3795 venium
1205 3728 1363 3810 exprimit.

206 3822 307 3891 Pure
331 3824 430 3892 Merc.
453 3826 492 3903 V,
514 3836 545 3907 4,
569 3833 624 3893 63;
651 3850 706 3906 per
728 3850 780 3893 noe
803 3833 919 3906 quidem
943 3832 1045 3891 hercle
1070 3832 1178 3905 egebit,
1201 3828 1230 3892 h.
1255 3847 1281 3892 e.
1305 3844 1364 3892 uos

202 3940 261 3988 uon
284 3924 507 4005 impediemus,
530 3928 700 4007 quominus
724 3934 827 4011 egeat.
872 3929 965 4008 Epid.
990 3926 1048 4006 Ill,
1076 3933 1102 4006 l,
1126 3933 1160 3990 3:
1199 3928 1364 3991 Perillam

203 4021 255 4083 titi
268 4024 385 4098 copiam
399 4026 516 4100 cupium
537 4029 593 4086 tibi
608 4029 719 4089 Parere
740 4029 829 4089 uliam
850 4032 932 4102 lieet,
956 4026 995 4089 od
1016 4043 1045 4105 q.
1068 4024 1088 4089 Ι.
1105 4024 1231 4090 Lumo:
1256 4025 1363 4098 „lieno

204 4116 308 4199 &llius
331 4115 414 4202 [τῆς]
437 4114 596 4203 εὐπορίας,
631 4142 660 4204 q.
685 4124 714 4189 d.
737 4124 809 4189 Non
840 4124 935 4190 debet
962 4123 1021 4189 tibi
1049 4124 1081 4186 in
1108 4120 1243 4203 Epidico
1273 4125 1363 4186 tante

204 4216 311 4297 copiae
340 4236 415 4299 spes
443 4234 529 4298 esse,
564 4226 600 4284 ut
617 4220 711 4287 eliam
742 4229 914 4303 propterea
937 4221 1100 4301 negligere
1121 4216 1232 4285 velis.“
1275 4217 1363 4283 Pers.

204 4310 258 4394 ΙΠ,
279 4320 308 4395 l,
324 4320 381 4381 48:
403 4318 524 4380 Lubere
548 4320 603 4381 tibi
623 4335 678 4394 per
700 4340 745 4381 me
767 4326 861 4383 licere
885 4321 1038 4397 intellego.
1084 4315 1181 4382 Merc.
1196 4315 1235 4398 V,
1256 4324 1287 4398 4,
1309 4321 1363 4383 3οε

202 4428 252 4485 pet
271 4432 323 4475 uie
344 4418 455 4479 hubent
477 4420 559 4479 licet.
607 4416 721 4484 Cuccil.
746 4418 826 4485 stat.
850 4419 909 4483 inc.
939 4416 999 4483 sub.
1023 4414 1061 4482 fr.
1086 4421 1115 4497 2,
1143 4436 1171 4482 v.
1195 4420 1273 4482 24οι
1307 4418 1366 4477 Per
