3125 5075
448 366 487 405 Du
502 365 600 407 101)Ιῦ.
614 385 639 395 ·-
654 366 848 406 lumcsstvuu.
861 387 885 395 -
902 368 991 418 Quum.
1238 377 1296 438 123

139 555 226 615 Fieri
248 555 339 614 audio
360 572 484 630 usquam
498 556 601 626 viduli,
625 558 709 629 quasi
724 558 795 630 palo
816 563 922 631 pectus
938 558 1054 620 tuudor.
1077 554 1176 620 Stich.
1192 575 1221 620 v.
1239 560 1298 622 36:

139 655 188 713 Au
211 653 243 712 itl
265 654 364 723 dolos,
388 670 484 725 soror,
507 654 575 728 quia
598 655 646 711 Illi
669 672 750 712 suum
773 654 903 713 officium
927 673 985 714 uou
1007 658 1127 730 colunt,
1149 658 1245 731 Quoue
1265 663 1299 717 tu

140 758 224 810 mum
246 750 346 821 socio?
367 746 393 822 Ι,
419 751 448 826 2,
471 754 527 812 89:
550 752 636 810 Nunc
660 753 762 825 places
785 768 873 824 quoru
896 760 978 811 recte
1000 757 1157 816 eremum.
1187 758 1216 829 3,
1240 755 1297 815 90:

140 849 199 907 Hic
221 864 309 920 quom
330 849 498 907 auctionem
514 849 714 920 praedtmoos
729 867 907 923 pessumam.
930 846 972 922 ΙΙ,
992 852 1088 916 1229:
1112 852 1165 911 Set
1177 852 1300 912 undem

140 961 228 1017 quom
255 945 390 1017 rmopito.
414 942 475 1020 lv,
500 948 534 1016 1.
558 950 587 1007 7.
611 943 694 1006 Triu.
716 943 759 1021 ΙΙ,
788 949 813 1021 l,
839 948 893 1007 16:
917 948 1010 1022 Quom
1032 949 1182 1023 extemplo
1205 945 1300 1025 [eius]

141 1045 233 1104 saviis
256 1043 414 1116 perculsus
436 1047 484 1103 eet.
508 1039 567 1115 111,
591 1044 620 1118 2,
645 1044 699 1104 96:
730 1047 829 1118 Atque
860 1046 987 1119 aliquem
1011 1045 1048 1105 ad
1075 1062 1175 1119 regom
1198 1048 1227 1105 iu
1251 1063 1301 1106 aa·

141 1144 239 1216 giuem
256 1135 370 1214 [quom]
392 1157 461 1199 erus
477 1158 508 1199 se
524 1140 652 1199 conterit
666 1158 755 1202 meus.
780 1157 808 1203 v.
826 1143 881 1202 99:
906 1143 1033 1217 Egomet
1046 1159 1135 1215 quom
1149 1144 1300 1217 extemplo

142 1255 244 1299 arcum
267 1246 299 1297 et
322 1239 492 1312 pharetram
519 1240 559 1296 mi
592 1268 624 1277 —-
655 1253 814 1310 sumpsero.
848 1236 941 1300 Truc.
971 1236 1052 1318 prol.
1080 1256 1110 1302 v-
1140 1244 1193 1302 l'l:
1223 1241 1300 1300 Nam

143 1353 246 1396 omues
268 1336 299 1395 id
322 1334 445 1407 iaciunt,
469 1352 555 1407 quom
578 1352 610 1395 se
634 1338 725 1393 amari
741 1337 922 1408 intellectuat.
939 1334 965 1411 Ι,
983 1341 1010 1412 Ι,
1028 1339 1086 1400 38:
1109 1339 1207 1411 Atque
1225 1338 1299 1398 haee

145 1436 277 1493 celamus
300 1432 408 1492 damna
429 1450 481 1493 uus
505 1434 661 1508 industria,
683 1435 777 1508 Quom
799 1451 861 1492 reru
878 1433 1024 1510 fidemque
1047 1451 1160 1509 uosque
1184 1439 1301 1494 uosmet

105 1536 108 1540 ’
138 1530 302 1604 perdimus.
326 1546 355 1592 v.
379 1533 434 1591 to:
457 1547 544 1602 quom
566 1532 681 1590 coletur
705 1548 848 1591 maxume.
872 1534 901 1604 2,
923 1534 979 1594 88:
1004 1535 1067 1592 Hoc
1091 1532 1175 1591 uobis
1198 1533 1300 1591 vitium

141 1636 356 1698 maxumumst‚
387 1644 474 1699 quom
504 1644 655 1696 mamus,
684 1635 745 1687 tum
774 1630 912 1702 perimus.
943 1646 972 1692 v.
996 1632 1055 1693 89:
1082 1632 1179 1703 palam
1210 1646 1297 1701 quoae

141 1725 334 1786 murmur.
358 1721 401 1799 ΙΙ,
427 1728 454 1800 1,
479 1728 532 1786 32ε
557 1744 610 1784 uec
635 1728 707 1785 satis
731 1728 913 1800 accipimus,
935 1730 1009 1787 eatis
1031 1744 1117 1800 quom
1140 1730 1217 1801 quod
1239 1726 1301 1799 dat,

142 1841 202 1881 nou
226 1824 313 1881 habet
343 1826 372 1892 4,
396 1824 430 1882 8:
454 1824 549 1893 Salve,
574 1826 670 1882 luiciue
695 1825 781 1882 hodie
806 1841 905 1899 cenas,
929 1826 1025 1885 salvos
1047 1841 1135 1897 quom
1156 1824 1300 1884 adanu?

141 1934 172 1978 v.
199 1920 252 1979 29:
278 1920 386 1978 Verum
409 1926 575 1994 tempestas
597 1923 715 1979 memini
739 1938 823 1993 quom
840 1922 986 1995 quondum
1010 1921 1079 1993 fuit,
1103 1924 1197 1995 Quom
1220 1924 1302 1983 iuter

142 2033 197 2074 uos
227 2017 414 2077 sorderemus
443 2022 520 2077 ulter
550 2021 647 2079 alteri.
680 2022 716 2093 5,
741 2024 775 2078 3:
807 2019 937 2092 Cumque
968 2037 1033 2078 earu
1064 2037 1125 2078 rem
1155 2020 1185 2078 iu
1209 2019 1301 2080 corde

143 2114 233 2185 auito.
257 2115 286 2181 6,
311 2117 340 2175 7;
364 2115 429 2173 Nou
452 2117 562 2188 placet,
585 2132 674 2186 quum
690 2116 733 2173 illi
749 2118 816 2189 plus
832 2116 965 2185 laudaut.
990 2118 1039 2190 qui
1057 2118 1188 2192 audiunt,
1213 2134 1301 2190 quam

143 2212 194 2285 qui
217 2212 326 2272 vident.
351 2215 385 2278 7.
412 2214 466 2273 15:
490 2215 564 2271 lruec
581 2214 662 2271 Fieri
685 2229 751 2270 cum
772 2213 856 2270 uideo
878 2209 935 2283 (sic
958 2209 1109 2287 Goeller..
1125 2210 1209 2290 vulg.
1227 2213 1300 2272 Cum

144 2309 232 2366 video
255 2309 327 2367 fieri.
351 2310 400 2386 Ap
430 2312 456 2369 si
479 2310 559 2379 fieri.
585 2309 666 2371 urutle
683 2308 803 2371 Parcus
826 2312 870 2368 sic
891 2309 957 2368 fieri
980 2308 1117 2387 scripsit.
1150 2308 1302 2374 Fortasse

144 2407 170 2466 si
193 2421 234 2465 ex
255 2404 355 2482 prima
375 2403 496 2484 syllaba
518 2407 603 2469 vocis
633 2409 699 2478 fieri
728 2418 831 2467 ortum
861 2410 932 2477 est).
956 2404 1012 2482 IV,
1035 2410 1065 2483 2,
1088 2411 1145 2471 20:
1175 2410 1244 2469 Plus
1268 2425 1301 2469 ea

143 2504 223 2561 euim
252 2503 454 2578 intromissus,
489 2521 575 2577 quom
602 2505 703 2565 ceruos.
733 2502 837 2568 Pluut.
871 2505 982 2582 fragm.
1018 2520 1048 2582 p.
1076 2508 1155 2583 485,
1181 2523 1210 2569 v.
1244 2510 1300 2569 31:

147 2601 241 2673 Quum
266 2599 353 2660 tolles
376 2606 484 2663 tauriui
510 2607 634 2679 habeut,
664 2622 750 2676 quom
776 2605 940 2677 liquescunt
965 2612 1085 2676 petrae,
1116 2603 1228 2664 ferrum
1251 2604 1302 2664 ubi

144 2704 188 2763 fit.
222 2719 251 2764 v.
284 2706 338 2765 38:
367 2705 521 2774 Nunquam
548 2704 585 2759 ael
615 2703 763 2760 civitatem
793 2703 932 2771 advenio,
962 2703 1019 2760 uisi
1049 2719 1136 2774 quom
1168 2702 1301 2772 infertur

143 2802 276 2875 peplum.
305 2798 450 2876 Aquilius
472 2797 605 2860 Boeotia
627 2798 662 2859 ir.
692 2803 718 2874 l,
741 2816 768 2860 v.
787 2802 820 2859 6:
847 2800 903 2858 Ubi
926 2800 974 2857 ubi
991 2802 1130 2859 mouebat
1144 2817 1220 2871 esse,
1244 2800 1302 2859 uisi

144 2915 232 2970 quom
255 2900 295 2956 ull
318 2903 390 2956 erat.
420 2913 446 2955 v.
473 2900 508 2956 7:
527 2898 627 2955 ·Nuuc
651 2899 739 2955 etiam
761 2913 851 2969 quom
873 2900 930 2968 est,
955 2915 1012 2956 uon
1035 2907 1132 2969 estur,
1164 2899 1221 2956 nisi
1245 2897 1303 2958 ooli

147 2996 240 3055 lubet.
265 2993 379 3058 Caecil.
404 2994 482 3058 Stat.
507 2991 711 3055 Obuius-tates
734 2993 769 3055 ir.
798 2997 827 3054 l:
851 2995 1027 3054 nuncenim
1051 3012 1122 3054 vero
1145 3002 1205 3066 est,
1235 3010 1303 3053 cum

145 3110 230 3151 meae
264 3095 351 3152 morti
380 3094 539 3151 remedium
568 3091 721 3163 Bepcribit
750 3109 844 3148 nemo.
882 3087 1020 3150 Plocium
1049 3088 1086 3151 fr.
1110 3097 1144 3167 a,
1170 3108 1197 3153 v,
1226 3095 1301 3153 174:

147 3208 213 3248 cum
231 3189 360 3249 advenis.
386 3188 494 3251 Tittue
516 3186 553 3250 ir.
570 3196 604 3249 4:
629 3200 717 3262 etque
735 3190 835 3247 hercle
852 3188 1000 3260 Utresque
1023 3184 1064 3256 (h.
1083 3204 1111 3250 o.
1128 3185 1300 3261 utrimque)

146 3293 196 3358 te,
226 3296 291 3347 crem
318 3288 356 3346 ud
385 3306 437 3345 uos
459 3289 555 3355 oculs,
578 3286 809 3346 sutrlarciuatam
842 3285 910 3342 vidi.
942 3281 1070 3346 Terent.
1094 3284 1192 3347 Andr.
1221 3281 1302 3361 prol.

146 3400 176 3444 v.
205 3387 238 3444 l:
263 3386 356 3443 Poeta
378 3402 468 3457 quom
491 3389 616 3459 primum
639 3389 764 3443 extimum
790 3383 825 3441 ad
851 3383 1038 3441 scribendum
1055 3383 1177 3456 adpulit.
1201 3399 1229 3443 v.
1252 3385 1303 3443 18:

149 3482 207 3553 Qui
229 3500 315 3553 quom
339 3485 416 3542 hurrc
439 3487 584 3549 ocemont,
607 3484 749 3540 Naevium
766 3511 805 3522 -
823 3483 983 3539 Accusant.
1008 3477 1032 3555 Ι,
1054 3485 1078 3555 l,
1105 3484 1181 3542 125:
1205 3482 1302 3554 Prope

146 3581 243 3653 adest,
267 3596 352 3651 quom
375 3583 473 3638 ulleuo
503 3597 583 3638 ruore
609 3581 791 3638 vivendumst
812 3580 897 3648 milri,
921 3594 949 3638 v.
973 3574 1067 3639 Horu.
1094 3576 1134 3639 ad
1158 3574 1250 3639 Caes.
1273 3590 1304 3654 p.

150 3680 220 3753 155,
244 3678 281 3739 cl'.
305 3675 386 3739 Eun.
404 3674 461 3751 Ill,
479 3682 507 3751 5,
525 3680 559 3738 3:
583 3678 667 3735 Nuuc
690 3682 736 3734 est
758 3675 904 3750 proiecto,
928 3676 1057 3735 interfici
1079 3693 1167 3748 quom
1186 3673 1307 3750 perpeti

145 3793 192 3834 me
212 3791 341 3847 possum.
388 3772 463 3836 Hoc.
488 3770 541 3849 lv,
569 3778 595 3847 1,
619 3775 676 3833 28:
701 3781 731 3830 at.
747 3775 797 3846 pol
814 3776 870 3833 iam
888 3774 1001 3847 oderit,
1025 3791 1057 3832 se
1072 3790 1189 3848 quoquo
1213 3775 1305 3833 etiam

145 3891 233 3947 quom
254 3873 357 3934 oderit.
382 3869 479 3933 Audr.
503 3869 545 3949 ll.
571 3874 597 3946 1,
622 3873 656 3931 9:
681 3872 784 3930 Facile
807 3885 919 3944 omues,
943 3888 1031 3942 quom
1051 3871 1193 3942 colemus,
1217 3877 1303 3931 recta

147 3974 273 4032 consilia
296 3972 425 4043 aegrotis
449 3970 560 4028 damus.
586 3973 614 4042 2,
640 3972 693 4028 25:
716 3968 810 4042 Quom
832 3973 902 4029 illoc
925 3969 1057 4042 aduenio,
1081 3969 1211 4028 solitudo
1234 3978 1305 4030 aute

146 4072 264 4130 ostium.
288 4066 346 4144 ΙΙΙ,
371 4073 399 4140 2,
425 4071 477 4129 37:
502 4068 579 4139 Qum
603 4064 672 4123 als?
694 4081 780 4136 quom
801 4067 988 4135 intellexeras
1018 4066 1052 4124 ld
1075 4068 1229 4126 eonsilium
1254 4083 1307 4127 oo·

147 4185 231 4243 pere,
255 4186 328 4241 quor
352 4186 409 4227 uon
432 4167 506 4226 dixti
529 4164 678 4234 extemplo
703 4164 879 4237 Pamphilo?
909 4161 968 4239 ΙΙΙ,
992 4166 1021 4239 3,
1042 4167 1094 4226 13:
1118 4166 1216 4223 Alium
1240 4180 1308 4225 esso

146 4282 252 4325 ceuseo
282 4283 359 4324 neue
394 4282 438 4322 me
469 4274 557 4336 atque
587 4262 656 4318 olim
687 4277 775 4331 quom
797 4261 928 4319 meum?
958 4258 1001 4334 V,
1028 4263 1055 4332 1,
1078 4262 1132 4321 20:
1155 4276 1242 4333 quom
1264 4261 1308 4321 ibi

147 4380 193 4422 me
224 4365 332 4423 adesse
362 4374 467 4422 neuter
496 4368 555 4416 tum
581 4364 800 4430 praesenserat.
828 4358 870 4435 V,
895 4362 928 4434 3,
954 4360 1006 4419 12:
1038 4360 1125 4430 olim,
1154 4376 1242 4430 quom
1264 4360 1309 4418 ica
