3125 5075
199 509 261 567 302
641 494 797 536 SUBSTANT·
819 493 883 534 CAP.
899 493 937 533 ΙΙΙ.

199 675 279 734 hunc
302 674 445 747 sospitem
469 690 589 747 quaeso,
612 673 702 733 rebus
723 668 858 745 meis.⁶¹)
902 666 999 732 Poen-
1020 666 1059 745 V,
1079 669 1109 744 2,
1133 669 1190 731 52:
1226 668 1261 729 ln
1283 687 1336 744 pon

199 789 267 847 pam
292 771 371 831 zodia
395 778 443 849 (pu
459 767 516 831 beu
533 763 675 842 &triticeo
699 769 771 828 dare
795 785 828 829 se
851 769 929 829 velle
951 767 1107 827 aemalae.
1143 761 1182 840 V,
1199 769 1230 843 4,
1245 768 1288 829 83
1303 781 1336 844 uo

199 872 286 930 Nunc
309 868 387 943 qnod
409 869 480 929 boni
503 868 534 927 di
557 868 628 928 dunt
651 868 780 940 mihi⁶¹),
804 866 886 927 vobis
911 870 1087 940 vostraeque
1109 866 1217 938 matri,
1249 865 1336 926 Eo'd

200 976 248 1028 est
264 984 387 1041 aequom
402 967 515 1041 gratias
531 982 586 1026 nos
598 981 687 1039 egere
705 966 916 1039 sempiternas.
945 960 1086 1026 Licinius
1098 958 1229 1025 Imbrex
1240 959 1336 1026 Neue

201 1083 229 1127 v.
262 1068 294 1127 2:
330 1065 402 1124 Cum
431 1063 551 1137 quidem
576 1063 712 1122 Mavorti
739 1079 773 1122 ea
801 1063 833 1121 in
855 1061 1012 1122 conubium
1042 1062 1121 1122 date.
1166 1055 1283 1122 Naevii
1303 1055 1336 1122 el

201 1160 288 1240 giam
305 1159 430 1239 abipso
450 1159 622 1238 scriptum:
646 1161 750 1235 ltaque
771 1167 930 1234 postquam
953 1165 1000 1219 eat
1021 1157 1128 1218 &aaa
1152 1157 1285 1218 traditos
1307 1157 1336 1217 e

203 1277 302 1321 sacro.
347 1256 443 1320 Ennii
467 1255 598 1319 Medeae
628 1254 731 1319 exulis
757 1252 796 1318 ir.
824 1259 875 1319 12:
910 1257 967 1317 llle
997 1263 1171 1317 transverse
1199 1261 1300 1315 mente
1330 1273 1336 1314 r

205 1358 293 1417 hodie
316 1358 440 1416 tradidit
463 1358 615 1431 repagula.
659 1351 860 1417 Euhemerus
883 1351 921 1416 ir.
946 1358 975 1430 3,
998 1351 1051 1415 lin.
1069 1356 1125 1416 24:
1149 1353 1179 1412 in
1204 1354 1285 1413 hunc
1308 1371 1335 1413 m

209 1455 277 1514 dum
301 1453 385 1513 euobis
408 1471 445 1513 ex
468 1472 554 1514 sacra
578 1455 741 1527 scriptione
765 1454 878 1513 tradita
898 1458 953 1511 est
997 1447 1092 1513 Ennii
1115 1449 1215 1529 epigr.
1242 1454 1279 1512 2:

373 1554 429 1612 Hic
453 1558 500 1611 est
522 1553 573 1610 ille
598 1553 682 1622 situs,
705 1552 754 1610 cui
777 1568 863 1611 nemo
887 1552 960 1610 civis
983 1565 1078 1625 neque
1101 1550 1197 1609 hostis
1313 1581 1316 1586 ·

371 1650 471 1721 Quivit
493 1666 548 1722 pro
572 1648 660 1708 iactis
682 1648 803 1707 reddere
826 1650 892 1721 opis
914 1649 1054 1721 pretium.

206 1743 308 1808 Plaut.
331 1741 445 1824 fragm.
469 1761 498 1822 p.
523 1747 597 1821 484,
621 1761 650 1804 v.
672 1751 708 1808 4:
739 1747 801 1806 Iam
825 1746 880 1804 tibi
903 1746 962 1805 tuia
985 1745 1101 1803 meritis
1124 1754 1245 1803 crassus
1268 1744 1336 1804 cori·

205 1844 340 1904 redditus
356 1851 411 1904 ost.
445 1841 539 1904 Ennii
555 1840 779 1906 Andromacha
794 1839 1011 1905 Aechmalotis
1022 1836 1059 1902 fr.
1080 1845 1112 1902 l:
1136 1841 1336 1902 Andromach:

84 1999 89 2008 ,
205 1959 311 2003 nomen
339 1943 389 2016 qni
416 1941 533 2000 indidit.
579 1938 705 2003 Trabea
733 1938 771 2003 ir.
801 1938 860 2002 inc.
889 1935 950 2003 lab.
979 1956 1008 2000 v.
1031 1941 1064 2001 ὃς
1097 1940 1180 1999 Mihi
1206 1957 1239 2000 sa
1268 1940 1336 1999 dede

204 2036 308 2101 Plaut.
325 2034 391 2100 Mil.
408 2035 451 2112 ll,
467 2040 496 2113 6,
513 2040 568 2100 69:
593 2039 669 2112 Quoi
691 2056 737 2098 me
760 2039 916 2098 custodem
937 2055 1006 2098 erus
1030 2039 1144 2098 addidit
1166 2040 1255 2098 miles
1276 2053 1336 2100 meu

206 2133 278 2198 Aul.
301 2132 360 2210 Ill,
385 2138 414 2211 6,
438 2139 494 2197 20:
519 2138 612 2208 Quem
635 2138 782 2211 quondam
807 2138 872 2195 Ioni
894 2138 968 2196 Iuno
989 2136 1143 2196 custodem
1165 2136 1293 2208 addidit,
1316 2150 1336 2194 n

204 2230 334 2295 Servius
358 2231 398 2296 ad
420 2233 498 2295 Aen.
521 2235 607 2294 Icaria
629 2232 721 2307 citat,
750 2233 808 2296 sed
831 2232 892 2296 vid.
916 2231 1031 2295 Osann.
1056 2230 1139 2295 anal.
1163 2231 1235 2295 crit
1264 2231 1297 2295 in
1319 2248 1336 2295 e

204 2327 355 2393 Goelleri.
401 2328 494 2391 Ennii
518 2328 555 2391 fr.
579 2332 638 2393 inc.
656 2337 737 2410 trag.
756 2335 812 2392 27:
837 2330 1008 2406 [Umquam]
1033 2335 1190 2406 quicquam
1213 2333 1336 2407 quisque

204 2430 353 2501 armatam,
377 2432 456 2504 quod
478 2430 506 2487 ei
529 2433 695 2501 conveniat,
719 2430 829 2504 neget?
855 2428 948 2491 Ennii
965 2426 1096 2507 Telephi
1111 2425 1150 2491 fr.
1172 2431 1221 2506 13,
1245 2445 1274 2491 v.
1293 2429 1334 2492 38

204 2527 303 2599 homo,
329 2529 379 2601 qni
402 2529 517 2587 martti
540 2532 664 2588 comiter
686 2539 834 2589 monstrat
856 2531 942 2590 viam.
987 2525 1067 2590 Cato
1083 2525 1119 2588 R.
1136 2524 1173 2589 R.
1190 2544 1215 2590 c.
1232 2528 1269 2590 6:
1292 2529 1336 2601 Au

207 2626 290 2685 oleto
313 2627 511 2698 conserando,
535 2628 585 2700 qni
608 2629 637 2685 in
663 2635 781 2686 ventum
798 2629 959 2688 Favonium
985 2627 1135 2701 spectabit
1149 2635 1182 2685 et
1203 2627 1262 2686 soli
1280 2629 1336 2687 osee

205 2727 252 2781 tua
276 2725 346 2792 erit,
370 2723 447 2782 alins
470 2724 564 2783 bonus
589 2726 686 2784 nullus
710 2727 777 2784 erit.
815 2723 872 2787 ib.:
898 2727 955 2797 Qui
977 2728 1061 2784 locus
1084 2726 1152 2783 vino
1175 2725 1307 2798 optimus
1327 2739 1336 2782 t

204 2820 282 2878 citur
311 2836 377 2878 esse
407 2829 437 2878 et
465 2825 592 2882 ostentate
614 2824 678 2881 soli.
725 2820 825 2904 Ennii·
843 2820 1010 2884 Euhemer.
1034 2820 1072 2883 fr.
1098 2825 1127 2897 3,
1154 2818 1289 2883 liam:
1327 2822 1336 2880 l

204 2917 347 2975 Glaucam
376 2916 465 2976 filiam
496 2917 627 2980 Saturno
657 2923 828 2979 ostendunt.
873 2916 911 2980 ir.
937 2920 967 2993 8,
991 2921 1047 2981 46:
1070 2920 1139 2978 Ioui
1161 2920 1336 2980 ostendebar

204 3009 330 3074 Terent.
362 3012 460 3076 Andr.
492 3013 529 3083 V,
562 3023 586 3091 1,
620 3022 672 3079 12:
708 3026 798 3092 gnato
827 3026 860 3075 ut
888 3018 1056 3077 medicarer·
1083 3028 1143 3079 tno.
1190 3015 1230 3092 V,
1253 3022 1284 3093 4,
1311 3020 1332 3079 4

204 3127 291 3185 quom
319 3128 374 3184 ego
406 3114 517 3185 possim
545 3116 575 3173 in
604 3117 660 3202 hauc
683 3133 715 3174 re
745 3115 888 3174 medicari
916 3115 1009 3173 mihi?
1054 3113 1166 3177 Naevii
1191 3111 1336 3194 Quadrig

203 3205 296 3269 mini:
331 3227 384 3268 sno
407 3212 503 3270 labori
527 3215 625 3273 nullus
648 3216 774 3288 pascuit.
821 3210 922 3273 Ennii·
939 3209 1145 3289 Cresplrontis
1175 3210 1212 3275 ir.
1238 3217 1274 3275 5:
1306 3214 1336 3281 e,

204 3323 287 3365 meae
316 3325 381 3366 cnm
406 3309 483 3368 vitae
504 3328 635 3384 parcam.
680 3306 952 3386 PlanaT1·uc.ll,
975 3312 1006 3385 4,
1032 3314 1087 3372 19:
1112 3311 1235 3372 Utinam
1258 3312 1336 3386 apri

205 3405 283 3476 cipio
312 3406 356 3463 rei
379 3406 450 3465 item
474 3411 635 3481 parsissem
660 3427 759 3481 meae,
794 3410 836 3468 Ut
858 3424 935 3466 nnnc
964 3410 1100 3481 reparcis
1129 3412 1229 3472 saviis.
1275 3407 1336 3472 Poe

207 3498 243 3576 l',
268 3504 297 3578 3,
322 3503 377 3562 26:
406 3503 484 3564 Tace
508 3495 598 3580 atque
621 3524 711 3580 parce
735 3507 874 3565 muliebri
897 3507 1088 3578 supellectili.

290 3597 359 3660 Liv.
383 3598 553 3666 Andronic.
579 3601 723 3681 Aegisthi
747 3601 784 3664 ir.
808 3606 846 3664 4:
870 3604 965 3663 Nemo
989 3604 1063 3663 haec
1086 3611 1218 3664 vostrum
1242 3605 1336 3663 rumis

206 3703 255 3754 tnr
277 3698 405 3755 mulieri.
448 3696 549 3761 Naov.
577 3699 752 3762 Tarentilla
780 3697 816 3760 fr.
842 3703 875 3772 2,
910 3715 937 3760 v,
967 3702 1024 3762 76:
1058 3703 1120 3761 Alii
1142 3704 1284 3775 adnutat,
1320 3718 1337 3761 e

207 3794 352 3853 adirictnt.
397 3795 475 3856 Caio
500 3795 534 3858 li.
558 3796 595 3858 R.
619 3814 645 3858 c.
671 3802 705 3860 5:
730 3801 785 3858 Cui
808 3801 906 3859 iussus
929 3801 997 3872 siet,
1022 3803 1181 3860 auscultet.
1226 3797 1290 3861 lb.:
1314 3800 1336 3858 B

205 3890 303 3950 balcia
319 3892 502 3966 obsequitur.
548 3895 627 3957 Cato
643 3893 682 3957 de
699 3893 884 3959 Ptolemaeo
901 3902 1012 3958 contra
1027 3894 1200 3958 Thermum
1221 3913 1273 3974 ap.
1289 3892 1336 3959 Ge

205 3984 274 4062 XX,
295 3991 327 4049 1:
351 3991 409 4049 Per
431 3994 501 4053 deos
518 3995 704 4068 immortalis,
728 3999 820 4055 nolite
837 4013 888 4056 vos
910 4002 1044 4069 atque...
1069 4004 1228 4070 sequestro
1251 4011 1336 4069 ponet

275 4245 310 4310 ⁸¹)
344 4247 388 4300 Sic
406 4247 486 4301 Both.
525 4248 603 4317 l'ulg.
631 4248 667 4301 ric
692 4249 762 4303 diem
786 4250 862 4306 boenc
880 4252 1021 4320 sospitem,
1044 4264 1158 4319 quaeso,
1189 4248 1284 4303 Rana
1307 4262 1334 4299 as

203 4328 327 4397 apendra.
366 4333 411 4398 Ap
431 4330 528 4383 Melus
547 4332 612 4383 enisi
626 4333 750 4401 parariis.

205 4490 235 4543 d·
253 4412 310 4545 ἅθ’)
330 4411 375 4467 Sic
387 4412 477 4467 Herm.
493 4413 569 4467 elem.
590 4413 614 4468 d.
632 4430 667 4467 m.
687 4432 713 4485 p.
730 4418 788 4471 155.
808 4415 888 4484 iulg.
907 4414 977 4469 mibi
994 4413 1117 4468 diderat.
1138 4411 1289 4483 Scioppius
1306 4428 1336 4465 ssi

224 4509 233 4543 a
272 4501 369 4548 attans.
