3125 5075
208 342 269 404 180
641 332 769 374 VERBUU.
803 333 867 373 ΟΛΡ·
880 332 932 373 xli.

203 530 276 600 quin
309 526 346 586 ab
379 541 435 585 ano
468 525 532 583 eius
566 530 617 582 aut
644 541 755 597 proavo
785 526 962 600 cenoman,
995 525 1046 599 qui
1074 529 1145 583 sunt
1173 523 1304 596 mortni,
1336 537 1365 583 s.

202 625 343 691 Gronov.
961 658 965 671 ·

291 725 340 785 24.
387 720 559 781 Coniunctio
584 732 725 802 queem
753 738 820 780 oum
845 720 1030 780 coaetaneo
1052 709 1163 782 iunctm
1211 719 1244 794 a)
1267 720 1367 797 Qum

207 820 367 895 temporale
390 816 594 895 coniungitur
616 833 687 880 cum
711 815 910 880 conuiuuctivo
926 813 1105 895 imperfecti
1128 820 1163 879 et
1177 813 1366 897 plusquam·

203 915 351 998 perlecti,
375 932 438 978 uno
463 919 587 978 tautum
610 912 696 991 loco,
720 912 805 992 quod
828 912 940 991 seiam,
971 930 1043 977 ctum
1067 911 1147 978 coni.
1171 912 1364 992 praesentis,

203 1012 309 1078 Plaut.
333 1011 447 1077 Pseud.
470 1010 496 1091 Ι,
521 1015 550 1091 2,
575 1017 630 1074 nl:
654 1014 698 1073 Eo
721 1030 773 1072 sos
797 1020 972 1088 vostrosque
1002 1014 1077 1073 eden
1098 1014 1240 1089 pantices
1263 1013 1365 1073 made·

202 1113 318 1189 facitis,
347 1129 434 1186 quom
462 1128 516 1186 ego
546 1113 603 1171 mm
629 1112 677 1170 hic
699 1113 811 1184 siccus,
841 1108 894 1172 ubi
923 1113 1030 1172 lamen
1060 1110 1157 1173 eliam
1180 1108 1366 1174 concessiva

204 1209 304 1275 statui
327 1213 433 1288 potest
456 1204 654 1288 significatio.
697 1206 769 1270 Non
791 1206 954 1287 pertinent
981 1212 1089 1271 autem
1115 1206 1179 1270 huc
1207 1222 1317 1286 neque
1345 1206 1365 1270 ii

202 1307 279 1385 loci,
304 1306 359 1371 ubi
392 1324 482 1381 quem
515 1323 586 1369 cum
616 1304 817 1369 coniunctium
847 1305 990 1385 iungitur
1019 1310 1152 1384 propter
1182 1304 1365 1369 orationem

202 1404 362 1485 obliquam
389 1404 441 1475 (de
464 1421 526 1484 quo
550 1402 620 1467 vide
642 1402 763 1479 inlra§
789 1407 850 1479 32),
874 1419 977 1483 neque
999 1401 1038 1479 ii,
1061 1400 1114 1465 ubi
1138 1402 1363 1468 coniunctivus

202 1521 264 1566 uon
295 1501 454 1582 pendete
477 1506 556 1581 part.
587 1520 691 1575 mum,
721 1501 777 1564 sed
805 1517 863 1580 per
892 1518 926 1564 se
947 1504 1073 1565 constat
1095 1505 1128 1563 et
1149 1498 1362 1580 potentialem

202 1598 301 1664 habet
323 1596 603 1680 significationem,
633 1599 723 1663 cuius
746 1597 872 1679 generis
894 1596 997 1661 multe
1020 1596 1164 1677 exempla
1186 1598 1252 1662 iem
1276 1597 1298 1675 5
1324 1602 1361 1662 ll

201 1698 306 1763 attuli.
351 1696 403 1762 Sic
431 1696 534 1761 Plaut.
562 1695 652 1777 Capt.
680 1695 745 1776 Ill,
771 1701 800 1775 3,
831 1702 863 1760 l:
893 1698 979 1756 Nunc
1007 1698 1074 1757 illut
1101 1706 1164 1770 est,
1193 1714 1286 1771 quom
1315 1715 1360 1758 roe

200 1796 293 1857 luisse
317 1814 403 1872 quam
427 1813 494 1856 esse
518 1798 606 1856 nimio
621 1796 765 1858 mavelim.
802 1791 1108 1870 nonnullique:
1131 1796 1227 1872 Quom
1242 1802 1360 1870 patrem

199 1893 290 1954 adme
312 1895 503 1969 postulatum.
534 1895 563 1969 6,
589 1897 645 1956 ll:
669 1914 742 1970 quos
765 1912 850 1968 quom
872 1910 990 1955 cereces
1013 1895 1088 1955 Esse
1111 1895 1234 1954 amicos.
1261 1890 1359 1956 Marc

201 1987 260 2066 111,
277 1993 305 2066 2,
323 1994 357 2052 7:
383 1991 566 2052 Adulescens
589 2010 676 2066 quom
698 1994 764 2066 scis,
791 2002 852 2052 tum
875 2000 992 2068 quomst
1015 1993 1133 2064 sanguis
1148 1993 1280 2067 integer,
1306 1992 1359 2050 Rei

199 2095 230 2148 te
254 2088 444 2164 quaerundae
468 2092 607 2149 convenit
629 2108 748 2166 operam
773 2091 854 2153 dare.
881 2108 909 2153 v.
933 2093 968 2154 9:
993 2088 1118 2149 Demum
1141 2092 1249 2167 igitur,
1274 2106 1360 2163 ροισι

198 2186 257 2246 seia
286 2188 344 2246 iam
374 2203 479 2261 senex,
511 2196 572 2248 tum
601 2189 631 2247 in
667 2190 757 2248 otium
787 2190 828 2249 Te
857 2192 1004 2248 coriloees.
1051 2185 1104 2261 ΙΙΙ,
1129 2189 1184 2249 23:
1217 2188 1359 2249 Odiossst

200 2284 312 2357 oratio,
339 2303 429 2359 quom
459 2303 521 2345 rem
544 2302 632 2359 apae,
662 2287 849 2362 longinquom
879 2289 968 2362 loqui.
1020 2283 1107 2347 Pers.
1142 2282 1209 2362 ΙΙΙ,
1242 2287 1275 2352 l,
1304 2285 1355 2345 28:

199 2384 298 2442 Etiam
322 2392 383 2444 turn
406 2385 494 2460 vivit,
524 2400 609 2457 quom
636 2401 702 2444 esse
725 2384 828 2445 medos
849 2392 994 2444 mortuom
1023 2388 1123 2453 (menn
1155 2382 1197 2443 nu
1222 2378 1355 2462 qinuben

200 2475 357 2559 linnleti.)
408 2478 534 2544 Terent.
559 2479 653 2544 Andr.
679 2479 715 2557 V,
733 2483 761 2560 2,
784 2487 835 2545 15:
858 2484 950 2559 Quom
974 2482 1080 2544 laniem
1102 2481 1214 2553 videos,
1238 2483 1355 2539 videtur

199 2596 265 2641 esse
289 2583 437 2657 quantivis
459 2583 547 2655 presi.
593 2579 672 2642 Eun.
689 2577 742 2657 IV,
767 2585 795 2656 3,
821 2584 873 2642 17:
905 2598 1000 2656 neque
1023 2597 1109 2653 qaum
1131 2580 1257 2650 renites,
1287 2576 1355 2654 quid

200 2678 239 2737 sit
262 2679 352 2737 audet
376 2679 486 2740 dicere.
531 2676 569 2756 V,
596 2681 696 2752 1,22;
722 2680 805 2751 Vide,
829 2681 942 2752 amabo,
967 2682 992 2737 si
1015 2697 1083 2745 non,
1104 2695 1193 2749 quom
1217 2677 1352 2749 aspicia

198 2791 231 2834 0e
254 2777 400 2849 inpudens
422 2770 558 2835 Videtur.

283 2868 381 2932 Prisc.
406 2869 497 2941 VlII,
527 2890 555 2950 p.
585 2876 646 2937 817
681 2890 720 2936 ex
747 2872 814 2935 Liv.
846 2872 983 2937 Andron.
1019 2871 1077 2935 0d.
1110 2870 1129 2935 1.
1161 2871 1235 2934 XX:
1269 2888 1352 2946 quon

198 2972 297 3030 socios
323 2975 440 3030 nostros
463 2972 665 3035 moedidissel.
712 2972 805 3035 Ennii
828 2970 930 3035 annal.
955 2968 1124 3045 l.V11‚fr.
1152 2973 1202 3046 10,
1225 2989 1251 3031 v.
1277 2962 1350 3030 241:

196 3084 330 3143 magnum
361 3085 426 3126 cum
458 3069 553 3130 lassus
583 3073 640 3131 diei
664 3075 780 3133 Partem
809 3073 923 3144 suisset.
975 3067 1069 3131 Ennii
1092 3065 1295 3130 Euhemerus
1316 3060 1350 3125 ir.

199 3166 247 3240 ll,
270 3169 325 3227 47:
348 3183 414 3225 cum
436 3174 533 3228 terras
555 3171 702 3230 circuiret.
734 3167 837 3232 Plaut.
861 3167 956 3231 Mene.
975 3165 1012 3241 V,
1034 3172 1064 3242 4,
1092 3170 1146 3229 19;
1170 3182 1260 3240 quom
1283 3165 1348 3222 iret

195 3257 288 3325 Truc.
314 3260 346 3339 Ι,
370 3266 403 3339 2,
428 3267 485 3326 61:
520 3284 608 3340 quom
631 3270 717 3339 illuc,
740 3268 816 3342 quod
841 3267 919 3342 apud
942 3284 994 3326 vos
1017 3283 1094 3325 nunc
1116 3269 1181 3336 est,
1210 3261 1290 3337 apud
1306 3275 1349 3318 me

195 3357 410 3439 encaenii,
434 3365 463 3438 4,
488 3364 527 3426 29
544 3379 608 3441 sq:
633 3367 741 3424 Verum
764 3371 928 3440 tempestae
951 3365 1069 3422 memini
1092 3378 1178 3438 quom
1203 3359 1348 3435 quondam

194 3452 259 3523 fuit,
283 3459 377 3534 Quom
399 3464 478 3520 inter
501 3478 554 3520 noe
576 3462 761 3522 sordercmue
784 3463 981 3522 alteralteri.
1012 3458 1140 3523 Terent.
1164 3454 1248 3518 Eun.
1272 3451 1348 3535 prul

194 3567 223 3613 v.
246 3556 302 3615 22:
326 3557 519 3630 Magistratus
543 3575 629 3632 quom
645 3560 684 3618 ibi
700 3559 822 3636 conset,
846 3567 1001 3633 occeptast
1017 3560 1073 3633 agi.
1105 3553 1303 3618 ludicativus
1318 3556 1349 3614 et

193 3648 412 3715 coniunctivus
442 3653 600 3718 coniuncti
630 3659 704 3718 sunt
747 3655 795 3734 11,
826 3660 859 3734 3,
887 3661 943 3719 41:
970 3657 1121 3715 mensibus
1144 3654 1204 3713 Sex
1235 3660 1348 3728 septem

192 3764 315 3822 prensus
343 3767 401 3810 nou
429 3752 537 3812 vidisse
567 3757 734 3831 proxumis,
767 3757 833 3816 Nisi
860 3773 950 3828 nunc,
978 3771 1067 3828 quom
1096 3753 1226 3811 minuma
1248 3751 1348 3810 uellent

190 3846 377 3922 minimeque
407 3866 481 3923 opus
511 3851 579 3923 fuit.
625 3849 729 3915 Etiam
762 3850 794 3915 in
822 3851 940 3915 iterata
967 3852 1092 3914 actione
1122 3847 1255 3927 ponitur
1277 3861 1346 3909 con-

190 3938 360 4005 iunctivus.
405 3942 457 4023 Sic
481 3945 573 4010 Ennii
597 3946 795 4014 Euhemerus
820 3948 858 4013 fr.
880 3953 925 4018 ll,
948 3947 1002 4011 lin.
1025 3953 1080 4011 49:
1102 3965 1168 4007 cam
1189 3940 1345 4021 equoque

189 4040 402 4114 diprederctnr.
447 4041 550 4108 Plaut.
574 4043 688 4110 Bacch.
712 4044 772 4124 ΙΙΙ,
797 4052 826 4126 3,
850 4050 903 4112 29;
926 4049 1021 4126 Quom
1042 4049 1150 4108 librum
1172 4045 1299 4120 kperee,
1321 4047 1345 4104 si

190 4132 251 4218 [in]
276 4158 334 4200 una
355 4146 545 4215 peccavisses
568 4147 692 4223 sullana,
717 4147 819 4205 Fieret
840 4149 915 4208 cett.

278 4234 309 4312 b)
352 4240 450 4317 Quum
477 4243 604 4304 munau.
653 4241 756 4305 Pluut.
788 4241 875 4307 Asin.
904 4260 932 4308 v,
964 4245 1014 4307 80.
1045 4241 1136 4322 Capi.
1164 4240 1198 4318 Ι,
1228 4248 1265 4325 2,
1292 4249 1345 4308 43²

190 4335 315 4397 Alienus
347 4355 433 4411 quom
466 4343 529 4402 eius
563 4343 778 4403 incommodum
812 4344 874 4404 tam
907 4359 997 4419 aegre
1030 4344 1122 4416 feras.
1172 4341 1287 4409 Bacelu
1315 4361 1339 4402 v·
