<?xml version="1.0" encoding="UTF-8"?>
<!DOCTYPE html PUBLIC "-//W3C//DTD XHTML 1.0 Transitional//EN"
    "http://www.w3.org/TR/xhtml1/DTD/xhtml1-transitional.dtd">
<html xmlns="http://www.w3.org/1999/xhtml" xml:lang="en" lang="en">
 <head>
  <title>
</title>
<meta http-equiv="Content-Type" content="text/html;charset=utf-8" />
  <meta name='ocr-system' content='tesseract 3.04.00' />
  <meta name='ocr-capabilities' content='ocr_page ocr_carea ocr_par ocr_line ocrx_word'/>
</head>
<body>
  <div class='ocr_page' id='page_1' title='image "./syntaxispriscor00holtgoog_0396.png"; bbox 0 0 3125 5075; ppageno 0'>
   <div class='ocr_carea' id='block_1_1' title="bbox 164 191 171 550">
    <p class='ocr_par' dir='ltr' id='par_1_1' title="bbox 164 191 171 550">
     <span class='ocr_line' id='line_1_1' title="bbox 164 191 171 406; baseline 0 -84"><span class='ocrx_word' id='word_1_1' title='bbox 164 191 171 406; x_wconf 82' lang='lat' dir='ltr'><strong>l</strong></span> 
     </span>
     <span class='ocr_line' id='line_1_2' title="bbox 165 415 169 550; baseline 0 0"><span class='ocrx_word' id='word_1_2' title='bbox 165 415 169 550; x_wconf 83' lang='lat' dir='ltr'><strong>l</strong></span> 
     </span>
    </p>
   </div>
   <div class='ocr_carea' id='block_1_2' title="bbox 165 539 1365 726">
    <p class='ocr_par' dir='ltr' id='par_1_2' title="bbox 165 539 1365 726">
     <span class='ocr_line' id='line_1_3' title="bbox 165 539 1362 624; baseline 0.008 -22"><span class='ocrx_word' id='word_1_3' title='bbox 165 557 167 566; x_wconf 92' lang='grc'><em>·</em></span> <span class='ocrx_word' id='word_1_4' title='bbox 223 540 270 604; x_wconf 79' lang='lat' dir='ltr'><strong>tina</strong></span> <span class='ocrx_word' id='word_1_5' title='bbox 286 539 430 607; x_wconf 78' lang='lat' dir='ltr'><strong>Plocium</strong></span> <span class='ocrx_word' id='word_1_6' title='bbox 451 539 488 607; x_wconf 84' lang='lat' dir='ltr'><strong>fr.</strong></span> <span class='ocrx_word' id='word_1_7' title='bbox 515 548 544 621; x_wconf 92' lang='lat' dir='ltr'><strong>l,</strong></span> <span class='ocrx_word' id='word_1_8' title='bbox 567 561 596 608; x_wconf 85' lang='lat' dir='ltr'><strong>v.</strong></span> <span class='ocrx_word' id='word_1_9' title='bbox 624 548 697 609; x_wconf 80' lang='lat'>148:</span> <span class='ocrx_word' id='word_1_10' title='bbox 740 552 789 609; x_wconf 82' lang='lat' dir='ltr'><strong>Au</strong></span> <span class='ocrx_word' id='word_1_11' title='bbox 820 567 895 624; x_wconf 90' lang='lat' dir='ltr'><strong>quae</strong></span> <span class='ocrx_word' id='word_1_12' title='bbox 920 548 992 607; x_wconf 90' lang='lat' dir='ltr'><strong>mihi</strong></span> <span class='ocrx_word' id='word_1_13' title='bbox 1014 547 1159 622; x_wconf 74' lang='lat' dir='ltr'><strong>quiapuia</strong></span> <span class='ocrx_word' id='word_1_14' title='bbox 1179 551 1298 624; x_wconf 89' lang='lat' dir='ltr'><strong>placet,</strong></span> <span class='ocrx_word' id='word_1_15' title='bbox 1325 569 1362 612; x_wconf 89' lang='lat' dir='ltr'><strong>eo</strong></span> 
     </span>
     <span class='ocr_line' id='line_1_4' title="bbox 213 641 1365 726; baseline 0.006 -25"><span class='ocrx_word' id='word_1_16' title='bbox 213 641 313 717; x_wconf 78' lang='lat' dir='ltr'><strong>privat,</strong></span> <span class='ocrx_word' id='word_1_17' title='bbox 344 650 495 704; x_wconf 73' lang='lat' dir='ltr'><strong>renatam</strong></span> <span class='ocrx_word' id='word_1_18' title='bbox 522 643 635 704; x_wconf 78' lang='lat' dir='ltr'><strong>velim?</strong></span> <span class='ocrx_word' id='word_1_19' title='bbox 679 642 806 709; x_wconf 85' lang='lat' dir='ltr'>Terent.</span> <span class='ocrx_word' id='word_1_20' title='bbox 836 644 961 708; x_wconf 90' lang='lat' dir='ltr'><strong>Phorm.</strong></span> <span class='ocrx_word' id='word_1_21' title='bbox 984 643 1027 724; x_wconf 93' lang='lat' dir='ltr'><strong>ll,</strong></span> <span class='ocrx_word' id='word_1_22' title='bbox 1057 649 1084 720; x_wconf 94' lang='lat' dir='ltr'><strong>l,</strong></span> <span class='ocrx_word' id='word_1_23' title='bbox 1115 648 1168 709; x_wconf 82' lang='lat'><strong>16:</strong></span> <span class='ocrx_word' id='word_1_24' title='bbox 1213 649 1365 726; x_wconf 73' lang='lat' dir='ltr'><strong>Quidquid</strong></span> 
     </span>
    </p>
   </div>
   <div class='ocr_carea' id='block_1_3' title="bbox 544 368 1361 442">
    <p class='ocr_par' dir='ltr' id='par_1_3' title="bbox 544 368 1361 442">
     <span class='ocr_line' id='line_1_5' title="bbox 544 368 1361 442; baseline 0.007 -36"><span class='ocrx_word' id='word_1_25' title='bbox 544 368 582 406; x_wconf 84' lang='lat'><strong>111.</strong></span> <span class='ocrx_word' id='word_1_26' title='bbox 609 371 767 409; x_wconf 71' lang='lat' dir='ltr'><strong>l&#39;ltoa&#39;oalara</strong></span> <span class='ocrx_word' id='word_1_27' title='bbox 784 371 958 411; x_wconf 71' lang='lat' dir='ltr'><strong>transsit-&#39;elo</strong></span> <span class='ocrx_word' id='word_1_28' title='bbox 1299 387 1361 442; x_wconf 71' lang='lat'><strong>377</strong></span> 
     </span>
    </p>
   </div>
   <div class='ocr_carea' id='block_1_4' title="bbox 198 743 1363 2591">
    <p class='ocr_par' dir='ltr' id='par_1_4' title="bbox 205 743 1361 926">
     <span class='ocr_line' id='line_1_6' title="bbox 209 743 1361 826; baseline 0.007 -27"><span class='ocrx_word' id='word_1_29' title='bbox 209 747 318 812; x_wconf 86' lang='lat' dir='ltr'><strong>praeter</strong></span> <span class='ocrx_word' id='word_1_30' title='bbox 340 758 424 819; x_wconf 82' lang='lat' dir='ltr'><strong>apem</strong></span> <span class='ocrx_word' id='word_1_31' title='bbox 447 743 576 817; x_wconf 81' lang='lat' dir='ltr'><strong>eveniat,</strong></span> <span class='ocrx_word' id='word_1_32' title='bbox 615 760 701 806; x_wconf 83' lang='lat' dir='ltr'><strong>omne</strong></span> <span class='ocrx_word' id='word_1_33' title='bbox 723 743 754 803; x_wconf 92' lang='lat' dir='ltr'><strong>id</strong></span> <span class='ocrx_word' id='word_1_34' title='bbox 777 745 924 819; x_wconf 80' lang='lat' dir='ltr'><strong>deputare</strong></span> <span class='ocrx_word' id='word_1_35' title='bbox 946 761 1012 805; x_wconf 88' lang='lat' dir='ltr'><strong>essa</strong></span> <span class='ocrx_word' id='word_1_36' title='bbox 1035 746 1066 805; x_wconf 94' lang='lat' dir='ltr'><strong>in</strong></span> <span class='ocrx_word' id='word_1_37' title='bbox 1088 746 1182 807; x_wconf 88' lang='lat' dir='ltr'><strong>luero.</strong></span> <span class='ocrx_word' id='word_1_38' title='bbox 1226 743 1361 826; x_wconf 82' lang='lat' dir='ltr'><strong>Adelph.</strong></span> 
     </span>
     <span class='ocr_line' id='line_1_7' title="bbox 205 833 1361 926; baseline 0.003 -24"><span class='ocrx_word' id='word_1_39' title='bbox 205 833 251 916; x_wconf 78' lang='lat' dir='ltr'><strong>lll</strong></span> <span class='ocrx_word' id='word_1_40' title='bbox 266 842 296 919; x_wconf 84' lang='lat'><strong>2,</strong></span> <span class='ocrx_word' id='word_1_41' title='bbox 312 846 377 905; x_wconf 83' lang='lat'><strong>44:</strong></span> <span class='ocrx_word' id='word_1_42' title='bbox 402 843 595 926; x_wconf 80' lang='lat' dir='ltr'>Quapropter</span> <span class='ocrx_word' id='word_1_43' title='bbox 610 861 723 920; x_wconf 82' lang='lat' dir='ltr'><strong>quoquo</strong></span> <span class='ocrx_word' id='word_1_44' title='bbox 743 850 833 917; x_wconf 86' lang='lat' dir='ltr'><strong>pacto</strong></span> <span class='ocrx_word' id='word_1_45' title='bbox 853 844 975 903; x_wconf 88' lang='lat' dir='ltr'><strong>taeitost</strong></span> <span class='ocrx_word' id='word_1_46' title='bbox 995 860 1077 917; x_wconf 89' lang='lat' dir='ltr'><strong>opos.</strong></span> <span class='ocrx_word' id='word_1_47' title='bbox 1101 839 1179 906; x_wconf 89' lang='lat' dir='ltr'><strong>Hee.</strong></span> <span class='ocrx_word' id='word_1_48' title='bbox 1190 841 1216 922; x_wconf 94' lang='lat' dir='ltr'><strong>I,</strong></span> <span class='ocrx_word' id='word_1_49' title='bbox 1232 847 1259 923; x_wconf 90' lang='lat'><strong>1,</strong></span> <span class='ocrx_word' id='word_1_50' title='bbox 1273 846 1292 906; x_wconf 89' lang='grc'><strong>6</strong></span> <span class='ocrx_word' id='word_1_51' title='bbox 1304 861 1361 923; x_wconf 77' lang='lat' dir='ltr'><strong>sep:</strong></span> 
     </span>
    </p>

    <p class='ocr_par' dir='ltr' id='par_1_5' title="bbox 827 943 1258 1016">
     <span class='ocr_line' id='line_1_8' title="bbox 827 943 1258 1016; baseline 0.009 -16"><span class='ocrx_word' id='word_1_52' title='bbox 827 943 893 1016; x_wconf 86' lang='lat' dir='ltr'><strong>Ego</strong></span> <span class='ocrx_word' id='word_1_53' title='bbox 915 947 1079 1015; x_wconf 87' lang='lat' dir='ltr'><strong>propterea</strong></span> <span class='ocrx_word' id='word_1_54' title='bbox 1100 946 1131 1000; x_wconf 89' lang='lat' dir='ltr'><strong>te</strong></span> <span class='ocrx_word' id='word_1_55' title='bbox 1155 943 1258 1004; x_wconf 89' lang='lat' dir='ltr'><strong>sedulo</strong></span> 
     </span>
    </p>

    <p class='ocr_par' dir='ltr' id='par_1_6' title="bbox 366 1040 1180 1114">
     <span class='ocr_line' id='line_1_9' title="bbox 366 1040 1180 1114; baseline 0 -15"><span class='ocrx_word' id='word_1_56' title='bbox 366 1041 410 1100; x_wconf 89' lang='lat' dir='ltr'><strong>Et</strong></span> <span class='ocrx_word' id='word_1_57' title='bbox 432 1058 539 1101; x_wconf 89' lang='lat' dir='ltr'><strong>moneo</strong></span> <span class='ocrx_word' id='word_1_58' title='bbox 561 1049 592 1100; x_wconf 90' lang='lat' dir='ltr'><strong>et</strong></span> <span class='ocrx_word' id='word_1_59' title='bbox 614 1042 728 1113; x_wconf 90' lang='lat' dir='ltr'><strong>hortor,</strong></span> <span class='ocrx_word' id='word_1_60' title='bbox 752 1056 789 1098; x_wconf 89' lang='lat' dir='ltr'><strong>na</strong></span> <span class='ocrx_word' id='word_1_61' title='bbox 813 1041 1006 1114; x_wconf 82' lang='lat' dir='ltr'><strong>quoiusquam</strong></span> <span class='ocrx_word' id='word_1_62' title='bbox 1029 1040 1180 1114; x_wconf 86' lang='lat' dir='ltr'><strong>misereat,</strong></span> 
     </span>
    </p>

    <p class='ocr_par' dir='ltr' id='par_1_7' title="bbox 198 1139 1363 2591">
     <span class='ocr_line' id='line_1_10' title="bbox 371 1139 1249 1215; baseline 0.002 -17"><span class='ocrx_word' id='word_1_63' title='bbox 371 1140 450 1212; x_wconf 80' lang='lat' dir='ltr'><strong>Quin</strong></span> <span class='ocrx_word' id='word_1_64' title='bbox 474 1142 585 1215; x_wconf 84' lang='lat' dir='ltr'>spolies</span> <span class='ocrx_word' id='word_1_65' title='bbox 608 1139 728 1199; x_wconf 88' lang='lat' dir='ltr'><strong>mutiles</strong></span> <span class='ocrx_word' id='word_1_66' title='bbox 750 1140 867 1196; x_wconf 88' lang='lat' dir='ltr'><strong>laceres</strong></span> <span class='ocrx_word' id='word_1_67' title='bbox 890 1154 1061 1210; x_wconf 85' lang='lat' dir='ltr'><strong>quemquem</strong></span> <span class='ocrx_word' id='word_1_68' title='bbox 1082 1143 1172 1197; x_wconf 88' lang='lat' dir='ltr'><strong>nacta</strong></span> <span class='ocrx_word' id='word_1_69' title='bbox 1196 1139 1249 1211; x_wconf 88' lang='lat' dir='ltr'><strong>sia,</strong></span> 
     </span>
     <span class='ocr_line' id='line_1_11' title="bbox 201 1232 1361 1313; baseline 0.002 -16"><span class='ocrx_word' id='word_1_70' title='bbox 201 1232 233 1297; x_wconf 87' lang='lat' dir='ltr'><strong>de</strong></span> <span class='ocrx_word' id='word_1_71' title='bbox 246 1250 316 1313; x_wconf 89' lang='lat' dir='ltr'><strong>quo</strong></span> <span class='ocrx_word' id='word_1_72' title='bbox 337 1232 411 1299; x_wconf 91' lang='lat' dir='ltr'><strong>loco</strong></span> <span class='ocrx_word' id='word_1_73' title='bbox 427 1234 574 1300; x_wconf 86' lang='lat' dir='ltr'><strong>Klotzius</strong></span> <span class='ocrx_word' id='word_1_74' title='bbox 595 1235 628 1298; x_wconf 92' lang='lat' dir='ltr'><strong>in</strong></span> <span class='ocrx_word' id='word_1_75' title='bbox 644 1252 778 1299; x_wconf 86' lang='lat' dir='ltr'><strong>censura</strong></span> <span class='ocrx_word' id='word_1_76' title='bbox 793 1233 926 1313; x_wconf 84' lang='lat' dir='ltr'>Nepotis</span> <span class='ocrx_word' id='word_1_77' title='bbox 949 1233 996 1297; x_wconf 93' lang='lat' dir='ltr'><strong>ed.</strong></span> <span class='ocrx_word' id='word_1_78' title='bbox 1014 1233 1153 1298; x_wconf 89' lang='lat' dir='ltr'><strong>Beneek.</strong></span> <span class='ocrx_word' id='word_1_79' title='bbox 1170 1252 1241 1298; x_wconf 90' lang='lat' dir='ltr'><strong>nov.</strong></span> <span class='ocrx_word' id='word_1_80' title='bbox 1258 1234 1361 1299; x_wconf 89' lang='lat' dir='ltr'><strong>annal.</strong></span> 
     </span>
     <span class='ocr_line' id='line_1_12' title="bbox 198 1329 1362 1412; baseline -0.002 -15"><span class='ocrx_word' id='word_1_81' title='bbox 198 1329 262 1410; x_wconf 87' lang='lat' dir='ltr'><strong>plil</strong></span> <span class='ocrx_word' id='word_1_82' title='bbox 289 1336 391 1411; x_wconf 83' lang='grc'>1846,</span> <span class='ocrx_word' id='word_1_83' title='bbox 414 1334 475 1398; x_wconf 87' lang='lat' dir='ltr'><strong>vol.</strong></span> <span class='ocrx_word' id='word_1_84' title='bbox 498 1337 550 1411; x_wconf 83' lang='lat'><strong>46,</strong></span> <span class='ocrx_word' id='word_1_85' title='bbox 573 1337 649 1397; x_wconf 89' lang='lat' dir='ltr'><strong>sect.</strong></span> <span class='ocrx_word' id='word_1_86' title='bbox 676 1337 703 1411; x_wconf 91' lang='grc'><strong>1,</strong></span> <span class='ocrx_word' id='word_1_87' title='bbox 727 1349 757 1412; x_wconf 93' lang='lat' dir='ltr'><strong>p.</strong></span> <span class='ocrx_word' id='word_1_88' title='bbox 781 1335 839 1395; x_wconf 88' lang='lat'><strong>83:</strong></span> <span class='ocrx_word' id='word_1_89' title='bbox 868 1332 1004 1409; x_wconf 88' lang='lat' dir='ltr'><strong>„Forma</strong></span> <span class='ocrx_word' id='word_1_90' title='bbox 1024 1351 1194 1408; x_wconf 76' lang='lat' dir='ltr'><strong>quanquam</strong></span> <span class='ocrx_word' id='word_1_91' title='bbox 1219 1331 1253 1395; x_wconf 91' lang='lat' dir='ltr'><strong>in</strong></span> <span class='ocrx_word' id='word_1_92' title='bbox 1275 1332 1362 1397; x_wconf 89' lang='lat' dir='ltr'><strong>codi-</strong></span> 
     </span>
     <span class='ocr_line' id='line_1_13' title="bbox 203 1428 1360 1512; baseline 0.002 -19"><span class='ocrx_word' id='word_1_93' title='bbox 203 1429 284 1495; x_wconf 78' lang='lat' dir='ltr'><strong>cibus</strong></span> <span class='ocrx_word' id='word_1_94' title='bbox 301 1429 378 1497; x_wconf 82' lang='lat' dir='ltr'><strong>iere</strong></span> <span class='ocrx_word' id='word_1_95' title='bbox 401 1449 527 1512; x_wconf 85' lang='lat' dir='ltr'>semper</span> <span class='ocrx_word' id='word_1_96' title='bbox 550 1435 701 1510; x_wconf 87' lang='lat' dir='ltr'><strong>corrupta</strong></span> <span class='ocrx_word' id='word_1_97' title='bbox 724 1436 783 1507; x_wconf 89' lang='lat' dir='ltr'><strong>est,</strong></span> <span class='ocrx_word' id='word_1_98' title='bbox 807 1447 879 1493; x_wconf 89' lang='lat' dir='ltr'><strong>nam</strong></span> <span class='ocrx_word' id='word_1_99' title='bbox 902 1428 962 1493; x_wconf 92' lang='lat' dir='ltr'><strong>hoc</strong></span> <span class='ocrx_word' id='word_1_100' title='bbox 984 1446 1111 1509; x_wconf 88' lang='lat' dir='ltr'><strong>quoque</strong></span> <span class='ocrx_word' id='word_1_101' title='bbox 1134 1429 1202 1494; x_wconf 92' lang='lat' dir='ltr'><strong>loco</strong></span> <span class='ocrx_word' id='word_1_102' title='bbox 1225 1431 1360 1509; x_wconf 88' lang='lat' dir='ltr'><strong>perboni</strong></span> 
     </span>
     <span class='ocr_line' id='line_1_14' title="bbox 209 1527 1360 1606; baseline 0.002 -15"><span class='ocrx_word' id='word_1_103' title='bbox 209 1527 283 1593; x_wconf 83' lang='lat' dir='ltr'><strong>codd</strong></span> <span class='ocrx_word' id='word_1_104' title='bbox 305 1527 433 1604; x_wconf 83' lang='lat' dir='ltr'><strong>habent</strong></span> <span class='ocrx_word' id='word_1_105' title='bbox 454 1549 603 1605; x_wconf 77' lang='lat' dir='ltr'><strong>quemque,</strong></span> <span class='ocrx_word' id='word_1_106' title='bbox 626 1545 688 1592; x_wconf 92' lang='lat' dir='ltr'><strong>non</strong></span> <span class='ocrx_word' id='word_1_107' title='bbox 710 1546 894 1605; x_wconf 80' lang='lat' dir='ltr'><strong>quemquern,</strong></span> <span class='ocrx_word' id='word_1_108' title='bbox 921 1527 1006 1606; x_wconf 91' lang='lat' dir='ltr'><strong>quod</strong></span> <span class='ocrx_word' id='word_1_109' title='bbox 1029 1535 1135 1592; x_wconf 89' lang='lat' dir='ltr'><strong>tamen</strong></span> <span class='ocrx_word' id='word_1_110' title='bbox 1157 1546 1267 1592; x_wconf 90' lang='lat' dir='ltr'><strong>verum</strong></span> <span class='ocrx_word' id='word_1_111' title='bbox 1290 1546 1360 1593; x_wconf 89' lang='lat' dir='ltr'><strong>esse</strong></span> 
     </span>
     <span class='ocr_line' id='line_1_15' title="bbox 210 1625 1362 1692; baseline -0.002 -2"><span class='ocrx_word' id='word_1_112' title='bbox 210 1629 261 1690; x_wconf 80' lang='lat' dir='ltr'><strong>lim</strong></span> <span class='ocrx_word' id='word_1_113' title='bbox 283 1632 385 1692; x_wconf 84' lang='lat' dir='ltr'><strong>vetus</strong></span> <span class='ocrx_word' id='word_1_114' title='bbox 408 1634 521 1692; x_wconf 78' lang='lat' dir='ltr'><strong>auctor</strong></span> <span class='ocrx_word' id='word_1_115' title='bbox 543 1632 611 1691; x_wconf 91' lang='lat' dir='ltr'><strong>tum</strong></span> <span class='ocrx_word' id='word_1_116' title='bbox 633 1626 791 1691; x_wconf 87' lang='lat' dir='ltr'><strong>sententio</strong></span> <span class='ocrx_word' id='word_1_117' title='bbox 805 1625 865 1690; x_wconf 90' lang='lat' dir='ltr'><strong>loci</strong></span> <span class='ocrx_word' id='word_1_118' title='bbox 882 1630 972 1691; x_wconf 86' lang='lat' dir='ltr'><strong>extra</strong></span> <span class='ocrx_word' id='word_1_119' title='bbox 988 1644 1111 1689; x_wconf 89' lang='lat' dir='ltr'><strong>omnem</strong></span> <span class='ocrx_word' id='word_1_120' title='bbox 1130 1625 1362 1690; x_wconf 79' lang='lat' dir='ltr'><strong>dubitationem</strong></span> 
     </span>
     <span class='ocr_line' id='line_1_16' title="bbox 209 1722 1363 1804; baseline -0.002 -16"><span class='ocrx_word' id='word_1_121' title='bbox 209 1725 295 1802; x_wconf 90' lang='lat' dir='ltr'><strong>ponit.</strong></span> <span class='ocrx_word' id='word_1_122' title='bbox 342 1726 468 1789; x_wconf 86' lang='lat' dir='ltr'><strong>Auctor</strong></span> <span class='ocrx_word' id='word_1_123' title='bbox 490 1725 541 1789; x_wconf 91' lang='lat' dir='ltr'><strong>ille</strong></span> <span class='ocrx_word' id='word_1_124' title='bbox 564 1733 656 1790; x_wconf 89' lang='lat' dir='ltr'><strong>vetus</strong></span> <span class='ocrx_word' id='word_1_125' title='bbox 680 1730 731 1789; x_wconf 90' lang='lat' dir='ltr'><strong>ast</strong></span> <span class='ocrx_word' id='word_1_126' title='bbox 753 1723 924 1789; x_wconf 87' lang='lat' dir='ltr'><strong>Cledonius</strong></span> <span class='ocrx_word' id='word_1_127' title='bbox 946 1742 977 1804; x_wconf 87' lang='lat' dir='ltr'><strong>p.</strong></span> <span class='ocrx_word' id='word_1_128' title='bbox 1002 1728 1084 1788; x_wconf 80' lang='lat'>1908</span> <span class='ocrx_word' id='word_1_129' title='bbox 1105 1722 1251 1788; x_wconf 90' lang='lat' dir='ltr'><strong>Putsch.:</strong></span> <span class='ocrx_word' id='word_1_130' title='bbox 1276 1727 1363 1801; x_wconf 76' lang='lat' dir='ltr'><strong>Quis</strong></span> 
     </span>
     <span class='ocr_line' id='line_1_17' title="bbox 207 1820 1362 1902; baseline 0 -17"><span class='ocrx_word' id='word_1_131' title='bbox 207 1825 268 1899; x_wconf 78' lang='lat' dir='ltr'><strong>qaia,</strong></span> <span class='ocrx_word' id='word_1_132' title='bbox 291 1826 403 1898; x_wconf 79' lang='lat' dir='ltr'><strong>euicui,</strong></span> <span class='ocrx_word' id='word_1_133' title='bbox 427 1843 605 1902; x_wconf 77' lang='lat' dir='ltr'><strong>queruquem,</strong></span> <span class='ocrx_word' id='word_1_134' title='bbox 622 1829 660 1887; x_wconf 91' lang='lat' dir='ltr'><strong>ut</strong></span> <span class='ocrx_word' id='word_1_135' title='bbox 674 1823 858 1888; x_wconf 84' lang='lat' dir='ltr'><strong>Terentius:</strong></span> <span class='ocrx_word' id='word_1_136' title='bbox 883 1841 1053 1899; x_wconf 76' lang='lat' dir='ltr'><strong>qucuaqucm</strong></span> <span class='ocrx_word' id='word_1_137' title='bbox 1067 1829 1157 1884; x_wconf 80' lang='lat' dir='ltr'><strong>nuato</strong></span> <span class='ocrx_word' id='word_1_138' title='bbox 1174 1821 1245 1884; x_wconf 80' lang='lat' dir='ltr'><strong>sia.“</strong></span> <span class='ocrx_word' id='word_1_139' title='bbox 1269 1820 1362 1885; x_wconf 85' lang='lat' dir='ltr'><strong>Com·</strong></span> 
     </span>
     <span class='ocr_line' id='line_1_18' title="bbox 210 1919 1362 2001; baseline -0.001 -17"><span class='ocrx_word' id='word_1_140' title='bbox 210 1920 340 1998; x_wconf 88' lang='lat' dir='ltr'><strong>positum</strong></span> <span class='ocrx_word' id='word_1_141' title='bbox 364 1925 415 1984; x_wconf 91' lang='lat' dir='ltr'><strong>est</strong></span> <span class='ocrx_word' id='word_1_142' title='bbox 436 1919 633 1986; x_wconf 89' lang='lat' dir='ltr'><strong>indefinitum</strong></span> <span class='ocrx_word' id='word_1_143' title='bbox 656 1924 881 1999; x_wconf 65' lang='lat' dir='ltr'><strong>unuquisque,</strong></span> <span class='ocrx_word' id='word_1_144' title='bbox 920 1938 981 2001; x_wconf 93' lang='lat' dir='ltr'><strong>quo</strong></span> <span class='ocrx_word' id='word_1_145' title='bbox 1003 1921 1053 2000; x_wconf 93' lang='lat' dir='ltr'><strong>id,</strong></span> <span class='ocrx_word' id='word_1_146' title='bbox 1080 1920 1165 2000; x_wconf 92' lang='lat' dir='ltr'><strong>quod</strong></span> <span class='ocrx_word' id='word_1_147' title='bbox 1187 1920 1227 1983; x_wconf 89' lang='lat' dir='ltr'><strong>ad</strong></span> <span class='ocrx_word' id='word_1_148' title='bbox 1253 1936 1362 1984; x_wconf 88' lang='lat' dir='ltr'><strong>omncs</strong></span> 
     </span>
     <span class='ocr_line' id='line_1_19' title="bbox 214 2018 1362 2099; baseline 0.001 -19"><span class='ocrx_word' id='word_1_149' title='bbox 214 2024 337 2097; x_wconf 80' lang='lat' dir='ltr'><strong>spectet,</strong></span> <span class='ocrx_word' id='word_1_150' title='bbox 363 2020 459 2083; x_wconf 86' lang='lat' dir='ltr'><strong>etiam</strong></span> <span class='ocrx_word' id='word_1_151' title='bbox 482 2019 514 2083; x_wconf 90' lang='lat' dir='ltr'><strong>in</strong></span> <span class='ocrx_word' id='word_1_152' title='bbox 536 2018 679 2099; x_wconf 87' lang='lat' dir='ltr'><strong>singulos</strong></span> <span class='ocrx_word' id='word_1_153' title='bbox 703 2020 817 2084; x_wconf 90' lang='lat' dir='ltr'><strong>eadere</strong></span> <span class='ocrx_word' id='word_1_154' title='bbox 839 2019 998 2082; x_wconf 85' lang='lat' dir='ltr'><strong>indicatur</strong></span> <span class='ocrx_word' id='word_1_155' title='bbox 1020 2023 1054 2081; x_wconf 91' lang='lat' dir='ltr'><strong>et</strong></span> <span class='ocrx_word' id='word_1_156' title='bbox 1075 2018 1164 2082; x_wconf 89' lang='lat' dir='ltr'><strong>verbi</strong></span> <span class='ocrx_word' id='word_1_157' title='bbox 1186 2018 1274 2081; x_wconf 90' lang='lat' dir='ltr'><strong>notio</strong></span> <span class='ocrx_word' id='word_1_158' title='bbox 1289 2035 1362 2081; x_wconf 89' lang='lat' dir='ltr'><strong>con·</strong></span> 
     </span>
     <span class='ocr_line' id='line_1_20' title="bbox 216 2113 1362 2197; baseline 0 -19"><span class='ocrx_word' id='word_1_159' title='bbox 216 2113 349 2180; x_wconf 83' lang='lat' dir='ltr'><strong>imum</strong></span> <span class='ocrx_word' id='word_1_160' title='bbox 373 2116 540 2196; x_wconf 87' lang='lat' dir='ltr'><strong>(Schmidt.</strong></span> <span class='ocrx_word' id='word_1_161' title='bbox 563 2118 603 2181; x_wconf 94' lang='lat' dir='ltr'><strong>de</strong></span> <span class='ocrx_word' id='word_1_162' title='bbox 626 2134 714 2197; x_wconf 90' lang='lat' dir='ltr'><strong>pron.</strong></span> <span class='ocrx_word' id='word_1_163' title='bbox 737 2135 768 2197; x_wconf 91' lang='lat' dir='ltr'><strong>p.</strong></span> <span class='ocrx_word' id='word_1_164' title='bbox 793 2118 858 2193; x_wconf 83' lang='lat'><strong>57).</strong></span> <span class='ocrx_word' id='word_1_165' title='bbox 903 2116 1075 2196; x_wconf 80' lang='lat' dir='ltr'><strong>Reponitur</strong></span> <span class='ocrx_word' id='word_1_166' title='bbox 1103 2115 1135 2179; x_wconf 91' lang='lat' dir='ltr'><strong>id</strong></span> <span class='ocrx_word' id='word_1_167' title='bbox 1158 2117 1243 2196; x_wconf 88' lang='lat' dir='ltr'><strong>apud</strong></span> <span class='ocrx_word' id='word_1_168' title='bbox 1266 2114 1362 2179; x_wconf 87' lang='lat' dir='ltr'><strong>Cato-</strong></span> 
     </span>
     <span class='ocr_line' id='line_1_21' title="bbox 219 2212 1361 2293; baseline -0.001 -16"><span class='ocrx_word' id='word_1_169' title='bbox 219 2231 276 2278; x_wconf 86' lang='lat' dir='ltr'><strong>nem</strong></span> <span class='ocrx_word' id='word_1_170' title='bbox 303 2216 338 2279; x_wconf 91' lang='lat' dir='ltr'><strong>in</strong></span> <span class='ocrx_word' id='word_1_171' title='bbox 365 2234 411 2279; x_wconf 82' lang='lat' dir='ltr'><strong>or.</strong></span> <span class='ocrx_word' id='word_1_172' title='bbox 435 2216 475 2280; x_wconf 89' lang='lat' dir='ltr'><strong>de</strong></span> <span class='ocrx_word' id='word_1_173' title='bbox 509 2216 575 2280; x_wconf 91' lang='lat' dir='ltr'><strong>suis</strong></span> <span class='ocrx_word' id='word_1_174' title='bbox 605 2216 780 2279; x_wconf 85' lang='lat' dir='ltr'><strong>virtutibus</strong></span> <span class='ocrx_word' id='word_1_175' title='bbox 810 2221 922 2279; x_wconf 88' lang='lat' dir='ltr'><strong>eontra</strong></span> <span class='ocrx_word' id='word_1_176' title='bbox 954 2212 1127 2277; x_wconf 90' lang='lat' dir='ltr'><strong>Thermum</strong></span> <span class='ocrx_word' id='word_1_177' title='bbox 1153 2232 1203 2293; x_wconf 87' lang='lat' dir='ltr'><strong>ap.</strong></span> <span class='ocrx_word' id='word_1_178' title='bbox 1228 2214 1361 2278; x_wconf 88' lang='lat' dir='ltr'><strong>Festum</strong></span> 
     </span>
     <span class='ocr_line' id='line_1_22' title="bbox 219 2316 1361 2391; baseline -0.002 -15"><span class='ocrx_word' id='word_1_179' title='bbox 219 2326 242 2388; x_wconf 82' lang='lat' dir='ltr'><strong>p.</strong></span> <span class='ocrx_word' id='word_1_180' title='bbox 258 2317 335 2379; x_wconf 80' lang='lat'><strong>234:</strong></span> <span class='ocrx_word' id='word_1_181' title='bbox 361 2319 412 2391; x_wconf 92' lang='lat' dir='ltr'><strong>qui</strong></span> <span class='ocrx_word' id='word_1_182' title='bbox 434 2334 525 2375; x_wconf 74' lang='lat' dir='ltr'><strong>urium</strong></span> <span class='ocrx_word' id='word_1_183' title='bbox 545 2317 685 2390; x_wconf 83' lang='lat' dir='ltr'><strong>quicquid</strong></span> <span class='ocrx_word' id='word_1_184' title='bbox 706 2325 821 2377; x_wconf 90' lang='lat' dir='ltr'><strong>mature</strong></span> <span class='ocrx_word' id='word_1_185' title='bbox 845 2316 992 2390; x_wconf 80' lang='lat' dir='ltr'><strong>transigit,</strong></span> <span class='ocrx_word' id='word_1_186' title='bbox 1015 2316 1042 2374; x_wconf 90' lang='lat' dir='ltr'><strong>is</strong></span> <span class='ocrx_word' id='word_1_187' title='bbox 1064 2322 1226 2389; x_wconf 87' lang='lat' dir='ltr'><strong>properat:</strong></span> <span class='ocrx_word' id='word_1_188' title='bbox 1248 2330 1361 2387; x_wconf 91' lang='lat' dir='ltr'><strong>-ego</strong></span> 
     </span>
     <span class='ocr_line' id='line_1_23' title="bbox 220 2408 1361 2489; baseline 0.001 -18"><span class='ocrx_word' id='word_1_189' title='bbox 220 2427 295 2471; x_wconf 72' lang='lat' dir='ltr'><strong>uum</strong></span> <span class='ocrx_word' id='word_1_190' title='bbox 316 2414 459 2487; x_wconf 79' lang='lat' dir='ltr'><strong>quioquid</strong></span> <span class='ocrx_word' id='word_1_191' title='bbox 480 2415 557 2488; x_wconf 87' lang='lat' dir='ltr'><strong>quod</strong></span> <span class='ocrx_word' id='word_1_192' title='bbox 586 2415 707 2474; x_wconf 88' lang='lat' dir='ltr'><strong>adortus</strong></span> <span class='ocrx_word' id='word_1_193' title='bbox 731 2433 812 2474; x_wconf 92' lang='lat' dir='ltr'><strong>eram</strong></span> <span class='ocrx_word' id='word_1_194' title='bbox 835 2413 1051 2488; x_wconf 80' lang='lat' dir='ltr'><strong>transigebam,</strong></span> <span class='ocrx_word' id='word_1_195' title='bbox 1078 2410 1155 2474; x_wconf 86' lang='lat' dir='ltr'><strong>item</strong></span> <span class='ocrx_word' id='word_1_196' title='bbox 1183 2428 1233 2489; x_wconf 89' lang='lat' dir='ltr'><strong>ap.</strong></span> <span class='ocrx_word' id='word_1_197' title='bbox 1256 2408 1361 2472; x_wconf 89' lang='lat' dir='ltr'><strong>Plaut.</strong></span> 
     </span>
     <span class='ocr_line' id='line_1_24' title="bbox 222 2503 1361 2591; baseline -0.002 -21"><span class='ocrx_word' id='word_1_198' title='bbox 222 2503 290 2574; x_wconf 85' lang='lat' dir='ltr'><strong>Trin.</strong></span> <span class='ocrx_word' id='word_1_199' title='bbox 312 2509 369 2591; x_wconf 88' lang='lat' dir='ltr'><strong>IV,</strong></span> <span class='ocrx_word' id='word_1_200' title='bbox 389 2515 419 2588; x_wconf 84' lang='lat'><strong>2,</strong></span> <span class='ocrx_word' id='word_1_201' title='bbox 436 2515 496 2576; x_wconf 85' lang='lat'><strong>39:</strong></span> <span class='ocrx_word' id='word_1_202' title='bbox 532 2513 563 2572; x_wconf 89' lang='lat' dir='ltr'><strong>Si</strong></span> <span class='ocrx_word' id='word_1_203' title='bbox 589 2513 827 2588; x_wconf 72' lang='lat' dir='ltr'><strong>uuumqutdqw&#39;d</strong></span> <span class='ocrx_word' id='word_1_204' title='bbox 848 2514 1020 2588; x_wconf 85' lang='lat' dir='ltr'><strong>singillatim</strong></span> <span class='ocrx_word' id='word_1_205' title='bbox 1043 2517 1075 2572; x_wconf 91' lang='lat' dir='ltr'><strong>et</strong></span> <span class='ocrx_word' id='word_1_206' title='bbox 1096 2511 1213 2586; x_wconf 85' lang='lat' dir='ltr'><strong>placide</strong></span> <span class='ocrx_word' id='word_1_207' title='bbox 1236 2526 1361 2586; x_wconf 89' lang='lat' dir='ltr'><strong>percon-</strong></span> 
     </span>
    </p>
   </div>
   <div class='ocr_carea' id='block_1_5' title="bbox 217 2605 1363 3278">
    <p class='ocr_par' dir='ltr' id='par_1_8' title="bbox 217 2605 1363 3176">
     <span class='ocr_line' id='line_1_25' title="bbox 221 2605 1362 2690; baseline 0.001 -22"><span class='ocrx_word' id='word_1_208' title='bbox 221 2609 315 2670; x_wconf 78' lang='lat' dir='ltr'><strong>tabere.</strong></span> <span class='ocrx_word' id='word_1_209' title='bbox 361 2609 412 2672; x_wconf 80' lang='lat' dir='ltr'><strong>Ad</strong></span> <span class='ocrx_word' id='word_1_210' title='bbox 445 2609 622 2690; x_wconf 82' lang='lat' dir='ltr'><strong>analogiam</strong></span> <span class='ocrx_word' id='word_1_211' title='bbox 657 2631 684 2675; x_wconf 88' lang='lat' dir='ltr'><strong>v.</strong></span> <span class='ocrx_word' id='word_1_212' title='bbox 719 2614 853 2685; x_wconf 86' lang='lat' dir='ltr'><strong>quisquis</strong></span> <span class='ocrx_word' id='word_1_213' title='bbox 883 2610 978 2673; x_wconf 87' lang='lat' dir='ltr'><strong>etiam</strong></span> <span class='ocrx_word' id='word_1_214' title='bbox 1009 2614 1138 2683; x_wconf 68' lang='lat' dir='ltr'><strong>querquea</strong></span> <span class='ocrx_word' id='word_1_215' title='bbox 1164 2613 1293 2681; x_wconf 73' lang='lat' dir='ltr'><strong>peruectus</strong></span> <span class='ocrx_word' id='word_1_216' title='bbox 1316 2605 1362 2669; x_wconf 92' lang='lat' dir='ltr'><strong>di·</strong></span> 
     </span>
     <span class='ocr_line' id='line_1_26' title="bbox 221 2705 1363 2787; baseline -0.001 -22"><span class='ocrx_word' id='word_1_217' title='bbox 221 2708 289 2770; x_wconf 86' lang='lat' dir='ltr'><strong>ttnm</strong></span> <span class='ocrx_word' id='word_1_218' title='bbox 312 2714 362 2772; x_wconf 87' lang='lat' dir='ltr'><strong>est</strong></span> <span class='ocrx_word' id='word_1_219' title='bbox 383 2726 403 2770; x_wconf 87' lang='lat' dir='ltr'><strong>a</strong></span> <span class='ocrx_word' id='word_1_220' title='bbox 424 2708 574 2772; x_wconf 84' lang='lat' dir='ltr'><strong>Terentio</strong></span> <span class='ocrx_word' id='word_1_221' title='bbox 597 2711 656 2772; x_wconf 84' lang='lat' dir='ltr'><strong>Ad.</strong></span> <span class='ocrx_word' id='word_1_222' title='bbox 680 2708 737 2787; x_wconf 91' lang='grc' dir='ltr'>ΙΙΙ,</span> <span class='ocrx_word' id='word_1_223' title='bbox 761 2715 790 2787; x_wconf 88' lang='lat'><strong>3,</strong></span> <span class='ocrx_word' id='word_1_224' title='bbox 813 2714 869 2773; x_wconf 77' lang='lat'><strong>40:</strong></span> <span class='ocrx_word' id='word_1_225' title='bbox 906 2712 964 2783; x_wconf 89' lang='lat' dir='ltr'><strong>Tu,</strong></span> <span class='ocrx_word' id='word_1_226' title='bbox 990 2713 1119 2782; x_wconf 81' lang='lat' dir='ltr'><strong>quantus</strong></span> <span class='ocrx_word' id='word_1_227' title='bbox 1141 2705 1289 2780; x_wconf 76' lang='lat' dir='ltr'><strong>quantus,</strong></span> <span class='ocrx_word' id='word_1_228' title='bbox 1320 2707 1363 2765; x_wconf 92' lang='lat' dir='ltr'><strong>nil</strong></span> 
     </span>
     <span class='ocr_line' id='line_1_27' title="bbox 220 2801 1360 2888; baseline 0.001 -26"><span class='ocrx_word' id='word_1_229' title='bbox 220 2804 262 2864; x_wconf 85' lang='lat' dir='ltr'><strong>nisi</strong></span> <span class='ocrx_word' id='word_1_230' title='bbox 283 2811 432 2882; x_wconf 84' lang='lat' dir='ltr'><strong>sapientia</strong></span> <span class='ocrx_word' id='word_1_231' title='bbox 454 2828 495 2870; x_wconf 87' lang='lat' dir='ltr'><strong>es.</strong></span> <span class='ocrx_word' id='word_1_232' title='bbox 526 2841 567 2851; x_wconf 92' lang='lat'>—</span> <span class='ocrx_word' id='word_1_233' title='bbox 590 2809 657 2872; x_wconf 86' lang='lat' dir='ltr'><strong>Lex</strong></span> <span class='ocrx_word' id='word_1_234' title='bbox 680 2807 807 2888; x_wconf 85' lang='lat' dir='ltr'><strong>Papiria</strong></span> <span class='ocrx_word' id='word_1_235' title='bbox 834 2806 1000 2871; x_wconf 89' lang='lat' dir='ltr'><strong>tribunitia</strong></span> <span class='ocrx_word' id='word_1_236' title='bbox 1035 2808 1081 2883; x_wconf 88' lang='lat' dir='ltr'><strong>(a.</strong></span> <span class='ocrx_word' id='word_1_237' title='bbox 1105 2805 1177 2868; x_wconf 90' lang='lat' dir='ltr'><strong>Chr.</strong></span> <span class='ocrx_word' id='word_1_238' title='bbox 1202 2801 1283 2883; x_wconf 83' lang='lat'><strong>213)</strong></span> <span class='ocrx_word' id='word_1_239' title='bbox 1311 2819 1360 2880; x_wconf 89' lang='lat' dir='ltr'><strong>ap.</strong></span> 
     </span>
     <span class='ocr_line' id='line_1_28' title="bbox 220 2897 1363 2985; baseline 0 -22"><span class='ocrx_word' id='word_1_240' title='bbox 220 2897 322 2982; x_wconf 83' lang='lat' dir='ltr'><strong>Egger.</strong></span> <span class='ocrx_word' id='word_1_241' title='bbox 345 2922 376 2985; x_wconf 86' lang='lat' dir='ltr'><strong>p.</strong></span> <span class='ocrx_word' id='word_1_242' title='bbox 396 2910 472 2969; x_wconf 85' lang='lat'><strong>113:</strong></span> <span class='ocrx_word' id='word_1_243' title='bbox 495 2909 666 2984; x_wconf 78' lang='lat' dir='ltr'><strong>Quicunque</strong></span> <span class='ocrx_word' id='word_1_244' title='bbox 687 2915 811 2982; x_wconf 89' lang='lat' dir='ltr'><strong>praetor</strong></span> <span class='ocrx_word' id='word_1_245' title='bbox 831 2918 901 2981; x_wconf 86' lang='lat' dir='ltr'><strong>post</strong></span> <span class='ocrx_word' id='word_1_246' title='bbox 923 2908 979 2967; x_wconf 86' lang='lat' dir='ltr'><strong>hoc</strong></span> <span class='ocrx_word' id='word_1_247' title='bbox 1002 2906 1099 2966; x_wconf 87' lang='lat' dir='ltr'><strong>lactus</strong></span> <span class='ocrx_word' id='word_1_248' title='bbox 1122 2907 1188 2964; x_wconf 88' lang='lat' dir='ltr'><strong>erit.</strong></span> <span class='ocrx_word' id='word_1_249' title='bbox 1235 2902 1363 2965; x_wconf 88' lang='lat' dir='ltr'><strong>Terent.</strong></span> 
     </span>
     <span class='ocr_line' id='line_1_29' title="bbox 218 2998 1363 3081; baseline 0.001 -20"><span class='ocrx_word' id='word_1_250' title='bbox 218 2998 303 3066; x_wconf 79' lang='lat' dir='ltr'><strong>Andr.</strong></span> <span class='ocrx_word' id='word_1_251' title='bbox 326 3001 352 3081; x_wconf 95' lang='grc' dir='ltr'><strong>Ι,</strong></span> <span class='ocrx_word' id='word_1_252' title='bbox 379 3008 406 3081; x_wconf 90' lang='grc'><strong>1,</strong></span> <span class='ocrx_word' id='word_1_253' title='bbox 431 3007 489 3067; x_wconf 83' lang='lat'><strong>36:</strong></span> <span class='ocrx_word' id='word_1_254' title='bbox 514 3008 585 3066; x_wconf 90' lang='lat' dir='ltr'><strong>Cum</strong></span> <span class='ocrx_word' id='word_1_255' title='bbox 608 3008 716 3080; x_wconf 82' lang='lat' dir='ltr'><strong>qu-r&#39;bua</strong></span> <span class='ocrx_word' id='word_1_256' title='bbox 738 3013 804 3065; x_wconf 89' lang='lat' dir='ltr'><strong>erat</strong></span> <span class='ocrx_word' id='word_1_257' title='bbox 826 3023 968 3078; x_wconf 75' lang='lat' dir='ltr'><strong>quareque</strong></span> <span class='ocrx_word' id='word_1_258' title='bbox 990 3023 1057 3064; x_wconf 91' lang='lat' dir='ltr'><strong>una.</strong></span> <span class='ocrx_word' id='word_1_259' title='bbox 1082 3001 1178 3065; x_wconf 84' lang='lat' dir='ltr'><strong>Andr.</strong></span> <span class='ocrx_word' id='word_1_260' title='bbox 1201 3000 1227 3078; x_wconf 92' lang='lat' dir='ltr'><strong>I,</strong></span> <span class='ocrx_word' id='word_1_261' title='bbox 1252 3005 1280 3078; x_wconf 86' lang='lat'><strong>5,</strong></span> <span class='ocrx_word' id='word_1_262' title='bbox 1305 3004 1363 3063; x_wconf 83' lang='lat'><strong>28:</strong></span> 
     </span>
     <span class='ocr_line' id='line_1_30' title="bbox 217 3098 969 3176; baseline 0.007 -17"><span class='ocrx_word' id='word_1_263' title='bbox 217 3098 287 3173; x_wconf 73' lang='lat' dir='ltr'><strong>Quae</strong></span> <span class='ocrx_word' id='word_1_264' title='bbox 309 3120 376 3162; x_wconf 89' lang='lat' dir='ltr'><strong>mea</strong></span> <span class='ocrx_word' id='word_1_265' title='bbox 399 3122 540 3176; x_wconf 81' lang='lat' dir='ltr'><strong>quomque</strong></span> <span class='ocrx_word' id='word_1_266' title='bbox 563 3107 659 3164; x_wconf 86' lang='lat' dir='ltr'><strong>animo</strong></span> <span class='ocrx_word' id='word_1_267' title='bbox 682 3106 836 3165; x_wconf 83' lang='lat' dir='ltr'><strong>lubitnmst</strong></span> <span class='ocrx_word' id='word_1_268' title='bbox 861 3104 969 3164; x_wconf 82' lang='lat' dir='ltr'><strong>lacera.</strong></span> 
     </span>
    </p>

    <p class='ocr_par' dir='ltr' id='par_1_9' title="bbox 288 3197 1363 3278">
     <span class='ocr_line' id='line_1_31' title="bbox 288 3197 1363 3278; baseline -0.002 -16"><span class='ocrx_word' id='word_1_269' title='bbox 288 3197 469 3264; x_wconf 86' lang='lat' dir='ltr'><strong>Pronomen</strong></span> <span class='ocrx_word' id='word_1_270' title='bbox 491 3200 661 3264; x_wconf 88' lang='lat' dir='ltr'><strong>relativum</strong></span> <span class='ocrx_word' id='word_1_271' title='bbox 687 3218 749 3266; x_wconf 90' lang='lat' dir='ltr'><strong>non</strong></span> <span class='ocrx_word' id='word_1_272' title='bbox 779 3218 852 3264; x_wconf 89' lang='lat' dir='ltr'><strong>raro</strong></span> <span class='ocrx_word' id='word_1_273' title='bbox 883 3200 929 3262; x_wconf 90' lang='lat' dir='ltr'><strong>ita</strong></span> <span class='ocrx_word' id='word_1_274' title='bbox 951 3198 1083 3278; x_wconf 90' lang='lat' dir='ltr'><strong>ponitur</strong></span> <span class='ocrx_word' id='word_1_275' title='bbox 1104 3204 1141 3262; x_wconf 91' lang='lat' dir='ltr'><strong>ut</strong></span> <span class='ocrx_word' id='word_1_276' title='bbox 1162 3216 1221 3278; x_wconf 93' lang='lat' dir='ltr'><strong>pro</strong></span> <span class='ocrx_word' id='word_1_277' title='bbox 1245 3215 1283 3261; x_wconf 90' lang='lat' dir='ltr'><strong>eo</strong></span> <span class='ocrx_word' id='word_1_278' title='bbox 1305 3215 1363 3276; x_wconf 93' lang='lat' dir='ltr'><strong>po-</strong></span> 
     </span>
    </p>
   </div>
   <div class='ocr_carea' id='block_1_6' title="bbox 201 3292 1402 4460">
    <p class='ocr_par' dir='ltr' id='par_1_10' title="bbox 201 3292 1402 4460">
     <span class='ocr_line' id='line_1_32' title="bbox 213 3292 1363 3379; baseline 0.003 -25"><span class='ocrx_word' id='word_1_279' title='bbox 213 3292 264 3360; x_wconf 89' lang='lat' dir='ltr'><strong>tius</strong></span> <span class='ocrx_word' id='word_1_280' title='bbox 301 3297 569 3378; x_wconf 84' lang='lat' dir='ltr'><strong>interrogativum</strong></span> <span class='ocrx_word' id='word_1_281' title='bbox 603 3304 776 3379; x_wconf 82' lang='lat' dir='ltr'><strong>exspectes.</strong></span> <span class='ocrx_word' id='word_1_282' title='bbox 822 3297 976 3363; x_wconf 86' lang='lat' dir='ltr'><strong>Similiter</strong></span> <span class='ocrx_word' id='word_1_283' title='bbox 1009 3296 1095 3376; x_wconf 90' lang='lat' dir='ltr'><strong>apud</strong></span> <span class='ocrx_word' id='word_1_284' title='bbox 1129 3295 1287 3375; x_wconf 89' lang='lat' dir='ltr'><strong>Graecos,</strong></span> <span class='ocrx_word' id='word_1_285' title='bbox 1323 3294 1363 3358; x_wconf 92' lang='lat' dir='ltr'><strong>de</strong></span> 
     </span>
     <span class='ocr_line' id='line_1_33' title="bbox 212 3386 1364 3476; baseline -0.003 -18"><span class='ocrx_word' id='word_1_286' title='bbox 212 3393 317 3470; x_wconf 83' lang='lat' dir='ltr'><strong>quibus</strong></span> <span class='ocrx_word' id='word_1_287' title='bbox 347 3394 420 3460; x_wconf 85' lang='lat' dir='ltr'><strong>vide</strong></span> <span class='ocrx_word' id='word_1_288' title='bbox 447 3395 563 3460; x_wconf 91' lang='lat' dir='ltr'><strong>Bernh.</strong></span> <span class='ocrx_word' id='word_1_289' title='bbox 591 3414 620 3476; x_wconf 90' lang='lat' dir='ltr'><strong>p.</strong></span> <span class='ocrx_word' id='word_1_290' title='bbox 651 3402 709 3461; x_wconf 83' lang='lat'><strong>291</strong></span> <span class='ocrx_word' id='word_1_291' title='bbox 741 3399 792 3474; x_wconf 87' lang='lat' dir='ltr'><strong>(ut</strong></span> <span class='ocrx_word' id='word_1_292' title='bbox 813 3396 890 3460; x_wconf 88' lang='lat' dir='ltr'><strong>Eur.</strong></span> <span class='ocrx_word' id='word_1_293' title='bbox 914 3394 981 3459; x_wconf 79' lang='lat' dir='ltr'><strong>Ale.</strong></span> <span class='ocrx_word' id='word_1_294' title='bbox 1005 3398 1081 3459; x_wconf 81' lang='lat'><strong>643:</strong></span> <span class='ocrx_word' id='word_1_295' title='bbox 1118 3391 1229 3465; x_wconf 77' lang='grc' dir='ltr'><strong><em>ἔδειξας</em></strong></span> <span class='ocrx_word' id='word_1_296' title='bbox 1330 3386 1364 3463; x_wconf 75' lang='grc' dir='ltr'><strong>ὃς</strong></span> 
     </span>
     <span class='ocr_line' id='line_1_34' title="bbox 209 3485 1361 3574; baseline -0.005 -15"><span class='ocrx_word' id='word_1_297' title='bbox 209 3485 245 3559; x_wconf 72' lang='lat' dir='ltr'><strong>dl.</strong></span> <span class='ocrx_word' id='word_1_298' title='bbox 268 3492 323 3558; x_wconf 87' lang='lat' dir='ltr'><strong>Sic</strong></span> <span class='ocrx_word' id='word_1_299' title='bbox 343 3491 448 3558; x_wconf 87' lang='lat' dir='ltr'><strong>Plaut.</strong></span> <span class='ocrx_word' id='word_1_300' title='bbox 471 3495 553 3558; x_wconf 91' lang='lat' dir='ltr'><strong>Men.</strong></span> <span class='ocrx_word' id='word_1_301' title='bbox 574 3493 630 3574; x_wconf 92' lang='lat' dir='ltr'><strong>IV,</strong></span> <span class='ocrx_word' id='word_1_302' title='bbox 654 3501 683 3573; x_wconf 83' lang='lat'><strong>2,</strong></span> <span class='ocrx_word' id='word_1_303' title='bbox 709 3500 765 3559; x_wconf 88' lang='lat'><strong>11:</strong></span> <span class='ocrx_word' id='word_1_304' title='bbox 789 3496 873 3558; x_wconf 89' lang='lat' dir='ltr'><strong>video</strong></span> <span class='ocrx_word' id='word_1_305' title='bbox 896 3514 983 3571; x_wconf 86' lang='lat' dir='ltr'><strong>quum</strong></span> <span class='ocrx_word' id='word_1_306' title='bbox 1006 3514 1068 3555; x_wconf 91' lang='lat' dir='ltr'><strong>rem</strong></span> <span class='ocrx_word' id='word_1_307' title='bbox 1092 3498 1163 3570; x_wconf 87' lang='lat' dir='ltr'><strong>agis.</strong></span> <span class='ocrx_word' id='word_1_308' title='bbox 1209 3490 1294 3555; x_wconf 88' lang='lat' dir='ltr'><strong>Trin.</strong></span> <span class='ocrx_word' id='word_1_309' title='bbox 1318 3490 1361 3568; x_wconf 91' lang='grc' dir='ltr'><strong>Π,</strong></span> 
     </span>
     <span class='ocr_line' id='line_1_35' title="bbox 207 3590 1402 3672; baseline -0.001 -19"><span class='ocrx_word' id='word_1_310' title='bbox 207 3595 334 3668; x_wconf 79' lang='lat' dir='ltr'><strong>l,177:</strong></span> <span class='ocrx_word' id='word_1_311' title='bbox 378 3594 436 3653; x_wconf 88' lang='lat' dir='ltr'><strong>Dic</strong></span> <span class='ocrx_word' id='word_1_312' title='bbox 464 3594 521 3654; x_wconf 87' lang='lat' dir='ltr'><strong>hoc</strong></span> <span class='ocrx_word' id='word_1_313' title='bbox 551 3597 650 3670; x_wconf 89' lang='lat' dir='ltr'><strong>negoti</strong></span> <span class='ocrx_word' id='word_1_314' title='bbox 679 3614 736 3671; x_wconf 94' lang='lat' dir='ltr'><strong>quo</strong></span> <span class='ocrx_word' id='word_1_315' title='bbox 763 3595 850 3656; x_wconf 92' lang='lat' dir='ltr'><strong>modo</strong></span> <span class='ocrx_word' id='word_1_316' title='bbox 878 3601 1015 3655; x_wconf 89' lang='lat' dir='ltr'><strong>actumst.</strong></span> <span class='ocrx_word' id='word_1_317' title='bbox 1060 3591 1145 3654; x_wconf 90' lang='lat' dir='ltr'><strong>Trin.</strong></span> <span class='ocrx_word' id='word_1_318' title='bbox 1172 3590 1228 3670; x_wconf 89' lang='lat' dir='ltr'><strong>IV,</strong></span> <span class='ocrx_word' id='word_1_319' title='bbox 1252 3595 1282 3666; x_wconf 90' lang='lat'><strong>3,</strong></span> <span class='ocrx_word' id='word_1_320' title='bbox 1307 3595 1402 3672; x_wconf 77' lang='lat'><strong>112,</strong></span> 
     </span>
     <span class='ocr_line' id='line_1_36' title="bbox 207 3688 1363 3770; baseline -0.002 -19"><span class='ocrx_word' id='word_1_321' title='bbox 207 3688 282 3752; x_wconf 82' lang='lat' dir='ltr'><strong>Scire</strong></span> <span class='ocrx_word' id='word_1_322' title='bbox 305 3693 375 3752; x_wconf 83' lang='lat' dir='ltr'><strong>volo</strong></span> <span class='ocrx_word' id='word_1_323' title='bbox 399 3696 467 3767; x_wconf 89' lang='lat' dir='ltr'><strong>quoi</strong></span> <span class='ocrx_word' id='word_1_324' title='bbox 488 3694 653 3754; x_wconf 89' lang='lat' dir='ltr'><strong>reddidisti.</strong></span> <span class='ocrx_word' id='word_1_325' title='bbox 699 3692 782 3756; x_wconf 90' lang='lat' dir='ltr'><strong>Men.</strong></span> <span class='ocrx_word' id='word_1_326' title='bbox 807 3691 850 3769; x_wconf 91' lang='lat' dir='ltr'><strong>II,</strong></span> <span class='ocrx_word' id='word_1_327' title='bbox 875 3695 903 3770; x_wconf 79' lang='lat'><strong>2,</strong></span> <span class='ocrx_word' id='word_1_328' title='bbox 927 3696 984 3754; x_wconf 79' lang='lat'><strong>74:</strong></span> <span class='ocrx_word' id='word_1_329' title='bbox 1021 3692 1196 3765; x_wconf 83' lang='lat' dir='ltr'><strong>Videamus,</strong></span> <span class='ocrx_word' id='word_1_330' title='bbox 1221 3693 1271 3766; x_wconf 91' lang='lat' dir='ltr'><strong>qui</strong></span> <span class='ocrx_word' id='word_1_331' title='bbox 1294 3692 1363 3749; x_wconf 87' lang='lat' dir='ltr'><strong>binc</strong></span> 
     </span>
     <span class='ocr_line' id='line_1_37' title="bbox 206 3788 1363 3868; baseline 0 -18"><span class='ocrx_word' id='word_1_332' title='bbox 206 3791 363 3865; x_wconf 77' lang='lat' dir='ltr'><strong>egreditur.</strong></span> <span class='ocrx_word' id='word_1_333' title='bbox 409 3788 475 3853; x_wconf 86' lang='lat' dir='ltr'><strong>Mil.</strong></span> <span class='ocrx_word' id='word_1_334' title='bbox 500 3789 542 3868; x_wconf 90' lang='lat' dir='ltr'><strong>II,</strong></span> <span class='ocrx_word' id='word_1_335' title='bbox 567 3794 596 3866; x_wconf 88' lang='lat'><strong>3,</strong></span> <span class='ocrx_word' id='word_1_336' title='bbox 621 3794 674 3854; x_wconf 91' lang='lat'><strong>10:</strong></span> <span class='ocrx_word' id='word_1_337' title='bbox 718 3795 824 3854; x_wconf 87' lang='lat' dir='ltr'><strong>Nescis</strong></span> <span class='ocrx_word' id='word_1_338' title='bbox 848 3800 881 3852; x_wconf 91' lang='lat' dir='ltr'><strong>tu</strong></span> <span class='ocrx_word' id='word_1_339' title='bbox 904 3790 1047 3865; x_wconf 81' lang='lat' dir='ltr'><strong>fortasse,</strong></span> <span class='ocrx_word' id='word_1_340' title='bbox 1076 3796 1147 3865; x_wconf 88' lang='lat' dir='ltr'><strong>aput</strong></span> <span class='ocrx_word' id='word_1_341' title='bbox 1170 3810 1223 3850; x_wconf 92' lang='lat' dir='ltr'><strong>nos</strong></span> <span class='ocrx_word' id='word_1_342' title='bbox 1247 3789 1363 3850; x_wconf 87' lang='lat' dir='ltr'><strong>lacinus</strong></span> 
     </span>
     <span class='ocr_line' id='line_1_38' title="bbox 205 3885 1362 3969; baseline 0.001 -22"><span class='ocrx_word' id='word_1_343' title='bbox 205 3890 276 3961; x_wconf 83' lang='lat' dir='ltr'><strong>quod</strong></span> <span class='ocrx_word' id='word_1_344' title='bbox 298 3896 433 3949; x_wconf 90' lang='lat' dir='ltr'><strong>natumst</strong></span> <span class='ocrx_word' id='word_1_345' title='bbox 455 3908 568 3951; x_wconf 87' lang='lat' dir='ltr'><strong>novom.</strong></span> <span class='ocrx_word' id='word_1_346' title='bbox 615 3885 704 3969; x_wconf 88' lang='lat' dir='ltr'><strong>Capt.</strong></span> <span class='ocrx_word' id='word_1_347' title='bbox 728 3889 771 3967; x_wconf 93' lang='grc' dir='ltr'><strong>ΙΙ,</strong></span> <span class='ocrx_word' id='word_1_348' title='bbox 799 3893 824 3968; x_wconf 90' lang='lat' dir='ltr'><strong>l,</strong></span> <span class='ocrx_word' id='word_1_349' title='bbox 852 3894 903 3952; x_wconf 85' lang='lat'><strong>14:</strong></span> <span class='ocrx_word' id='word_1_350' title='bbox 934 3893 1041 3951; x_wconf 90' lang='lat' dir='ltr'><strong>scimus</strong></span> <span class='ocrx_word' id='word_1_351' title='bbox 1064 3907 1118 3951; x_wconf 90' lang='lat' dir='ltr'><strong>nos</strong></span> <span class='ocrx_word' id='word_1_352' title='bbox 1140 3895 1274 3950; x_wconf 89' lang='lat' dir='ltr'><strong>nostrum</strong></span> <span class='ocrx_word' id='word_1_353' title='bbox 1297 3887 1362 3948; x_wconf 87' lang='lat' dir='ltr'><strong>oifi-</strong></span> 
     </span>
     <span class='ocr_line' id='line_1_39' title="bbox 203 3984 1362 4067; baseline 0 -22"><span class='ocrx_word' id='word_1_354' title='bbox 203 3988 275 4048; x_wconf 84' lang='lat' dir='ltr'><strong>cium</strong></span> <span class='ocrx_word' id='word_1_355' title='bbox 299 3988 379 4062; x_wconf 86' lang='lat' dir='ltr'><strong>quod</strong></span> <span class='ocrx_word' id='word_1_356' title='bbox 403 3995 458 4048; x_wconf 89' lang='lat' dir='ltr'><strong>est.</strong></span> <span class='ocrx_word' id='word_1_357' title='bbox 503 3985 587 4049; x_wconf 85' lang='lat' dir='ltr'><strong>Men.</strong></span> <span class='ocrx_word' id='word_1_358' title='bbox 612 3984 650 4066; x_wconf 90' lang='lat' dir='ltr'><strong>V,</strong></span> <span class='ocrx_word' id='word_1_359' title='bbox 676 3992 702 4065; x_wconf 92' lang='grc'><strong>1,</strong></span> <span class='ocrx_word' id='word_1_360' title='bbox 729 3992 767 4051; x_wconf 81' lang='grc'><strong>14</strong></span> <span class='ocrx_word' id='word_1_361' title='bbox 791 4004 856 4067; x_wconf 86' lang='lat' dir='ltr'><strong>sq.:</strong></span> <span class='ocrx_word' id='word_1_362' title='bbox 887 3990 954 4048; x_wconf 88' lang='lat' dir='ltr'><strong>Non</strong></span> <span class='ocrx_word' id='word_1_363' title='bbox 978 3994 1010 4047; x_wconf 92' lang='lat' dir='ltr'><strong>tu</strong></span> <span class='ocrx_word' id='word_1_364' title='bbox 1032 3988 1101 4059; x_wconf 88' lang='lat' dir='ltr'><strong>scis,</strong></span> <span class='ocrx_word' id='word_1_365' title='bbox 1124 3989 1240 4060; x_wconf 91' lang='lat' dir='ltr'><strong>mulier,</strong></span> <span class='ocrx_word' id='word_1_366' title='bbox 1264 3988 1362 4046; x_wconf 87' lang='lat' dir='ltr'><strong>Hecu-</strong></span> 
     </span>
     <span class='ocr_line' id='line_1_40' title="bbox 201 4081 1364 4163; baseline 0.004 -21"><span class='ocrx_word' id='word_1_367' title='bbox 201 4083 265 4144; x_wconf 80' lang='lat' dir='ltr'><strong>lram</strong></span> <span class='ocrx_word' id='word_1_368' title='bbox 289 4093 474 4162; x_wconf 90' lang='lat' dir='ltr'><strong>quapropter</strong></span> <span class='ocrx_word' id='word_1_369' title='bbox 497 4103 600 4146; x_wconf 84' lang='lat' dir='ltr'><strong>canem</strong></span> <span class='ocrx_word' id='word_1_370' title='bbox 619 4087 702 4147; x_wconf 87' lang='lat' dir='ltr'><strong>Graii</strong></span> <span class='ocrx_word' id='word_1_371' title='bbox 725 4105 792 4148; x_wconf 82' lang='lat' dir='ltr'><strong>esse</strong></span> <span class='ocrx_word' id='word_1_372' title='bbox 813 4086 1049 4163; x_wconf 81' lang='lat' dir='ltr'><strong>praedicabant?</strong></span> <span class='ocrx_word' id='word_1_373' title='bbox 1082 4081 1243 4148; x_wconf 88' lang='lat' dir='ltr'><strong>Nonnulla</strong></span> <span class='ocrx_word' id='word_1_374' title='bbox 1256 4087 1364 4147; x_wconf 88' lang='lat' dir='ltr'><strong>tamen</strong></span> 
     </span>
     <span class='ocr_line' id='line_1_41' title="bbox 201 4177 1151 4263; baseline -0.002 -19"><span class='ocrx_word' id='word_1_375' title='bbox 201 4177 313 4245; x_wconf 90' lang='lat' dir='ltr'><strong>horum</strong></span> <span class='ocrx_word' id='word_1_376' title='bbox 337 4181 551 4263; x_wconf 84' lang='lat' dir='ltr'><strong>exemplorum</strong></span> <span class='ocrx_word' id='word_1_377' title='bbox 576 4183 615 4246; x_wconf 88' lang='lat' dir='ltr'><strong>ad</strong></span> <span class='ocrx_word' id='word_1_378' title='bbox 639 4183 864 4249; x_wconf 88' lang='lat' dir='ltr'><strong>attractionem</strong></span> <span class='ocrx_word' id='word_1_379' title='bbox 886 4181 991 4262; x_wconf 88' lang='lat' dir='ltr'><strong>possis</strong></span> <span class='ocrx_word' id='word_1_380' title='bbox 1015 4180 1151 4246; x_wconf 90' lang='lat' dir='ltr'><strong>trahere.</strong></span> 
     </span>
     <span class='ocr_line' id='line_1_42' title="bbox 286 4277 1363 4360; baseline -0.001 -17"><span class='ocrx_word' id='word_1_381' title='bbox 286 4277 522 4360; x_wconf 83' lang='lat' dir='ltr'><strong>Nonnunquam</strong></span> <span class='ocrx_word' id='word_1_382' title='bbox 544 4281 730 4360; x_wconf 90' lang='lat' dir='ltr'><strong>pronomine</strong></span> <span class='ocrx_word' id='word_1_383' title='bbox 752 4281 888 4346; x_wconf 89' lang='lat' dir='ltr'><strong>relativo</strong></span> <span class='ocrx_word' id='word_1_384' title='bbox 911 4285 1034 4344; x_wconf 76' lang='lat' dir='ltr'><strong>mumto</strong></span> <span class='ocrx_word' id='word_1_385' title='bbox 1057 4296 1175 4360; x_wconf 85' lang='lat' dir='ltr'><strong>genere</strong></span> <span class='ocrx_word' id='word_1_386' title='bbox 1198 4277 1363 4342; x_wconf 88' lang='lat' dir='ltr'><strong>abstracta</strong></span> 
     </span>
     <span class='ocr_line' id='line_1_43' title="bbox 201 4374 1363 4460; baseline 0 -19"><span class='ocrx_word' id='word_1_387' title='bbox 201 4378 382 4442; x_wconf 80' lang='lat' dir='ltr'><strong>accumtius</strong></span> <span class='ocrx_word' id='word_1_388' title='bbox 417 4377 627 4459; x_wconf 86' lang='lat' dir='ltr'><strong>designantur</strong></span> <span class='ocrx_word' id='word_1_389' title='bbox 663 4383 697 4443; x_wconf 86' lang='lat' dir='ltr'><strong>et</strong></span> <span class='ocrx_word' id='word_1_390' title='bbox 728 4380 942 4460; x_wconf 85' lang='lat' dir='ltr'><strong>explicantur,</strong></span> <span class='ocrx_word' id='word_1_391' title='bbox 980 4379 1034 4459; x_wconf 86' lang='lat' dir='ltr'><strong>qui</strong></span> <span class='ocrx_word' id='word_1_392' title='bbox 1064 4392 1141 4443; x_wconf 86' lang='lat' dir='ltr'><strong>usus</strong></span> <span class='ocrx_word' id='word_1_393' title='bbox 1167 4375 1267 4440; x_wconf 91' lang='lat' dir='ltr'><strong>multo</strong></span> <span class='ocrx_word' id='word_1_394' title='bbox 1298 4374 1363 4441; x_wconf 87' lang='lat' dir='ltr'><strong>fre·</strong></span> 
     </span>
    </p>
   </div>
   <div class='ocr_carea' id='block_1_7' title="bbox 0 0 1568 5075">
    <p class='ocr_par' dir='ltr' id='par_1_11' title="bbox 0 0 1568 5075">
     <span class='ocr_line' id='line_1_44' title="bbox 0 0 1568 5075; baseline 0 5"><span class='ocrx_word' id='word_1_395' title='bbox 0 0 1568 5075; x_wconf 95' lang='lat' dir='ltr'><strong> </strong></span> 
     </span>
    </p>
   </div>
  </div>
 </body>
</html>
