3125 5075
279 369 341 435 202
676 357 866 401 eoeneum.
901 357 965 400 ΟΔΡ.
979 358 1037 401 xlv,

280 551 357 636 [158
380 549 480 628 Lindi
510 548 740 624 (soloecismus)
771 545 839 629 ‘per
869 563 1038 636 personas,
1068 551 1119 613 ut:
1151 546 1289 630 vosque'
1315 566 1342 614 e.
1365 564 1432 630 (ps

279 649 347 730 ‘pro
371 646 511 715 eunus!

631 927 667 1005 t.
719 928 887 1007 uentu
912 927 1087 1006 adieetivi.

773 1153 844 1227 Cap.
868 1153 948 1215 xlv.

365 1335 511 1400 Partium
532 1335 687 1401 orationis
710 1334 973 1401 attributivarum
987 1334 1163 1401 seeundum
1178 1335 1321 1403 verbum
1342 1340 1439 1402 restat

280 1434 366 1516 quod
393 1437 558 1514 spectetur
587 1433 797 1510 adiectivum3
824 1434 998 1495 adverbium
1034 1439 1118 1498 enim
1142 1433 1263 1514 partim
1295 1435 1359 1499 iam
1382 1437 1440 1498 tra

279 1536 403 1598 etatum
431 1534 483 1596 est
509 1530 541 1596 in
568 1531 695 1596 casibus
723 1530 1011 1610 substantivorum,
1046 1529 1160 1611 partim
1190 1529 1222 1595 in
1260 1531 1439 1598 notionibm

280 1628 464 1712 praedicati.
509 1628 745 1708 Nonnunquam
766 1633 884 1706 tamen,
907 1628 963 1693 ubi
985 1628 1170 1695 adverbium
1191 1629 1439 1711 exspectaveris

281 1726 473 1792 adieetivum
494 1726 634 1807 ponitur,
654 1744 720 1807 ¹quo
743 1725 845 1792 multo
867 1725 1004 1792 vividius
1026 1726 1110 1793 a'otio
1140 1727 1347 1810 exprimitur.
1392 1726 1438 1794 Sit

280 1823 384 1890 Pleut.
408 1823 521 1905 Amph.
545 1822 583 1897 V,
609 1830 643 1899 l,
667 1829 720 1890 63:
753 1827 838 1889 otus
870 1844 887 1887 e
916 1827 1000 1888 cunis
1024 1828 1116 1889 exilit.
1163 1822 1233 1890 Cas.
1262 1825 1301 1906 V,
1327 1832 1360 1906 l,
1390 1830 1437 1891 14:

279 1924 391 1985 Liberos
413 1929 444 1984 et
465 1923 560 1984 soleres
579 1921 690 1986 feeoro.
716 1921 832 2000 (undo.
848 1922 891 2004 ΙΙ,
907 1940 937 2004 p.
961 1927 1039 1989 374:
1064 1941 1143 2005 „pro
1165 1925 1300 1986 libenter
1322 1934 1355 1986 et
1370 1943 1436 1986 eoo·

281 2018 417 2091 suete.“).
462 2018 588 2085 Terent
612 2020 746 2104 Adelph.
768 2019 808 2097 V,
833 2026 862 2101 b,
880 2026 913 2085 6:
936 2024 991 2083 tibi
1012 2023 1135 2085 Lubere
1156 2023 1233 2084 bene
1259 2022 1364 2097 faxim,
1384 2037 1436 2103 pro

281 2119 423 2179 iubertet.
469 2117 566 2182 Andr·
589 2117 616 2199 Ι,
642 2125 669 2195 Ι,
692 2125 747 2184 80:
770 2121 850 2183 filius
875 2154 913 2164 -
937 2138 995 2181 una
1017 2122 1124 2183 aderat
1149 2122 1292 2196 frequens
1315 2145 1359 2171 =
1380 2117 1437 2184 fre

279 2224 425 2293 quanter.
470 2214 595 2279 Phorm.
619 2214 680 2293 111,
705 2225 732 2287 3,
756 2223 811 2283 24:
836 2221 985 2294 Quantum
1006 2237 1081 2296 opus
1110 2221 1234 2281 esttibi
1258 2223 1380 2296 argenti
1407 2252 1435 2262 -

278 2309 346 2376 PH.
375 2314 463 2375 Soloe
489 2317 612 2391 triginta
639 2320 754 2395 minae,
782 2316 838 2382 ubi
866 2314 963 2380 etiam
989 2317 1083 2378 sotum
1105 2315 1180 2397 poni
1202 2321 1346 2397 poterat.
1391 2315 1437 2379 In

278 2410 391 2492 primis
412 2411 475 2476 huo
497 2416 622 2492 spectat
637 2415 747 2492 notua
771 2414 811 2479 de
833 2430 897 2493 quo
911 2412 984 2478 vide
1003 2411 1064 2477 vol.
1079 2410 1105 2490 1,
1122 2431 1151 2495 p.
1168 2417 1240 2479 409.
1266 2411 1321 2480 Sic
1338 2411 1435 2477 Plant

280 2510 335 2574 As.
351 2507 393 2589 ΙΙ,
409 2516 439 2590 4,
464 2514 499 2575 2:
523 2516 655 2576 Libanus
678 2512 707 2576 iu
731 2516 909 2576 tonstrinam
934 2520 966 2574 ut
987 2515 1134 2575 iusseram
1158 2516 1271 2587 venire,
1296 2516 1323 2575 is
1338 2514 1435 2575 subm

279 2612 374 2688 venit,
405 2610 459 2675 ubi
482 2630 511 2675 v.
542 2611 672 2676 Taubm.
697 2610 826 2676 Terent.
858 2609 956 2676 Andr.
979 2608 1028 2689 11,
1054 2616 1086 2689 2,
1111 2615 1166 2677 33:
1191 2614 1354 2674 Liberatus
1378 2628 1434 2674 sun

279 2707 378 2783 hodie,
403 2712 494 2785 Dave,
517 2721 569 2773 tua
592 2729 692 2788 opere.
723 2710 793 2775 DA.
810 2715 854 2771 Ae
868 2711 970 2770 nullos
992 2710 1118 2786 quidem,
1142 2708 1181 2772 ad
1206 2726 1235 2789 q.
1260 2707 1282 2772 Ι.
1300 2708 1436 2775 Sohmie·

279 2804 390 2870 denus:
416 2808 564 2884 „minime
587 2808 716 2887 quidem
736 2808 893 2872 liberatus
916 2806 1023 2872 sum.“
1068 2807 1147 2870 Eun.
1170 2805 1213 2887 11,
1239 2812 1268 2886 1,
1298 2812 1352 2872 1οε
1376 2810 1435 2870 ide-

281 2906 369 2981 mini,
393 2915 452 2964 tam
476 2910 533 2967 etsi
557 2909 659 2968 nullus
681 2927 813 2970 moneas.
858 2906 936 2971 Hoc.
959 2903 991 2981 Ι,
1015 2909 1044 2983 2,
1070 2910 1103 2969 4:
1126 2907 1229 2968 uuum
1252 2909 1376 2968 dixeris.

366 3000 528 3067 Aduerbio
550 3003 614 3068 duo
637 3020 1056 3086 synonymanonnunquum
1080 3002 1163 3067 inter
1184 3021 1220 3066 se
1243 3004 1436 3085 coniungunss

279 3100 334 3160 tur
357 3098 484 3172 (similia
505 3118 544 3165 ex
567 3101 698 3168 Graecis
721 3102 832 3168 attulit
852 3100 969 3167 Bernh.
997 3107 1080 3183 synt.
1106 3117 1137 3181 p.
1153 3106 1227 3177 425,
1251 3101 1361 3167 adnot..
1378 3107 1435 3170 74).

280 3194 331 3260 Sic
358 3196 463 3263 Plano.
494 3197 608 3266 Bacch.
633 3200 696 3281 ΙΙΙ,
723 3206 752 3279 Ι,
778 3205 817 3264 7;
846 3219 892 3262 me
919 3201 1059 3262 continuo
1088 3203 1201 3263 contuli
1224 3203 1381 3275 prottnan
1409 3204 1436 3261 in

279 3297 384 3373 pedes.
429 3297 496 3362 Mil.
516 3298 563 3379 ΙΙ,
591 3305 626 3379 2,
651 3302 708 3365 21;
740 3303 784 3361 its
811 3301 943 3376 abripuit
969 3302 1088 3374 repertio
1115 3316 1181 3359 sese
1211 3301 1320 3365 sstbiio.
1369 3297 1436 3363 Cas

277 3393 361 3473 prol.
386 3415 413 3459 v.
438 3400 493 3462 33:
516 3418 633 3460 rursum
658 3400 763 3461 denuo.
807 3396 904 3460 Poen.
927 3394 1007 3476 prol.
1030 3414 1058 3458 v.
1084 3399 1138 3460 te:
1161 3397 1314 3460 Revertor
1335 3413 1436 3459 most

277 3493 374 3555 moe
396 3497 621 3577 Carthaginem,
651 3496 692 3560 ad
720 3512 748 3576 q.
773 3494 791 3557 l.
821 3492 972 3559 casaub:
1001 3493 1074 3572 „ita
1100 3491 1193 3558 alibi:
1222 3496 1310 3571 Erpo
1337 3496 1435 3571 ottus,

277 3588 370 3654 πάλιν
392 3579 443 3671 αὖ,
466 3588 595 3671 isuper
616 3581 708 3666 αὖθις
731 3597 790 3658 etc.
822 3590 912 3670 Quae
932 3590 1008 3656 licet
1030 3590 1169 3671 speeiem
1192 3589 1348 3657 habentia
1367 3592 1437 3673 pus·

279 3694 424 3764 τολογιάς
443 3695 541 3769 atoue
555 3691 588 3754 ἐκ
602 3687 802 3773 παραλλήλου
814 3684 969 3768 dicantur,
988 3688 1197 3755 usitatissima
1209 3694 1320 3754 tamen
1334 3684 1436 3754 suut“

278 3785 394 3852 Pseud.
417 3787 446 3869 Ι,
469 3795 503 3869 4,
530 3795 587 3854 17:
620 3794 713 3852 Erum
736 3808 839 3853 eeonm
861 3788 948 3851 video
972 3789 1028 3849 huo
1056 3781 1181 3868 [meum]
1205 3788 1357 3850 Simonem
1380 3804 1437 3848 oso

278 3890 372 3949 mol
385 3920 429 3933 -
450 3890 599 3951 incedere.
630 3886 759 3953 Terent.
782 3885 863 3951 uun.
885 3884 931 3965 ΙΙ,
956 3889 991 3964 2,
1016 3888 1073 3950 15:
1096 3886 1167 3944 olim
1189 3887 1241 3947 isti
1264 3886 1323 3947 fuit
1339 3888 1436 3964 penori

278 3987 425 4060 quomdam
451 3995 593 4064 quaestus
621 3987 699 4064 apud
728 3990 857 4049 saeelum
886 3988 978 4063 prius.
1023 3982 1072 4048 De
1098 3984 1141 4045 toi
1168 3988 1230 4044 um
1257 4001 1286 4046 v.
1316 4002 1343 4049 e
1373 3980 1435 4061 XV,

368 4187 394 4245 l.
410 4199 439 4247 a.
484 4183 574 4244 Notio
601 4185 748 4245 adesum.
792 4181 842 4246 De
863 4185 959 4257 poto,
989 4178 1074 4259 quod
1101 4177 1233 4244 dubium
1258 4187 1309 4244 est
1332 4184 1434 4244 utntm

278 4279 323 4345 sit
349 4279 542 4346 adieetivum
571 4299 612 4345 au
642 4280 845 4358 adverbium,
871 4278 944 4342 vide
976 4295 1003 4342 e.
1026 4275 1101 4366 VH,
1128 4281 1158 4340 4.
1203 4273 1434 4360 ὓίεῐίιιςιῐοηὼ

280 4384 331 4442 est
353 4378 459 4443 setim
482 4385 516 4443 et
538 4379 667 4460 passiva
681 4373 872 4459 significatio
893 4375 1132 4459 adieetivorum.
1178 4373 1232 4440 Sio
1252 4380 1343 4439 m
1363 4389 1434 4438 nou·
