3125 5075
216 349 278 408 194
642 338 794 380 ΕΙῙΒΒΤΛΙΙΤ.
811 338 875 379 CAP.
889 340 930 381 ΙΙΙ.

215 513 332 580 obiecti
360 510 531 590 efficiatur,
559 513 616 579 sed
644 512 728 578 actio
755 513 890 579 subiecti
919 510 1017 579 efficit
1038 512 1105 579 sive
1134 514 1227 595 ponit
1254 520 1341 580 statu

217 612 309 693 quasi
332 611 458 687 obiecti,
479 611 526 676 ite
548 615 586 676 ut
606 611 681 676 huic
702 610 827 676 obiecto
850 616 884 676 et
899 611 998 677 statui
1021 610 1091 677 eius
1104 612 1206 679 verbo
1222 629 1341 694 expres

215 710 282 776 sive
308 708 454 791 qualitati
489 709 558 775 eius
590 708 685 791 plane
708 709 821 774 eadem
843 710 926 776 ratio
955 709 1133 774 intercedat
1161 727 1235 775 cum
1265 711 1341 778 vert

215 807 285 887 Quo
311 805 362 884 fit,
396 812 445 886 ut,
482 807 584 873 sicubi
611 806 792 872 enunciatio
827 808 933 873 activa
966 812 1110 872 mutetur
1137 806 1171 872 in
1200 808 1341 890 passivas

218 909 390 984 utrumque
406 904 567 970 obiectum
581 904 613 969 in
629 904 858 969 nominativum
874 910 1027 983 mutetur,
1042 910 1075 970 et
1090 903 1227 971 alterum
1244 908 1341 987 quide

215 1001 272 1068 fiat
293 1003 471 1069 subiectum
495 1001 735 1081 enunciationis‚
757 1002 895 1067 alterum
915 1021 990 1084 pers
1013 1003 1179 1083 potissima
1194 1004 1341 1087 praedica

219 1100 302 1182 (eam
325 1101 406 1179 dico,
429 1119 512 1182 quae
534 1100 662 1165 nomine
685 1100 897 1181 exprimitur),
920 1100 1075 1181 siquidem
1098 1103 1236 1181 passivis
1258 1103 1340 1170 horu]

213 1200 400 1275 verborum,
436 1198 612 1280 inquibus
640 1197 724 1262 actio
753 1196 893 1264 efficiens
921 1200 1064 1278 evanuit,
1101 1198 1180 1264 nihil
1207 1201 1270 1266 nisi
1301 1221 1341 1266 css

218 1295 430 1378 qualicunque
452 1298 545 1362 modo
570 1295 603 1360 id
625 1313 660 1360 se
682 1294 791 1377 habet,
814 1297 1002 1378 exprimitur
1022 1313 1197 1378 eorumque
1219 1299 1269 1363 vis
1283 1299 1340 1366 null

215 1395 280 1462 alia
301 1399 353 1461 est
372 1395 433 1460 nisi
457 1398 646 1477 copulativa
669 1396 703 1462 Si
725 1396 825 1477 igitur
846 1396 878 1460 in
900 1394 1007 1476 priore
1034 1394 1089 1459 illo
1107 1413 1231 1476 vgenere
1252 1395 1341 1479 signifi

209 1494 299 1560 catio
321 1494 410 1559 verbi
432 1496 529 1561 activi
551 1495 695 1578 generali
716 1495 820 1560 torma
849 1513 920 1556 cmo
941 1500 976 1556 nt
996 1496 1104 1569 anquis
1125 1495 1219 1568 factm
1238 1494 1340 1574 exprim

217 1596 355 1674 poterat,
377 1590 514 1658 fortasse
536 1613 598 1659 non
621 1595 763 1675 ineptum
786 1590 922 1656 erithoc
945 1596 1083 1656 alterum
1104 1610 1206 1673 genus
1228 1592 1273 1656 ita
1290 1587 1341 1656 let

213 1689 293 1769 nire,
316 1694 353 1753 ut
374 1691 532 1770 exprimat
563 1694 651 1773 socio,
673 1697 708 1754 nt
727 1692 843 1766 dmmd
863 1693 911 1754 stt.

537 1875 558 1929 Ι.
589 1878 808 1933 Accusatvus
827 1876 1053 1947 quantitatis.

301 1989 352 2050 43.
395 1986 593 2050 Accusamus
619 1986 801 2070 quantitatis]
823 1992 1000 2051 extensione.
1034 1990 1064 2059 al
1094 1989 1202 2052 Acone.
1229 1986 1341 2064 reqiorv't

217 2080 251 2147 Si
273 2081 433 2148 obiectum
455 2089 505 2148 est
526 2090 679 2164 punctum
701 2085 733 2149 in
755 2085 826 2151 loco
853 2085 904 2151 vel
928 2085 962 2150 in
984 2090 1144 2167 tempore,
1171 2084 1256 2165 quod
1283 2080 1341 2149 mn

213 2179 309 2260 petit,
346 2197 411 2260 quo
449 2181 478 2246 ei
505 2183 755 2262 perveniendum
788 2195 852 2264 est,
890 2182 1027 2264 primum
1063 2184 1267 2249 occumrivus
1297 2180 1341 2248 sin

211 2278 503 2361 praepositionibus
538 2280 662 2359 positus
689 2300 761 2347 esse
788 2287 904 2363 potest
948 2281 1020 2347 Huc
1048 2281 1214 2361 pertinent
1233 2281 1341 2347 manin

211 2377 339 2442 nomine
360 2377 496 2456 urbium,
519 2377 696 2443 insularum
710 2385 935 2460 terrarumque
951 2381 1090 2459 (Alteros,
1110 2380 1259 2459 Corium),
1274 2393 1340 2444 voce

210 2476 337 2555 domum,
359 2495 422 2556 rus,
444 2477 652 2557 Acheruntem,
670 2496 873 2554 pessnmcum
896 2477 1002 2542 verbis
1016 2480 1108 2559 altre,
1130 2481 1213 2555 dare,
1232 2493 1341 2555 mm

211 2573 422 2654 coniunctum,
433 2576 646 2656 suspendens
659 2579 918 2656 aprortmmacc.
929 2574 988 2640 loci
999 2576 1286 2656 pendensaverbis
1296 2591 1341 2640 cur

210 2671 501 2752 praepositionibus
512 2676 560 2752 ml,
574 2677 617 2752 in,
632 2677 743 2737 oirmm
752 2674 939 2754 coniunctis,
952 2673 1087 2754 denique
1102 2675 1206 2739 rarior
1214 2671 1341 2754 loquenl

208 2767 345 2834 formula
357 2773 507 2846 ecseqmias
520 2774 572 2834 ee.
595 2772 695 2837 Naev
710 2772 783 2838 bell.
800 2771 878 2837 Pun.
894 2771 914 2836 l.
930 2771 985 2848 IV,
1001 2771 1039 2836 ir.
1060 2779 1091 2837 l:
1107 2777 1217 2836 transit
1230 2776 1341 2837 Melita

209 2868 359 2929 Romnum
382 2900 425 2912 —
447 2871 572 2931 insulam
596 2874 743 2950 integram
765 2891 881 2934 omnem
905 2874 981 2934 Urit.
1004 2871 1101 2935 Nacv.
1125 2869 1249 2935 Hector
1273 2866 1341 2951 prol

209 2961 330 3028 ciscens
353 2963 425 3028 fr.l
452 2968 599 3043 Spartam.
621 2968 724 3033 Plaut.
742 2967 834 3035 Cure.
857 2967 899 3047 ΙΙ,
925 2976 953 3047 3,
968 2973 1022 3033 6οε
1045 2979 1132 3046 rogat
1154 2971 1226 3046 quid
1250 2973 1341 3033 venia

210 3061 341 3126 Ocrr'cm.
389 3060 479 3144 Capi.
519 3065 578 3144 111,
600 3074 631 3147 4,
654 3074 715 3132 41:
753 3071 840 3130 hodie
863 3070 933 3130 hinc
955 3071 1030 3130 abiit
1049 3069 1177 3131 Alidem.
1222 3065 1341 3132 Pers*

208 3163 287 3225 259:
310 3163 386 3222 Nam
402 3181 470 3226 erus
486 3168 642 3226 Eretriam
664 3186 710 3228 me
733 3170 824 3228 misit.
848 3166 890 3245 II,
915 3172 944 3246 5,
968 3171 1024 3230 21:
1049 3169 1193 3229 Dominus
1216 3184 1266 3228 me
1290 3170 1341 3229 nn

210 3259 301 3319 triam
323 3262 410 3322 bovis
432 3273 595 3324 mercatum
618 3268 708 3328 misit.
732 3263 832 3329 Merc.
854 3264 893 3344 V,
916 3270 945 3345 2,
969 3269 1107 3331 96:1am
1133 3266 1268 3340 cyprum
1290 3282 1341 3327 ven

203 3354 302 3421 Mero.
325 3375 354 3421 v.
378 3363 396 3421 7
421 3362 565 3424 Rhodum.
590 3360 616 3440 Ι,
643 3369 670 3441 1,
693 3367 750 3427 92:
774 3365 915 3425 erodnm
932 3369 1073 3427 venimus.
1098 3362 1136 3443 V,
1159 3366 1189 3440 2,
1213 3366 1274 3427 98:
1295 3382 1341 3440 per

204 3459 272 3518 veni
296 3458 472 3521 clamdem.
495 3457 562 3521 Mil.
584 3458 641 3538 IV,
663 3466 692 3539 4,
716 3465 771 3525 56:
800 3465 923 3524 Prosnm
945 3464 1080 3524 Athenas
1100 3464 1253 3538 protinam
1277 3462 1341 3524 abib

204 3559 312 3615 tecum.
349 3553 537 3635 Menprol.
562 3575 590 3620 v.
614 3561 671 3622 27:
709 3561 872 3621 Tarentum
895 3564 993 3623 avexit
1015 3579 1124 3623 secum.
1162 3557 1249 3624 Men.
1273 3559 1341 3639 V,t

203 3653 263 3714 53:
300 3651 373 3712 Cum
397 3662 484 3728 patre
514 3663 547 3716 nt
568 3657 628 3716 abii
651 3659 824 3722 Tarentum.
868 3658 911 3736 11,
938 3663 964 3737 1,
989 3665 1025 3722 5:
1062 3660 1254 3734 quamobrem
1285 3677 1340 3723 nun

201 3749 405 3823 Eptdmmm
434 3753 587 3815 venimus?
617 3757 647 3834 2,
670 3759 725 3819 32:
759 3761 810 3833 qui
837 3765 907 3818 ante
940 3759 1018 3817 hunc
1048 3759 1125 3818 diem
1153 3758 1341 3832 lepidam

200 3866 357 3923 numquam
386 3850 445 3909 vidi
475 3869 569 3927 neque
592 3855 667 3915 oeni.
712 3852 779 3917 Mil.
802 3854 857 3932 IV,
883 3859 910 3933 l,
934 3859 989 3919 28:
1023 3856 1185 3931 Ephesum
1231 3853 1341 3919 Terent

199 3943 334 4024 Adelph.
358 3944 412 4024 IV,
437 3950 465 4024 5,
490 3953 544 4011 21:
567 3952 706 4013 Miletum
727 3971 829 4029 usque.
852 3952 947 4017 Ennii
969 3951 1103 4017 Medeae
1120 3951 1223 4017 exulis
1246 3951 1286 4017 fr.
1305 3957 1340 4017 15

201 4044 266 4118 Quo
289 4063 368 4105 nnnc
390 4063 436 4107 me
459 4049 595 4108 vortam?
624 4052 700 4125 quod
727 4054 787 4112 iter
810 4054 949 4128 incipiam
972 4049 1109 4128 ingredi?
1153 4052 1287 4114 Domo
1303 4069 1341 4127 pc

199 4145 352 4203 emmeno
375 4161 452 4205 anne
475 4146 513 4205 ad
535 4147 635 4208 Peliae
658 4149 755 4211 filias?
782 4147 885 4213 Pleut.
909 4147 976 4213 Mil.
998 4147 1040 4226 Il,
1063 4151 1093 4225 6,
1117 4152 1172 4212 54:
1195 4150 1256 4212 Abi
1278 4153 1341 4212 intn

199 4238 237 4298 cd
259 4258 310 4301 vos
332 4241 457 4305 domnm.
481 4240 577 4306 Poen.
599 4243 658 4323 ΙΙΙ,
683 4249 711 4325 6,
736 4250 790 4310 19;
811 4249 923 4310 Demos
945 4250 1085 4309 abeamus
1107 4251 1235 4317 nosnos,
1259 4249 1341 4310 sultis

199 4352 277 4397 nunc
299 4347 367 4402 lam.
406 4339 476 4404 Aul,
498 4338 554 4420 IV,
576 4345 604 4411 8,
629 4346 684 4407 12;
707 4346 756 4406 ibo
781 4356 814 4406 nt
836 4348 892 4407 hoc
915 4347 1039 4407 condam
1061 4345 1190 4426 domm,
1217 4346 1272 4412 ubi
1294 4345 1341 4411 dn·
