<?xml version="1.0" encoding="UTF-8"?>
<!DOCTYPE html PUBLIC "-//W3C//DTD XHTML 1.0 Transitional//EN"
    "http://www.w3.org/TR/xhtml1/DTD/xhtml1-transitional.dtd">
<html xmlns="http://www.w3.org/1999/xhtml" xml:lang="en" lang="en">
 <head>
  <title>
</title>
<meta http-equiv="Content-Type" content="text/html;charset=utf-8" />
  <meta name='ocr-system' content='tesseract 3.04.00' />
  <meta name='ocr-capabilities' content='ocr_page ocr_carea ocr_par ocr_line ocrx_word'/>
</head>
<body>
  <div class='ocr_page' id='page_1' title='image "./syntaxispriscor00holtgoog_0757.png"; bbox 0 0 3125 5075; ppageno 0'>
   <div class='ocr_carea' id='block_1_1' title="bbox 284 394 1160 468">
    <p class='ocr_par' dir='ltr' id='par_1_1' title="bbox 284 394 1160 468">
     <span class='ocr_line' id='line_1_1' title="bbox 284 394 1160 468; baseline -0.014 -18"><span class='ocrx_word' id='word_1_1' title='bbox 284 406 351 468; x_wconf 71' lang='lat'><strong>298</strong></span> <span class='ocrx_word' id='word_1_2' title='bbox 574 398 638 439; x_wconf 78' lang='grc' dir='ltr'>ΟΑΡ,</span> <span class='ocrx_word' id='word_1_3' title='bbox 653 398 698 440; x_wconf 74' lang='lat' dir='ltr'><strong>XV.</strong></span> <span class='ocrx_word' id='word_1_4' title='bbox 731 396 880 438; x_wconf 72' lang='lat' dir='ltr'>DOOTRIM</span> <span class='ocrx_word' id='word_1_5' title='bbox 906 394 1160 438; x_wconf 63' lang='lat' dir='ltr'><strong>annectentem.</strong></span> 
     </span>
    </p>
   </div>
   <div class='ocr_carea' id='block_1_2' title="bbox 287 584 1447 4476">
    <p class='ocr_par' dir='ltr' id='par_1_2' title="bbox 287 584 1447 4476">
     <span class='ocr_line' id='line_1_2' title="bbox 287 584 1446 665; baseline -0.003 -16"><span class='ocrx_word' id='word_1_6' title='bbox 287 590 357 649; x_wconf 90' lang='lat' dir='ltr'><strong>dnm</strong></span> <span class='ocrx_word' id='word_1_7' title='bbox 382 607 418 649; x_wconf 91' lang='lat' dir='ltr'><strong>eo</strong></span> <span class='ocrx_word' id='word_1_8' title='bbox 441 590 520 648; x_wconf 89' lang='lat' dir='ltr'><strong>intro</strong></span> <span class='ocrx_word' id='word_1_9' title='bbox 544 598 632 664; x_wconf 84' lang='lat' dir='ltr'><strong>atque</strong></span> <span class='ocrx_word' id='word_1_10' title='bbox 656 588 750 649; x_wconf 82' lang='lat' dir='ltr'><strong>exeo?</strong></span> <span class='ocrx_word' id='word_1_11' title='bbox 793 585 890 651; x_wconf 88' lang='lat' dir='ltr'><strong>Poeu.</strong></span> <span class='ocrx_word' id='word_1_12' title='bbox 914 584 953 665; x_wconf 89' lang='lat' dir='ltr'><strong>V,</strong></span> <span class='ocrx_word' id='word_1_13' title='bbox 977 589 1012 664; x_wconf 84' lang='lat'><strong>2,</strong></span> <span class='ocrx_word' id='word_1_14' title='bbox 1038 588 1115 651; x_wconf 76' lang='lat'><strong>126:</strong></span> <span class='ocrx_word' id='word_1_15' title='bbox 1151 590 1305 649; x_wconf 75' lang='lat' dir='ltr'><strong>Festivom</strong></span> <span class='ocrx_word' id='word_1_16' title='bbox 1337 587 1446 647; x_wconf 84' lang='lat' dir='ltr'><strong>iaeinus</strong></span> 
     </span>
     <span class='ocr_line' id='line_1_3' title="bbox 287 681 1445 762; baseline -0.003 -15"><span class='ocrx_word' id='word_1_17' title='bbox 287 688 370 747; x_wconf 82' lang='lat' dir='ltr'><strong>¹venit</strong></span> <span class='ocrx_word' id='word_1_18' title='bbox 392 688 431 746; x_wconf 91' lang='lat' dir='ltr'><strong>mi</strong></span> <span class='ocrx_word' id='word_1_19' title='bbox 454 688 482 744; x_wconf 88' lang='lat' dir='ltr'><strong>in</strong></span> <span class='ocrx_word' id='word_1_20' title='bbox 506 695 634 746; x_wconf 80' lang='lat' dir='ltr'>mentem</span> <span class='ocrx_word' id='word_1_21' title='bbox 658 688 751 745; x_wconf 83' lang='lat' dir='ltr'><strong>modo.</strong></span> <span class='ocrx_word' id='word_1_22' title='bbox 795 683 885 748; x_wconf 80' lang='lat' dir='ltr'><strong>Pers.</strong></span> <span class='ocrx_word' id='word_1_23' title='bbox 907 682 934 761; x_wconf 93' lang='lat' dir='ltr'><strong>I,</strong></span> <span class='ocrx_word' id='word_1_24' title='bbox 957 686 987 753; x_wconf 83' lang='lat'><strong>3,</strong></span> <span class='ocrx_word' id='word_1_25' title='bbox 1009 686 1065 747; x_wconf 80' lang='lat'><strong>46:</strong></span> <span class='ocrx_word' id='word_1_26' title='bbox 1088 681 1285 762; x_wconf 83' lang='lat' dir='ltr'><strong>(Parasitus)</strong></span> <span class='ocrx_word' id='word_1_27' title='bbox 1312 687 1445 759; x_wconf 76' lang='lat' dir='ltr'><strong>Marenp·</strong></span> 
     </span>
     <span class='ocr_line' id='line_1_4' title="bbox 289 781 1444 861; baseline -0.003 -17"><span class='ocrx_word' id='word_1_28' title='bbox 289 787 370 861; x_wconf 91' lang='lat' dir='ltr'><strong>pinm</strong></span> <span class='ocrx_word' id='word_1_29' title='bbox 394 784 519 845; x_wconf 78' lang='lat' dir='ltr'><strong>habeut:</strong></span> <span class='ocrx_word' id='word_1_30' title='bbox 542 785 616 844; x_wconf 85' lang='lat' dir='ltr'><strong>inibi</strong></span> <span class='ocrx_word' id='word_1_31' title='bbox 638 786 770 859; x_wconf 84' lang='lat' dir='ltr'><strong>paullum</strong></span> <span class='ocrx_word' id='word_1_32' title='bbox 794 783 943 859; x_wconf 78' lang='lat' dir='ltr'><strong>praesidi,</strong></span> <span class='ocrx_word' id='word_1_33' title='bbox 968 784 1027 857; x_wconf 80' lang='lat' dir='ltr'><strong>Qui</strong></span> <span class='ocrx_word' id='word_1_34' title='bbox 1049 781 1228 844; x_wconf 67' lang='lat' dir='ltr'><strong>familiarem</strong></span> <span class='ocrx_word' id='word_1_35' title='bbox 1252 801 1339 845; x_wconf 83' lang='lat' dir='ltr'><strong>enam</strong></span> <span class='ocrx_word' id='word_1_36' title='bbox 1361 786 1444 843; x_wconf 70' lang='lat' dir='ltr'><strong>dian</strong></span> 
     </span>
     <span class='ocr_line' id='line_1_5' title="bbox 287 877 1444 957; baseline -0.002 -14"><span class='ocrx_word' id='word_1_37' title='bbox 287 883 423 943; x_wconf 83' lang='lat' dir='ltr'><strong>oblectet</strong></span> <span class='ocrx_word' id='word_1_38' title='bbox 444 880 541 957; x_wconf 79' lang='lat' dir='ltr'><strong>modo,</strong></span> <span class='ocrx_word' id='word_1_39' title='bbox 565 879 619 944; x_wconf 90' lang='lat' dir='ltr'><strong>ubi</strong></span> <span class='ocrx_word' id='word_1_40' title='bbox 641 882 725 940; x_wconf 82' lang='lat' dir='ltr'><strong>modo</strong></span> <span class='ocrx_word' id='word_1_41' title='bbox 749 897 811 944; x_wconf 86' lang='lat' dir='ltr'><strong>see.</strong></span> <span class='ocrx_word' id='word_1_42' title='bbox 835 877 1031 944; x_wconf 84' lang='lat' dir='ltr'><strong>Gronovium</strong></span> <span class='ocrx_word' id='word_1_43' title='bbox 1054 896 1116 942; x_wconf 93' lang='lat' dir='ltr'><strong>non</strong></span> <span class='ocrx_word' id='word_1_44' title='bbox 1139 884 1190 944; x_wconf 84' lang='lat' dir='ltr'><strong>eet</strong></span> <span class='ocrx_word' id='word_1_45' title='bbox 1210 880 1376 948; x_wconf 62' lang='lat' dir='ltr'><strong>maura,</strong></span> <span class='ocrx_word' id='word_1_46' title='bbox 1397 877 1444 941; x_wconf 86' lang='lat' dir='ltr'><strong>sed</strong></span> 
     </span>
     <span class='ocr_line' id='line_1_6' title="bbox 287 975 1442 1058; baseline -0.004 -17"><span class='ocrx_word' id='word_1_47' title='bbox 287 975 375 1057; x_wconf 86' lang='lat' dir='ltr'><strong>quod</strong></span> <span class='ocrx_word' id='word_1_48' title='bbox 399 976 489 1054; x_wconf 83' lang='lat' dir='ltr'><strong>aiibi,</strong></span> <span class='ocrx_word' id='word_1_49' title='bbox 520 978 750 1042; x_wconf 87' lang='lat' dir='ltr'><strong>tantummodo.</strong></span> <span class='ocrx_word' id='word_1_50' title='bbox 797 976 923 1058; x_wconf 82' lang='lat' dir='ltr'><strong>Terent.</strong></span> <span class='ocrx_word' id='word_1_51' title='bbox 946 976 1027 1040; x_wconf 84' lang='lat' dir='ltr'><strong>Eun.</strong></span> <span class='ocrx_word' id='word_1_52' title='bbox 1047 975 1103 1046; x_wconf 81' lang='lat' dir='ltr'><strong>lv,</strong></span> <span class='ocrx_word' id='word_1_53' title='bbox 1126 983 1160 1052; x_wconf 87' lang='lat'><strong>4,</strong></span> <span class='ocrx_word' id='word_1_54' title='bbox 1185 981 1243 1042; x_wconf 81' lang='lat'><strong>30:</strong></span> <span class='ocrx_word' id='word_1_55' title='bbox 1279 980 1378 1053; x_wconf 80' lang='lat' dir='ltr'><strong>Quam</strong></span> <span class='ocrx_word' id='word_1_56' title='bbox 1400 978 1442 1036; x_wconf 87' lang='lat' dir='ltr'><strong>dn·</strong></span> 
     </span>
     <span class='ocr_line' id='line_1_7' title="bbox 291 1072 1443 1152; baseline -0.004 -14"><span class='ocrx_word' id='word_1_57' title='bbox 291 1077 381 1138; x_wconf 75' lang='lat' dir='ltr'><strong>dumi</strong></span> <span class='ocrx_word' id='word_1_58' title='bbox 424 1072 491 1138; x_wconf 84' lang='lat' dir='ltr'><strong>Do.</strong></span> <span class='ocrx_word' id='word_1_59' title='bbox 521 1076 622 1138; x_wconf 87' lang='lat' dir='ltr'><strong>Modo.</strong></span> <span class='ocrx_word' id='word_1_60' title='bbox 667 1074 784 1138; x_wconf 83' lang='lat' dir='ltr'><strong>Heaut.</strong></span> <span class='ocrx_word' id='word_1_61' title='bbox 807 1073 863 1152; x_wconf 90' lang='lat' dir='ltr'><strong>IV,</strong></span> <span class='ocrx_word' id='word_1_62' title='bbox 888 1075 978 1152; x_wconf 84' lang='lat'><strong>1,4:</strong></span> <span class='ocrx_word' id='word_1_63' title='bbox 1014 1080 1056 1137; x_wconf 82' lang='lat' dir='ltr'><strong>nt</strong></span> <span class='ocrx_word' id='word_1_64' title='bbox 1082 1078 1156 1137; x_wconf 84' lang='lat' dir='ltr'><strong>attis</strong></span> <span class='ocrx_word' id='word_1_65' title='bbox 1184 1083 1218 1137; x_wconf 88' lang='lat' dir='ltr'><strong>ut</strong></span> <span class='ocrx_word' id='word_1_66' title='bbox 1248 1079 1443 1151; x_wconf 84' lang='lat' dir='ltr'><strong>contemplata</strong></span> 
     </span>
     <span class='ocr_line' id='line_1_8' title="bbox 289 1169 1441 1249; baseline -0.002 -16"><span class='ocrx_word' id='word_1_67' title='bbox 289 1174 376 1233; x_wconf 84' lang='lat' dir='ltr'><strong>modo</strong></span> <span class='ocrx_word' id='word_1_68' title='bbox 398 1178 451 1234; x_wconf 86' lang='lat' dir='ltr'><strong>aia.</strong></span> <span class='ocrx_word' id='word_1_69' title='bbox 474 1169 602 1235; x_wconf 88' lang='lat' dir='ltr'><strong>Phorm.</strong></span> <span class='ocrx_word' id='word_1_70' title='bbox 627 1170 652 1249; x_wconf 92' lang='grc' dir='ltr'><strong>Ι,</strong></span> <span class='ocrx_word' id='word_1_71' title='bbox 676 1175 705 1246; x_wconf 92' lang='grc'>2,</span> <span class='ocrx_word' id='word_1_72' title='bbox 729 1177 765 1237; x_wconf 83' lang='grc'><strong>9;</strong></span> <span class='ocrx_word' id='word_1_73' title='bbox 788 1174 879 1234; x_wconf 83' lang='lat' dir='ltr'><strong>Modo</strong></span> <span class='ocrx_word' id='word_1_74' title='bbox 901 1180 935 1232; x_wconf 89' lang='lat' dir='ltr'><strong>nt</strong></span> <span class='ocrx_word' id='word_1_75' title='bbox 956 1180 1059 1233; x_wconf 86' lang='lat' dir='ltr'><strong>tacere</strong></span> <span class='ocrx_word' id='word_1_76' title='bbox 1081 1175 1189 1248; x_wconf 83' lang='lat' dir='ltr'><strong>poseia.</strong></span> <span class='ocrx_word' id='word_1_77' title='bbox 1235 1191 1264 1233; x_wconf 81' lang='lat' dir='ltr'><strong>v.</strong></span> <span class='ocrx_word' id='word_1_78' title='bbox 1289 1175 1348 1236; x_wconf 85' lang='lat'><strong>18:</strong></span> <span class='ocrx_word' id='word_1_79' title='bbox 1370 1172 1441 1231; x_wconf 74' lang='lat' dir='ltr'><strong>modo</strong></span> 
     </span>
     <span class='ocr_line' id='line_1_9' title="bbox 288 1266 1440 1347; baseline -0.003 -16"><span class='ocrx_word' id='word_1_80' title='bbox 288 1288 351 1331; x_wconf 76' lang='lat' dir='ltr'><strong>nort</strong></span> <span class='ocrx_word' id='word_1_81' title='bbox 382 1272 491 1330; x_wconf 89' lang='lat' dir='ltr'><strong>montis</strong></span> <span class='ocrx_word' id='word_1_82' title='bbox 526 1273 590 1330; x_wconf 86' lang='lat' dir='ltr'><strong>auri</strong></span> <span class='ocrx_word' id='word_1_83' title='bbox 624 1273 781 1346; x_wconf 79' lang='lat' dir='ltr'><strong>pollicens.</strong></span> <span class='ocrx_word' id='word_1_84' title='bbox 831 1268 908 1333; x_wconf 80' lang='lat' dir='ltr'><strong>Hoc.</strong></span> <span class='ocrx_word' id='word_1_85' title='bbox 936 1266 1001 1347; x_wconf 83' lang='lat'><strong>111,</strong></span> <span class='ocrx_word' id='word_1_86' title='bbox 1033 1274 1066 1347; x_wconf 80' lang='lat'><strong>5,</strong></span> <span class='ocrx_word' id='word_1_87' title='bbox 1097 1273 1133 1333; x_wconf 84' lang='lat'><strong>8:</strong></span> <span class='ocrx_word' id='word_1_88' title='bbox 1175 1273 1309 1332; x_wconf 78' lang='lat' dir='ltr'><strong>Advenis</strong></span> <span class='ocrx_word' id='word_1_89' title='bbox 1348 1269 1440 1328; x_wconf 72' lang='lat' dir='ltr'><strong>ruodo?</strong></span> 
     </span>
     <span class='ocr_line' id='line_1_10' title="bbox 291 1364 1437 1446; baseline -0.003 -16"><span class='ocrx_word' id='word_1_90' title='bbox 291 1365 426 1446; x_wconf 79' lang='lat' dir='ltr'><strong>Adelph.</strong></span> <span class='ocrx_word' id='word_1_91' title='bbox 450 1364 499 1443; x_wconf 90' lang='grc' dir='ltr'>Π,</span> <span class='ocrx_word' id='word_1_92' title='bbox 528 1372 560 1444; x_wconf 91' lang='grc' dir='ltr'><strong>Ι,</strong></span> <span class='ocrx_word' id='word_1_93' title='bbox 582 1371 640 1431; x_wconf 83' lang='lat'><strong>48:</strong></span> <span class='ocrx_word' id='word_1_94' title='bbox 675 1371 738 1442; x_wconf 74' lang='lat' dir='ltr'><strong>nge</strong></span> <span class='ocrx_word' id='word_1_95' title='bbox 769 1373 827 1428; x_wconf 81' lang='lat' dir='ltr'><strong>iant</strong></span> <span class='ocrx_word' id='word_1_96' title='bbox 858 1369 963 1444; x_wconf 88' lang='lat' dir='ltr'><strong>cupio,</strong></span> <span class='ocrx_word' id='word_1_97' title='bbox 993 1370 1078 1429; x_wconf 81' lang='lat' dir='ltr'><strong>modo</strong></span> <span class='ocrx_word' id='word_1_98' title='bbox 1101 1371 1130 1429; x_wconf 77' lang='lat' dir='ltr'><strong>ei</strong></span> <span class='ocrx_word' id='word_1_99' title='bbox 1152 1380 1312 1444; x_wconf 77' lang='lat' dir='ltr'><strong>argentum</strong></span> <span class='ocrx_word' id='word_1_100' title='bbox 1337 1368 1437 1428; x_wconf 85' lang='lat' dir='ltr'><strong>reddat</strong></span> 
     </span>
     <span class='ocr_line' id='line_1_11' title="bbox 291 1460 1437 1541; baseline 0 -14"><span class='ocrx_word' id='word_1_101' title='bbox 291 1462 348 1533; x_wconf 80' lang='lat' dir='ltr'><strong>Ill,</strong></span> <span class='ocrx_word' id='word_1_102' title='bbox 375 1470 402 1541; x_wconf 95' lang='lat' dir='ltr'><strong>l,</strong></span> <span class='ocrx_word' id='word_1_103' title='bbox 427 1468 455 1526; x_wconf 92' lang='grc'><strong>2.</strong></span> <span class='ocrx_word' id='word_1_104' title='bbox 486 1461 542 1541; x_wconf 88' lang='lat' dir='ltr'><strong>lv,</strong></span> <span class='ocrx_word' id='word_1_105' title='bbox 570 1468 603 1541; x_wconf 93' lang='grc' dir='ltr'><strong>Ι,</strong></span> <span class='ocrx_word' id='word_1_106' title='bbox 628 1468 686 1527; x_wconf 74' lang='grc' dir='ltr'><strong>22ε</strong></span> <span class='ocrx_word' id='word_1_107' title='bbox 717 1468 799 1541; x_wconf 83' lang='lat' dir='ltr'><strong>Fuge</strong></span> <span class='ocrx_word' id='word_1_108' title='bbox 822 1466 906 1525; x_wconf 81' lang='lat' dir='ltr'><strong>modo</strong></span> <span class='ocrx_word' id='word_1_109' title='bbox 928 1468 1016 1527; x_wconf 90' lang='lat' dir='ltr'><strong>intro.</strong></span> <span class='ocrx_word' id='word_1_110' title='bbox 1039 1498 1083 1508; x_wconf 92' lang='lat'>—</span> <span class='ocrx_word' id='word_1_111' title='bbox 1104 1468 1181 1528; x_wconf 76' lang='lat' dir='ltr'><strong>Moe</strong></span> <span class='ocrx_word' id='word_1_112' title='bbox 1203 1464 1313 1529; x_wconf 75' lang='lat' dir='ltr'><strong>Plane</strong></span> <span class='ocrx_word' id='word_1_113' title='bbox 1336 1460 1437 1527; x_wconf 72' lang='lat' dir='ltr'><strong>Baeti</strong></span> 
     </span>
     <span class='ocr_line' id='line_1_12' title="bbox 288 1561 1438 1641; baseline -0.005 -14"><span class='ocrx_word' id='word_1_114' title='bbox 288 1562 345 1639; x_wconf 80' lang='lat' dir='ltr'><strong>IV,</strong></span> <span class='ocrx_word' id='word_1_115' title='bbox 369 1568 399 1641; x_wconf 88' lang='lat'><strong>8,</strong></span> <span class='ocrx_word' id='word_1_116' title='bbox 424 1569 481 1628; x_wconf 83' lang='lat'><strong>39:</strong></span> <span class='ocrx_word' id='word_1_117' title='bbox 505 1581 595 1638; x_wconf 77' lang='lat' dir='ltr'><strong>quom</strong></span> <span class='ocrx_word' id='word_1_118' title='bbox 616 1581 685 1622; x_wconf 79' lang='lat' dir='ltr'><strong>mox</strong></span> <span class='ocrx_word' id='word_1_119' title='bbox 707 1564 774 1623; x_wconf 88' lang='lat' dir='ltr'><strong>dico</strong></span> <span class='ocrx_word' id='word_1_120' title='bbox 798 1561 915 1623; x_wconf 79' lang='lat' dir='ltr'><strong>‘dabo’i</strong></span> <span class='ocrx_word' id='word_1_121' title='bbox 958 1564 1028 1624; x_wconf 80' lang='lat' dir='ltr'><strong>Nox</strong></span> <span class='ocrx_word' id='word_1_122' title='bbox 1048 1587 1092 1616; x_wconf 90' lang='lat'>=</span> <span class='ocrx_word' id='word_1_123' title='bbox 1113 1567 1210 1627; x_wconf 87' lang='lat' dir='ltr'><strong>noctu</strong></span> <span class='ocrx_word' id='word_1_124' title='bbox 1232 1562 1341 1626; x_wconf 82' lang='lat' dir='ltr'><strong>Plaut</strong></span> <span class='ocrx_word' id='word_1_125' title='bbox 1366 1561 1438 1624; x_wconf 78' lang='lat' dir='ltr'><strong>Asin.</strong></span> 
     </span>
     <span class='ocr_line' id='line_1_13' title="bbox 290 1656 1437 1739; baseline -0.005 -15"><span class='ocrx_word' id='word_1_126' title='bbox 290 1659 356 1729; x_wconf 92' lang='grc' dir='ltr'><strong>ΠΙ,</strong></span> <span class='ocrx_word' id='word_1_127' title='bbox 381 1666 417 1739; x_wconf 86' lang='grc'>3,</span> <span class='ocrx_word' id='word_1_128' title='bbox 442 1667 478 1724; x_wconf 85' lang='grc'><strong>7;</strong></span> <span class='ocrx_word' id='word_1_129' title='bbox 507 1662 576 1720; x_wconf 75' lang='lat' dir='ltr'><strong>Noe</strong></span> <span class='ocrx_word' id='word_1_130' title='bbox 599 1664 625 1721; x_wconf 87' lang='lat' dir='ltr'><strong>ai</strong></span> <span class='ocrx_word' id='word_1_131' title='bbox 648 1664 730 1720; x_wconf 85' lang='lat' dir='ltr'><strong>voles</strong></span> <span class='ocrx_word' id='word_1_132' title='bbox 758 1662 892 1722; x_wconf 87' lang='lat' dir='ltr'><strong>manebo.</strong></span> <span class='ocrx_word' id='word_1_133' title='bbox 915 1695 957 1707; x_wconf 92' lang='lat'>-</span> <span class='ocrx_word' id='word_1_134' title='bbox 987 1662 1158 1734; x_wconf 77' lang='lat' dir='ltr'><strong>Numquam</strong></span> <span class='ocrx_word' id='word_1_135' title='bbox 1180 1659 1282 1724; x_wconf 89' lang='lat' dir='ltr'><strong>Naev.</strong></span> <span class='ocrx_word' id='word_1_136' title='bbox 1307 1658 1346 1721; x_wconf 79' lang='lat' dir='ltr'><strong>fr.</strong></span> <span class='ocrx_word' id='word_1_137' title='bbox 1371 1656 1437 1735; x_wconf 80' lang='lat' dir='ltr'><strong>Equi</strong></span> 
     </span>
     <span class='ocr_line' id='line_1_14' title="bbox 289 1753 1439 1834; baseline -0.005 -12"><span class='ocrx_word' id='word_1_138' title='bbox 289 1758 433 1822; x_wconf 86' lang='lat' dir='ltr'><strong>Troiani:</strong></span> <span class='ocrx_word' id='word_1_139' title='bbox 464 1775 626 1831; x_wconf 75' lang='lat' dir='ltr'><strong>numquam</strong></span> <span class='ocrx_word' id='word_1_140' title='bbox 657 1757 744 1818; x_wconf 89' lang='lat' dir='ltr'><strong>hodie</strong></span> <span class='ocrx_word' id='word_1_141' title='bbox 768 1759 890 1834; x_wconf 79' lang='lat' dir='ltr'><strong>effugies</strong></span> <span class='ocrx_word' id='word_1_142' title='bbox 920 1761 989 1834; x_wconf 90' lang='lat' dir='ltr'><strong>qnin</strong></span> <span class='ocrx_word' id='word_1_143' title='bbox 1022 1777 1089 1819; x_wconf 85' lang='lat' dir='ltr'><strong>mea</strong></span> <span class='ocrx_word' id='word_1_144' title='bbox 1115 1777 1202 1818; x_wconf 84' lang='lat' dir='ltr'><strong>manu</strong></span> <span class='ocrx_word' id='word_1_145' title='bbox 1234 1762 1386 1827; x_wconf 83' lang='lat' dir='ltr'><strong>Moriere,</strong></span> <span class='ocrx_word' id='word_1_146' title='bbox 1407 1753 1439 1816; x_wconf 89' lang='lat' dir='ltr'><strong>ad</strong></span> 
     </span>
     <span class='ocr_line' id='line_1_15' title="bbox 289 1851 1438 1936; baseline -0.006 -16"><span class='ocrx_word' id='word_1_147' title='bbox 289 1873 318 1936; x_wconf 89' lang='lat' dir='ltr'><strong>q.</strong></span> <span class='ocrx_word' id='word_1_148' title='bbox 342 1856 362 1920; x_wconf 92' lang='lat' dir='ltr'><strong>l.</strong></span> <span class='ocrx_word' id='word_1_149' title='bbox 385 1856 618 1919; x_wconf 85' lang='lat' dir='ltr'><strong>Klnssmannus</strong></span> <span class='ocrx_word' id='word_1_150' title='bbox 641 1875 670 1930; x_wconf 92' lang='lat' dir='ltr'><strong>p.</strong></span> <span class='ocrx_word' id='word_1_151' title='bbox 698 1858 776 1918; x_wconf 86' lang='lat'>103:</span> <span class='ocrx_word' id='word_1_152' title='bbox 811 1857 997 1932; x_wconf 75' lang='lat' dir='ltr'><strong>„Nunquam</strong></span> <span class='ocrx_word' id='word_1_153' title='bbox 1017 1856 1170 1919; x_wconf 85' lang='lat' dir='ltr'><strong>maiorem</strong></span> <span class='ocrx_word' id='word_1_154' title='bbox 1193 1853 1295 1920; x_wconf 82' lang='lat' dir='ltr'><strong>hebet</strong></span> <span class='ocrx_word' id='word_1_155' title='bbox 1317 1851 1438 1933; x_wconf 80' lang='lat' dir='ltr'><strong>negandi</strong></span> 
     </span>
     <span class='ocr_line' id='line_1_16' title="bbox 288 1948 1439 2033; baseline 0.004 -16"><span class='ocrx_word' id='word_1_156' title='bbox 288 1954 351 2017; x_wconf 86' lang='lat' dir='ltr'><strong>vim</strong></span> <span class='ocrx_word' id='word_1_157' title='bbox 375 1970 469 2033; x_wconf 88' lang='lat' dir='ltr'><strong>quam</strong></span> <span class='ocrx_word' id='word_1_158' title='bbox 492 1970 553 2011; x_wconf 84' lang='lat' dir='ltr'><strong>noa</strong></span> <span class='ocrx_word' id='word_1_159' title='bbox 574 1948 705 2028; x_wconf 85' lang='lat' dir='ltr'><strong>(Donat.</strong></span> <span class='ocrx_word' id='word_1_160' title='bbox 728 1949 768 2014; x_wconf 89' lang='lat' dir='ltr'><strong>ad</strong></span> <span class='ocrx_word' id='word_1_161' title='bbox 792 1951 921 2016; x_wconf 85' lang='lat' dir='ltr'><strong>Terent</strong></span> <span class='ocrx_word' id='word_1_162' title='bbox 944 1952 1043 2016; x_wconf 82' lang='lat' dir='ltr'><strong>Andr.</strong></span> <span class='ocrx_word' id='word_1_163' title='bbox 1067 1951 1109 2031; x_wconf 88' lang='grc' dir='ltr'><strong>ΙΙ,</strong></span> <span class='ocrx_word' id='word_1_164' title='bbox 1134 1958 1163 2030; x_wconf 87' lang='grc'><strong>3,</strong></span> <span class='ocrx_word' id='word_1_165' title='bbox 1189 1957 1229 2015; x_wconf 84' lang='grc'><strong>10</strong></span> <span class='ocrx_word' id='word_1_166' title='bbox 1245 1957 1279 2016; x_wconf 90' lang='lat' dir='ltr'><strong>et</strong></span> <span class='ocrx_word' id='word_1_167' title='bbox 1302 1950 1346 2027; x_wconf 88' lang='grc' dir='ltr'><strong>ΙΙ,</strong></span> <span class='ocrx_word' id='word_1_168' title='bbox 1362 1959 1390 2028; x_wconf 83' lang='grc'>4,</span> <span class='ocrx_word' id='word_1_169' title='bbox 1404 1950 1439 2023; x_wconf 79' lang='grc' dir='ltr'>Ι),</span> 
     </span>
     <span class='ocr_line' id='line_1_17' title="bbox 288 2047 1439 2129; baseline -0.006 -14"><span class='ocrx_word' id='word_1_170' title='bbox 288 2057 380 2116; x_wconf 79' lang='lat' dir='ltr'><strong>terto</strong></span> <span class='ocrx_word' id='word_1_171' title='bbox 403 2050 500 2113; x_wconf 83' lang='lat' dir='ltr'><strong>etiarn</strong></span> <span class='ocrx_word' id='word_1_172' title='bbox 522 2047 661 2127; x_wconf 87' lang='lat' dir='ltr'><strong>tempori</strong></span> <span class='ocrx_word' id='word_1_173' title='bbox 683 2047 769 2111; x_wconf 91' lang='lat' dir='ltr'><strong>hand</strong></span> <span class='ocrx_word' id='word_1_174' title='bbox 793 2066 867 2113; x_wconf 87' lang='lat' dir='ltr'><strong>raro</strong></span> <span class='ocrx_word' id='word_1_175' title='bbox 891 2048 1076 2129; x_wconf 81' lang='lat' dir='ltr'><strong>adiungitur</strong></span> <span class='ocrx_word' id='word_1_176' title='bbox 1098 2051 1227 2125; x_wconf 85' lang='lat' dir='ltr'><strong>(Donat</strong></span> <span class='ocrx_word' id='word_1_177' title='bbox 1258 2050 1302 2113; x_wconf 91' lang='lat' dir='ltr'><strong>ad</strong></span> <span class='ocrx_word' id='word_1_178' title='bbox 1326 2048 1439 2112; x_wconf 85' lang='lat' dir='ltr'><strong>Terent</strong></span> 
     </span>
     <span class='ocr_line' id='line_1_18' title="bbox 292 2144 1439 2227; baseline -0.008 -15"><span class='ocrx_word' id='word_1_179' title='bbox 292 2146 426 2227; x_wconf 74' lang='lat' dir='ltr'><strong>Adelph.</strong></span> <span class='ocrx_word' id='word_1_180' title='bbox 450 2146 505 2225; x_wconf 91' lang='lat' dir='ltr'><strong>IV,</strong></span> <span class='ocrx_word' id='word_1_181' title='bbox 531 2151 567 2217; x_wconf 88' lang='grc'>2,</span> <span class='ocrx_word' id='word_1_182' title='bbox 591 2151 642 2210; x_wconf 88' lang='grc'><strong>31.</strong></span> <span class='ocrx_word' id='word_1_183' title='bbox 670 2144 775 2210; x_wconf 89' lang='lat' dir='ltr'><strong>Plaut.</strong></span> <span class='ocrx_word' id='word_1_184' title='bbox 809 2147 932 2211; x_wconf 82' lang='lat' dir='ltr'><strong>Asinar.</strong></span> <span class='ocrx_word' id='word_1_185' title='bbox 957 2146 1020 2226; x_wconf 91' lang='grc' dir='ltr'>ΙΙΙ,</span> <span class='ocrx_word' id='word_1_186' title='bbox 1044 2153 1080 2226; x_wconf 90' lang='grc'>3,</span> <span class='ocrx_word' id='word_1_187' title='bbox 1102 2147 1189 2221; x_wconf 84' lang='lat'><strong>40).“</strong></span> <span class='ocrx_word' id='word_1_188' title='bbox 1236 2146 1311 2211; x_wconf 87' lang='lat' dir='ltr'><strong>Ter.</strong></span> <span class='ocrx_word' id='word_1_189' title='bbox 1336 2146 1439 2210; x_wconf 87' lang='lat' dir='ltr'><strong>Heant.</strong></span> 
     </span>
     <span class='ocr_line' id='line_1_19' title="bbox 291 2243 1439 2324; baseline -0.007 -14"><span class='ocrx_word' id='word_1_190' title='bbox 291 2245 357 2324; x_wconf 88' lang='grc' dir='ltr'>ΙΙΙ,</span> <span class='ocrx_word' id='word_1_191' title='bbox 381 2249 414 2323; x_wconf 90' lang='grc'>2,</span> <span class='ocrx_word' id='word_1_192' title='bbox 443 2248 498 2308; x_wconf 86' lang='grc'><strong>48;</strong></span> <span class='ocrx_word' id='word_1_193' title='bbox 532 2243 705 2317; x_wconf 78' lang='lat' dir='ltr'><strong>Numquam</strong></span> <span class='ocrx_word' id='word_1_194' title='bbox 739 2247 920 2307; x_wconf 85' lang='lat' dir='ltr'><strong>commodine</strong></span> <span class='ocrx_word' id='word_1_195' title='bbox 953 2263 1092 2320; x_wconf 76' lang='lat' dir='ltr'><strong>umquam</strong></span> <span class='ocrx_word' id='word_1_196' title='bbox 1119 2264 1201 2307; x_wconf 86' lang='lat' dir='ltr'><strong>arum</strong></span> <span class='ocrx_word' id='word_1_197' title='bbox 1232 2247 1334 2306; x_wconf 83' lang='lat' dir='ltr'><strong>audivi</strong></span> <span class='ocrx_word' id='word_1_198' title='bbox 1363 2244 1439 2318; x_wconf 88' lang='lat' dir='ltr'><strong>loqui</strong></span> 
     </span>
     <span class='ocr_line' id='line_1_20' title="bbox 288 2339 1441 2422; baseline -0.009 -14"><span class='ocrx_word' id='word_1_199' title='bbox 288 2343 339 2408; x_wconf 88' lang='lat' dir='ltr'><strong>Do</strong></span> <span class='ocrx_word' id='word_1_200' title='bbox 358 2362 440 2404; x_wconf 82' lang='lat' dir='ltr'><strong>auae</strong></span> <span class='ocrx_word' id='word_1_201' title='bbox 461 2360 487 2404; x_wconf 86' lang='lat' dir='ltr'><strong>v.</strong></span> <span class='ocrx_word' id='word_1_202' title='bbox 513 2339 573 2405; x_wconf 85' lang='lat' dir='ltr'><strong>vol.</strong></span> <span class='ocrx_word' id='word_1_203' title='bbox 598 2340 623 2404; x_wconf 93' lang='lat'><strong>1.</strong></span> <span class='ocrx_word' id='word_1_204' title='bbox 668 2340 717 2404; x_wconf 90' lang='lat' dir='ltr'><strong>De</strong></span> <span class='ocrx_word' id='word_1_205' title='bbox 740 2339 972 2422; x_wconf 82' lang='lat' dir='ltr'><strong>significatione</strong></span> <span class='ocrx_word' id='word_1_206' title='bbox 995 2362 1024 2405; x_wconf 84' lang='lat' dir='ltr'><strong>v.</strong></span> <span class='ocrx_word' id='word_1_207' title='bbox 1046 2361 1125 2405; x_wconf 78' lang='lat' dir='ltr'><strong>aune</strong></span> <span class='ocrx_word' id='word_1_208' title='bbox 1145 2345 1209 2403; x_wconf 76' lang='lat' dir='ltr'><strong>tam</strong></span> <span class='ocrx_word' id='word_1_209' title='bbox 1232 2348 1266 2405; x_wconf 91' lang='lat' dir='ltr'><strong>et</strong></span> <span class='ocrx_word' id='word_1_210' title='bbox 1289 2345 1353 2401; x_wconf 76' lang='lat' dir='ltr'><strong>iam</strong></span> <span class='ocrx_word' id='word_1_211' title='bbox 1375 2356 1441 2400; x_wconf 72' lang='lat' dir='ltr'><strong>aare</strong></span> 
     </span>
     <span class='ocr_line' id='line_1_21' title="bbox 291 2438 1441 2521; baseline -0.005 -16"><span class='ocrx_word' id='word_1_212' title='bbox 291 2458 321 2506; x_wconf 86' lang='lat' dir='ltr'><strong>v.</strong></span> <span class='ocrx_word' id='word_1_213' title='bbox 353 2440 524 2505; x_wconf 87' lang='lat' dir='ltr'><strong>Handium.</strong></span> <span class='ocrx_word' id='word_1_214' title='bbox 578 2438 733 2518; x_wconf 80' lang='lat' dir='ltr'><strong>Exempla</strong></span> <span class='ocrx_word' id='word_1_215' title='bbox 762 2445 837 2504; x_wconf 82' lang='lat' dir='ltr'><strong>aunt</strong></span> <span class='ocrx_word' id='word_1_216' title='bbox 867 2439 970 2504; x_wconf 86' lang='lat' dir='ltr'><strong>Plaut.</strong></span> <span class='ocrx_word' id='word_1_217' title='bbox 1001 2440 1115 2521; x_wconf 78' lang='lat' dir='ltr'><strong>Amph.</strong></span> <span class='ocrx_word' id='word_1_218' title='bbox 1145 2439 1268 2519; x_wconf 82' lang='lat'><strong>111‚2‚</strong></span> <span class='ocrx_word' id='word_1_219' title='bbox 1295 2443 1353 2502; x_wconf 80' lang='lat'><strong>56:</strong></span> <span class='ocrx_word' id='word_1_220' title='bbox 1383 2439 1441 2498; x_wconf 76' lang='lat' dir='ltr'><strong>Ion</strong></span> 
     </span>
     <span class='ocr_line' id='line_1_22' title="bbox 290 2535 1442 2619; baseline -0.003 -19"><span class='ocrx_word' id='word_1_221' title='bbox 290 2559 372 2601; x_wconf 80' lang='lat' dir='ltr'><strong>auno</strong></span> <span class='ocrx_word' id='word_1_222' title='bbox 406 2544 485 2600; x_wconf 87' lang='lat' dir='ltr'><strong>irata</strong></span> <span class='ocrx_word' id='word_1_223' title='bbox 513 2559 569 2600; x_wconf 92' lang='lat' dir='ltr'><strong>non</strong></span> <span class='ocrx_word' id='word_1_224' title='bbox 599 2536 649 2600; x_wconf 68' lang='lat' dir='ltr'><strong>es?</strong></span> <span class='ocrx_word' id='word_1_225' title='bbox 695 2538 781 2602; x_wconf 87' lang='lat' dir='ltr'><strong>Asin.</strong></span> <span class='ocrx_word' id='word_1_226' title='bbox 806 2538 886 2619; x_wconf 85' lang='lat' dir='ltr'><strong>prol.</strong></span> <span class='ocrx_word' id='word_1_227' title='bbox 910 2558 939 2603; x_wconf 91' lang='lat' dir='ltr'><strong>v.</strong></span> <span class='ocrx_word' id='word_1_228' title='bbox 965 2545 992 2603; x_wconf 90' lang='lat' dir='ltr'><strong>l.</strong></span> <span class='ocrx_word' id='word_1_229' title='bbox 1016 2546 1044 2605; x_wconf 84' lang='lat'><strong>4.</strong></span> <span class='ocrx_word' id='word_1_230' title='bbox 1069 2539 1131 2618; x_wconf 90' lang='grc' dir='ltr'>ΙΙΙ,</span> <span class='ocrx_word' id='word_1_231' title='bbox 1157 2544 1190 2617; x_wconf 91' lang='grc'>3,</span> <span class='ocrx_word' id='word_1_232' title='bbox 1216 2543 1290 2602; x_wconf 88' lang='grc'>120.</span> <span class='ocrx_word' id='word_1_233' title='bbox 1316 2535 1442 2601; x_wconf 84' lang='lat' dir='ltr'><strong>Coniun-</strong></span> 
     </span>
     <span class='ocr_line' id='line_1_23' title="bbox 293 2635 1441 2717; baseline -0.005 -17"><span class='ocrx_word' id='word_1_234' title='bbox 293 2637 381 2717; x_wconf 83' lang='lat' dir='ltr'><strong>gitur</strong></span> <span class='ocrx_word' id='word_1_235' title='bbox 403 2637 499 2700; x_wconf 87' lang='lat' dir='ltr'><strong>etiarn</strong></span> <span class='ocrx_word' id='word_1_236' title='bbox 523 2655 593 2699; x_wconf 88' lang='lat' dir='ltr'><strong>cum</strong></span> <span class='ocrx_word' id='word_1_237' title='bbox 616 2651 705 2710; x_wconf 79' lang='lat' dir='ltr'><strong>quom</strong></span> <span class='ocrx_word' id='word_1_238' title='bbox 726 2655 873 2711; x_wconf 76' lang='lat' dir='ltr'><strong>maxume,</strong></span> <span class='ocrx_word' id='word_1_239' title='bbox 898 2636 1026 2701; x_wconf 84' lang='lat' dir='ltr'><strong>Terent.</strong></span> <span class='ocrx_word' id='word_1_240' title='bbox 1049 2637 1175 2701; x_wconf 90' lang='lat' dir='ltr'><strong>Phorm.</strong></span> <span class='ocrx_word' id='word_1_241' title='bbox 1198 2635 1229 2713; x_wconf 86' lang='lat' dir='ltr'><strong>l,</strong></span> <span class='ocrx_word' id='word_1_242' title='bbox 1252 2643 1290 2714; x_wconf 81' lang='grc'>4,</span> <span class='ocrx_word' id='word_1_243' title='bbox 1315 2640 1371 2700; x_wconf 76' lang='grc' dir='ltr'><strong>26τ</strong></span> <span class='ocrx_word' id='word_1_244' title='bbox 1398 2638 1441 2693; x_wconf 81' lang='lat' dir='ltr'><strong>At·</strong></span> 
     </span>
     <span class='ocr_line' id='line_1_24' title="bbox 292 2727 1442 2813; baseline 0.005 -18"><span class='ocrx_word' id='word_1_245' title='bbox 292 2739 343 2813; x_wconf 90' lang='lat' dir='ltr'><strong>qni</strong></span> <span class='ocrx_word' id='word_1_246' title='bbox 367 2756 440 2811; x_wconf 88' lang='lat' dir='ltr'><strong>opus</strong></span> <span class='ocrx_word' id='word_1_247' title='bbox 465 2743 512 2796; x_wconf 89' lang='lat' dir='ltr'><strong>est</strong></span> <span class='ocrx_word' id='word_1_248' title='bbox 537 2753 616 2794; x_wconf 79' lang='lat' dir='ltr'><strong>uuae</strong></span> <span class='ocrx_word' id='word_1_249' title='bbox 643 2753 729 2808; x_wconf 77' lang='lat' dir='ltr'><strong>quom</strong></span> <span class='ocrx_word' id='word_1_250' title='bbox 751 2753 889 2794; x_wconf 73' lang='lat' dir='ltr'><strong>maxume</strong></span> <span class='ocrx_word' id='word_1_251' title='bbox 908 2745 941 2796; x_wconf 90' lang='lat' dir='ltr'><strong>ut</strong></span> <span class='ocrx_word' id='word_1_252' title='bbox 964 2739 1019 2812; x_wconf 88' lang='lat' dir='ltr'><strong>sis,</strong></span> <span class='ocrx_word' id='word_1_253' title='bbox 1049 2738 1189 2811; x_wconf 82' lang='lat' dir='ltr'><strong>Antipho.</strong></span> <span class='ocrx_word' id='word_1_254' title='bbox 1237 2732 1373 2813; x_wconf 75' lang='lat' dir='ltr'><strong>Adelph,</strong></span> <span class='ocrx_word' id='word_1_255' title='bbox 1395 2727 1442 2801; x_wconf 70' lang='lat' dir='ltr'><strong>li,</strong></span> 
     </span>
     <span class='ocr_line' id='line_1_25' title="bbox 297 2832 1444 2910; baseline -0.006 -15"><span class='ocrx_word' id='word_1_256' title='bbox 297 2838 324 2909; x_wconf 89' lang='lat'><strong>1,</strong></span> <span class='ocrx_word' id='word_1_257' title='bbox 342 2837 377 2895; x_wconf 86' lang='lat'><strong>2:</strong></span> <span class='ocrx_word' id='word_1_258' title='bbox 401 2835 489 2893; x_wconf 84' lang='lat' dir='ltr'><strong>Nune</strong></span> <span class='ocrx_word' id='word_1_259' title='bbox 511 2850 596 2905; x_wconf 75' lang='lat' dir='ltr'><strong>orrum</strong></span> <span class='ocrx_word' id='word_1_260' title='bbox 619 2850 756 2893; x_wconf 80' lang='lat' dir='ltr'><strong>maxume</strong></span> <span class='ocrx_word' id='word_1_261' title='bbox 778 2836 879 2908; x_wconf 84' lang='lat' dir='ltr'><strong>operis</strong></span> <span class='ocrx_word' id='word_1_262' title='bbox 902 2835 1015 2910; x_wconf 80' lang='lat' dir='ltr'><strong>aliquid</strong></span> <span class='ocrx_word' id='word_1_263' title='bbox 1038 2835 1139 2895; x_wconf 85' lang='lat' dir='ltr'><strong>faeere</strong></span> <span class='ocrx_word' id='word_1_264' title='bbox 1155 2835 1255 2895; x_wconf 88' lang='lat' dir='ltr'><strong>oredo.</strong></span> <span class='ocrx_word' id='word_1_265' title='bbox 1297 2832 1346 2896; x_wconf 87' lang='lat' dir='ltr'><strong>De</strong></span> <span class='ocrx_word' id='word_1_266' title='bbox 1362 2846 1444 2902; x_wconf 75' lang='lat' dir='ltr'><strong>anper</strong></span> 
     </span>
     <span class='ocr_line' id='line_1_26' title="bbox 293 2927 1444 3010; baseline -0.006 -17"><span class='ocrx_word' id='word_1_267' title='bbox 293 2948 322 2993; x_wconf 86' lang='lat' dir='ltr'><strong>v.</strong></span> <span class='ocrx_word' id='word_1_268' title='bbox 346 2928 516 2992; x_wconf 85' lang='lat' dir='ltr'><strong>Handium.</strong></span> <span class='ocrx_word' id='word_1_269' title='bbox 541 2927 758 2992; x_wconf 84' lang='lat' dir='ltr'><strong>Susenbrotus</strong></span> <span class='ocrx_word' id='word_1_270' title='bbox 790 2948 922 3010; x_wconf 83' lang='lat' dir='ltr'><strong>gramm.</strong></span> <span class='ocrx_word' id='word_1_271' title='bbox 945 2947 974 3008; x_wconf 92' lang='lat' dir='ltr'><strong>p.</strong></span> <span class='ocrx_word' id='word_1_272' title='bbox 1002 2935 1076 2994; x_wconf 82' lang='lat'>120:</span> <span class='ocrx_word' id='word_1_273' title='bbox 1111 2928 1330 3006; x_wconf 81' lang='lat' dir='ltr'><strong>„Aduerbinm</strong></span> <span class='ocrx_word' id='word_1_274' title='bbox 1361 2943 1444 2998; x_wconf 69' lang='lat' dir='ltr'><strong>norm</strong></span> 
     </span>
     <span class='ocr_line' id='line_1_27' title="bbox 294 3025 1444 3107; baseline -0.006 -17"><span class='ocrx_word' id='word_1_275' title='bbox 294 3025 480 3107; x_wconf 84' lang='lat' dir='ltr'><strong>praeteritis</strong></span> <span class='ocrx_word' id='word_1_276' title='bbox 502 3025 672 3089; x_wconf 88' lang='lat' dir='ltr'><strong>verborum</strong></span> <span class='ocrx_word' id='word_1_277' title='bbox 696 3028 784 3107; x_wconf 86' lang='lat' dir='ltr'><strong>iungi</strong></span> <span class='ocrx_word' id='word_1_278' title='bbox 812 3027 971 3107; x_wconf 83' lang='lat' dir='ltr'><strong>postulat,</strong></span> <span class='ocrx_word' id='word_1_279' title='bbox 1001 3027 1170 3092; x_wconf 84' lang='lat' dir='ltr'><strong>Terentius</strong></span> <span class='ocrx_word' id='word_1_280' title='bbox 1192 3033 1303 3091; x_wconf 87' lang='lat' dir='ltr'><strong>tamen</strong></span> <span class='ocrx_word' id='word_1_281' title='bbox 1328 3030 1361 3089; x_wconf 90' lang='lat' dir='ltr'><strong>et</strong></span> <span class='ocrx_word' id='word_1_282' title='bbox 1382 3040 1444 3086; x_wconf 76' lang='lat' dir='ltr'><strong>crim</strong></span> 
     </span>
     <span class='ocr_line' id='line_1_28' title="bbox 294 3122 1443 3205; baseline -0.003 -18"><span class='ocrx_word' id='word_1_283' title='bbox 294 3124 456 3205; x_wconf 84' lang='lat' dir='ltr'><strong>praesenti</strong></span> <span class='ocrx_word' id='word_1_284' title='bbox 480 3122 612 3204; x_wconf 84' lang='lat' dir='ltr'><strong>iunxit,“</strong></span> <span class='ocrx_word' id='word_1_285' title='bbox 636 3125 690 3189; x_wconf 92' lang='lat' dir='ltr'><strong>ubi</strong></span> <span class='ocrx_word' id='word_1_286' title='bbox 713 3124 915 3189; x_wconf 86' lang='lat' dir='ltr'><strong>hauddubie</strong></span> <span class='ocrx_word' id='word_1_287' title='bbox 938 3126 1081 3205; x_wconf 86' lang='lat' dir='ltr'><strong>respexit</strong></span> <span class='ocrx_word' id='word_1_288' title='bbox 1102 3125 1208 3189; x_wconf 88' lang='lat' dir='ltr'><strong>locum</strong></span> <span class='ocrx_word' id='word_1_289' title='bbox 1231 3124 1351 3188; x_wconf 88' lang='lat' dir='ltr'><strong>Heaut.</strong></span> <span class='ocrx_word' id='word_1_290' title='bbox 1377 3123 1399 3196; x_wconf 75' lang='grc' dir='ltr'><strong>Ι,</strong></span> <span class='ocrx_word' id='word_1_291' title='bbox 1421 3127 1443 3196; x_wconf 85' lang='lat'><strong>1,</strong></span> 
     </span>
     <span class='ocr_line' id='line_1_29' title="bbox 299 3219 1445 3302; baseline -0.004 -17"><span class='ocrx_word' id='word_1_292' title='bbox 299 3226 325 3285; x_wconf 93' lang='lat' dir='ltr'><strong>l.</strong></span> <span class='ocrx_word' id='word_1_293' title='bbox 371 3222 420 3286; x_wconf 90' lang='lat' dir='ltr'><strong>De</strong></span> <span class='ocrx_word' id='word_1_294' title='bbox 448 3225 517 3282; x_wconf 81' lang='lat' dir='ltr'><strong>olim</strong></span> <span class='ocrx_word' id='word_1_295' title='bbox 540 3221 685 3287; x_wconf 86' lang='lat' dir='ltr'><strong>Handius</strong></span> <span class='ocrx_word' id='word_1_296' title='bbox 715 3221 796 3287; x_wconf 86' lang='lat' dir='ltr'><strong>haec</strong></span> <span class='ocrx_word' id='word_1_297' title='bbox 823 3222 938 3287; x_wconf 88' lang='lat' dir='ltr'><strong>habet:</strong></span> <span class='ocrx_word' id='word_1_298' title='bbox 973 3223 1155 3301; x_wconf 85' lang='lat' dir='ltr'><strong>„Primaria</strong></span> <span class='ocrx_word' id='word_1_299' title='bbox 1184 3219 1377 3302; x_wconf 85' lang='lat' dir='ltr'><strong>significatio</strong></span> <span class='ocrx_word' id='word_1_300' title='bbox 1404 3222 1445 3282; x_wconf 81' lang='lat' dir='ltr'><strong>eet</strong></span> 
     </span>
     <span class='ocr_line' id='line_1_30' title="bbox 297 3316 1444 3400; baseline -0.003 -20"><span class='ocrx_word' id='word_1_301' title='bbox 297 3324 352 3381; x_wconf 78' lang='lat' dir='ltr'><strong>illo</strong></span> <span class='ocrx_word' id='word_1_302' title='bbox 375 3323 453 3395; x_wconf 77' lang='lat' dir='ltr'><strong>quod</strong></span> <span class='ocrx_word' id='word_1_303' title='bbox 474 3323 616 3393; x_wconf 73' lang='lat' dir='ltr'><strong>definitur</strong></span> <span class='ocrx_word' id='word_1_304' title='bbox 639 3327 772 3395; x_wconf 81' lang='lat' dir='ltr'><strong>tempore,</strong></span> <span class='ocrx_word' id='word_1_305' title='bbox 793 3323 963 3395; x_wconf 72' lang='lat' dir='ltr'><strong>aliquando.</strong></span> <span class='ocrx_word' id='word_1_306' title='bbox 1009 3321 1216 3385; x_wconf 81' lang='lat' dir='ltr'><strong>Grammatici</strong></span> <span class='ocrx_word' id='word_1_307' title='bbox 1232 3321 1336 3400; x_wconf 83' lang='lat' dir='ltr'><strong>igitur</strong></span> <span class='ocrx_word' id='word_1_308' title='bbox 1351 3316 1444 3383; x_wconf 84' lang='lat' dir='ltr'><strong>neseio</strong></span> 
     </span>
     <span class='ocr_line' id='line_1_31' title="bbox 298 3417 1444 3498; baseline -0.003 -17"><span class='ocrx_word' id='word_1_309' title='bbox 298 3436 338 3481; x_wconf 93' lang='lat' dir='ltr'><strong>au</strong></span> <span class='ocrx_word' id='word_1_310' title='bbox 361 3435 423 3481; x_wconf 91' lang='lat' dir='ltr'><strong>non</strong></span> <span class='ocrx_word' id='word_1_311' title='bbox 452 3427 621 3496; x_wconf 85' lang='lat' dir='ltr'><strong>perspecta</strong></span> <span class='ocrx_word' id='word_1_312' title='bbox 648 3435 746 3482; x_wconf 90' lang='lat' dir='ltr'><strong>causa</strong></span> <span class='ocrx_word' id='word_1_313' title='bbox 773 3419 923 3482; x_wconf 81' lang='lat' dir='ltr'><strong>dixerunt</strong></span> <span class='ocrx_word' id='word_1_314' title='bbox 944 3418 1109 3498; x_wconf 89' lang='lat' dir='ltr'><strong>quodlibet</strong></span> <span class='ocrx_word' id='word_1_315' title='bbox 1136 3425 1265 3496; x_wconf 87' lang='lat' dir='ltr'><strong>tempus</strong></span> <span class='ocrx_word' id='word_1_316' title='bbox 1294 3417 1355 3483; x_wconf 83' lang='lat' dir='ltr'><strong>hae</strong></span> <span class='ocrx_word' id='word_1_317' title='bbox 1382 3431 1444 3495; x_wconf 86' lang='lat' dir='ltr'><strong>par·</strong></span> 
     </span>
     <span class='ocr_line' id='line_1_32' title="bbox 295 3510 1443 3595; baseline -0.005 -16"><span class='ocrx_word' id='word_1_318' title='bbox 295 3514 394 3579; x_wconf 85' lang='lat' dir='ltr'><strong>tieula</strong></span> <span class='ocrx_word' id='word_1_319' title='bbox 415 3514 595 3595; x_wconf 81' lang='lat' dir='ltr'><strong>significari.</strong></span> <span class='ocrx_word' id='word_1_320' title='bbox 621 3515 742 3579; x_wconf 86' lang='lat' dir='ltr'><strong>Deinde</strong></span> <span class='ocrx_word' id='word_1_321' title='bbox 765 3515 905 3580; x_wconf 82' lang='lat' dir='ltr'><strong>refertur</strong></span> <span class='ocrx_word' id='word_1_322' title='bbox 926 3515 967 3578; x_wconf 90' lang='lat' dir='ltr'><strong>ad</strong></span> <span class='ocrx_word' id='word_1_323' title='bbox 991 3523 1117 3595; x_wconf 81' lang='lat' dir='ltr'><strong>tempus</strong></span> <span class='ocrx_word' id='word_1_324' title='bbox 1146 3524 1308 3580; x_wconf 89' lang='lat' dir='ltr'><strong>remotum</strong></span> <span class='ocrx_word' id='word_1_325' title='bbox 1331 3522 1365 3580; x_wconf 93' lang='lat' dir='ltr'><strong>et</strong></span> <span class='ocrx_word' id='word_1_326' title='bbox 1379 3510 1443 3577; x_wconf 86' lang='lat' dir='ltr'><strong>dici·</strong></span> 
     </span>
     <span class='ocr_line' id='line_1_33' title="bbox 295 3610 1445 3692; baseline -0.005 -16"><span class='ocrx_word' id='word_1_327' title='bbox 295 3618 350 3675; x_wconf 89' lang='lat' dir='ltr'><strong>tur</strong></span> <span class='ocrx_word' id='word_1_328' title='bbox 372 3613 411 3676; x_wconf 92' lang='lat' dir='ltr'><strong>de</strong></span> <span class='ocrx_word' id='word_1_329' title='bbox 435 3631 483 3691; x_wconf 92' lang='lat' dir='ltr'><strong>eo,</strong></span> <span class='ocrx_word' id='word_1_330' title='bbox 506 3615 590 3689; x_wconf 85' lang='lat' dir='ltr'><strong>quod</strong></span> <span class='ocrx_word' id='word_1_331' title='bbox 614 3612 720 3692; x_wconf 86' lang='lat' dir='ltr'><strong>aliquo</strong></span> <span class='ocrx_word' id='word_1_332' title='bbox 744 3620 888 3692; x_wconf 89' lang='lat' dir='ltr'><strong>tempore</strong></span> <span class='ocrx_word' id='word_1_333' title='bbox 912 3619 987 3679; x_wconf 86' lang='lat' dir='ltr'><strong>ante</strong></span> <span class='ocrx_word' id='word_1_334' title='bbox 1011 3619 1061 3678; x_wconf 90' lang='lat' dir='ltr'><strong>est</strong></span> <span class='ocrx_word' id='word_1_335' title='bbox 1083 3618 1201 3692; x_wconf 88' lang='lat' dir='ltr'><strong>actum,</strong></span> <span class='ocrx_word' id='word_1_336' title='bbox 1224 3612 1336 3677; x_wconf 84' lang='lat' dir='ltr'><strong>addito</strong></span> <span class='ocrx_word' id='word_1_337' title='bbox 1356 3610 1445 3690; x_wconf 88' lang='lat' dir='ltr'><strong>ipsius</strong></span> 
     </span>
     <span class='ocr_line' id='line_1_34' title="bbox 294 3710 1444 3792; baseline 0 -18"><span class='ocrx_word' id='word_1_338' title='bbox 294 3711 449 3789; x_wconf 88' lang='lat' dir='ltr'><strong>temporis</strong></span> <span class='ocrx_word' id='word_1_339' title='bbox 471 3710 596 3774; x_wconf 90' lang='lat' dir='ltr'><strong>nomine</strong></span> <span class='ocrx_word' id='word_1_340' title='bbox 624 3715 681 3774; x_wconf 88' lang='lat' dir='ltr'><strong>aut</strong></span> <span class='ocrx_word' id='word_1_341' title='bbox 708 3710 777 3774; x_wconf 85' lang='lat' dir='ltr'><strong>eius</strong></span> <span class='ocrx_word' id='word_1_342' title='bbox 800 3711 1021 3792; x_wconf 81' lang='lat' dir='ltr'><strong>designatione</strong></span> <span class='ocrx_word' id='word_1_343' title='bbox 1047 3730 1106 3792; x_wconf 89' lang='lat' dir='ltr'><strong>per</strong></span> <span class='ocrx_word' id='word_1_344' title='bbox 1136 3710 1330 3791; x_wconf 82' lang='lat' dir='ltr'><strong>particulam</strong></span> <span class='ocrx_word' id='word_1_345' title='bbox 1359 3726 1444 3783; x_wconf 72' lang='lat' dir='ltr'><strong>pena.</strong></span> 
     </span>
     <span class='ocr_line' id='line_1_35' title="bbox 295 3806 1446 3889; baseline -0.003 -19"><span class='ocrx_word' id='word_1_346' title='bbox 295 3806 363 3872; x_wconf 89' lang='lat' dir='ltr'><strong>Nec</strong></span> <span class='ocrx_word' id='word_1_347' title='bbox 386 3807 559 3888; x_wconf 88' lang='lat' dir='ltr'><strong>quidquam</strong></span> <span class='ocrx_word' id='word_1_348' title='bbox 582 3807 696 3886; x_wconf 85' lang='lat' dir='ltr'><strong>refert,</strong></span> <span class='ocrx_word' id='word_1_349' title='bbox 720 3816 827 3873; x_wconf 87' lang='lat' dir='ltr'><strong>utrum</strong></span> <span class='ocrx_word' id='word_1_350' title='bbox 851 3814 976 3889; x_wconf 86' lang='lat' dir='ltr'><strong>tempus</strong></span> <span class='ocrx_word' id='word_1_351' title='bbox 1007 3811 1051 3873; x_wconf 87' lang='lat' dir='ltr'><strong>sit</strong></span> <span class='ocrx_word' id='word_1_352' title='bbox 1078 3808 1287 3889; x_wconf 82' lang='lat' dir='ltr'><strong>longinquum</strong></span> <span class='ocrx_word' id='word_1_353' title='bbox 1316 3826 1356 3871; x_wconf 89' lang='lat' dir='ltr'><strong>an</strong></span> <span class='ocrx_word' id='word_1_354' title='bbox 1384 3821 1446 3884; x_wconf 81' lang='lat' dir='ltr'><strong>pro</strong></span> 
     </span>
     <span class='ocr_line' id='line_1_36' title="bbox 295 3905 1446 3988; baseline -0.003 -21"><span class='ocrx_word' id='word_1_355' title='bbox 295 3905 376 3985; x_wconf 86' lang='lat' dir='ltr'><strong>pius.</strong></span> <span class='ocrx_word' id='word_1_356' title='bbox 404 3905 465 3970; x_wconf 88' lang='lat' dir='ltr'><strong>Sed</strong></span> <span class='ocrx_word' id='word_1_357' title='bbox 489 3907 585 3969; x_wconf 90' lang='lat' dir='ltr'><strong>etiam</strong></span> <span class='ocrx_word' id='word_1_358' title='bbox 608 3924 666 3985; x_wconf 85' lang='lat' dir='ltr'><strong>per</strong></span> <span class='ocrx_word' id='word_1_359' title='bbox 689 3924 723 3971; x_wconf 88' lang='lat' dir='ltr'><strong>se</strong></span> <span class='ocrx_word' id='word_1_360' title='bbox 745 3905 904 3988; x_wconf 79' lang='lat' dir='ltr'><strong>significat</strong></span> <span class='ocrx_word' id='word_1_361' title='bbox 925 3914 1053 3988; x_wconf 83' lang='lat' dir='ltr'><strong>tempus</strong></span> <span class='ocrx_word' id='word_1_362' title='bbox 1075 3905 1320 3988; x_wconf 88' lang='lat' dir='ltr'><strong>praeteritum.“</strong></span> <span class='ocrx_word' id='word_1_363' title='bbox 1353 3905 1446 3969; x_wconf 88' lang='lat' dir='ltr'><strong>Plant</strong></span> 
     </span>
     <span class='ocr_line' id='line_1_37' title="bbox 294 4000 1447 4082; baseline -0.003 -16"><span class='ocrx_word' id='word_1_364' title='bbox 294 4002 383 4067; x_wconf 82' lang='lat' dir='ltr'><strong>Asin.</strong></span> <span class='ocrx_word' id='word_1_365' title='bbox 410 4003 475 4082; x_wconf 91' lang='grc' dir='ltr'>ΙΙΙ,</span> <span class='ocrx_word' id='word_1_366' title='bbox 505 4009 538 4082; x_wconf 88' lang='grc'>3,</span> <span class='ocrx_word' id='word_1_367' title='bbox 565 4008 639 4068; x_wconf 82' lang='lat'>126:</span> <span class='ocrx_word' id='word_1_368' title='bbox 674 4010 720 4067; x_wconf 78' lang='lat' dir='ltr'><strong>An</strong></span> <span class='ocrx_word' id='word_1_369' title='bbox 752 4009 822 4081; x_wconf 87' lang='lat' dir='ltr'><strong>qnid</strong></span> <span class='ocrx_word' id='word_1_370' title='bbox 852 4009 923 4066; x_wconf 82' lang='lat' dir='ltr'><strong>olim</strong></span> <span class='ocrx_word' id='word_1_371' title='bbox 952 4009 1095 4067; x_wconf 81' lang='lat' dir='ltr'><strong>hominist</strong></span> <span class='ocrx_word' id='word_1_372' title='bbox 1117 4007 1220 4066; x_wconf 85' lang='lat' dir='ltr'><strong>Saluto</strong></span> <span class='ocrx_word' id='word_1_373' title='bbox 1243 4005 1387 4082; x_wconf 72' lang='lat' dir='ltr'><strong>melidai,</strong></span> <span class='ocrx_word' id='word_1_374' title='bbox 1416 4000 1447 4063; x_wconf 89' lang='lat' dir='ltr'><strong>de</strong></span> 
     </span>
     <span class='ocr_line' id='line_1_38' title="bbox 297 4100 1445 4182; baseline -0.003 -18"><span class='ocrx_word' id='word_1_375' title='bbox 297 4118 360 4180; x_wconf 86' lang='lat' dir='ltr'><strong>quo</strong></span> <span class='ocrx_word' id='word_1_376' title='bbox 384 4101 452 4166; x_wconf 89' lang='lat' dir='ltr'><strong>loeo</strong></span> <span class='ocrx_word' id='word_1_377' title='bbox 475 4100 621 4166; x_wconf 85' lang='lat' dir='ltr'><strong>Handiua</strong></span> <span class='ocrx_word' id='word_1_378' title='bbox 645 4120 676 4182; x_wconf 93' lang='lat' dir='ltr'><strong>p.</strong></span> <span class='ocrx_word' id='word_1_379' title='bbox 700 4108 776 4167; x_wconf 85' lang='lat'>371:</span> <span class='ocrx_word' id='word_1_380' title='bbox 806 4103 997 4182; x_wconf 86' lang='lat' dir='ltr'><strong>„retulerim</strong></span> <span class='ocrx_word' id='word_1_381' title='bbox 1021 4103 1122 4168; x_wconf 85' lang='lat' dir='ltr'><strong>verba</strong></span> <span class='ocrx_word' id='word_1_382' title='bbox 1143 4103 1184 4167; x_wconf 86' lang='lat' dir='ltr'><strong>ad</strong></span> <span class='ocrx_word' id='word_1_383' title='bbox 1207 4120 1254 4168; x_wconf 82' lang='lat' dir='ltr'><strong>ea</strong></span> <span class='ocrx_word' id='word_1_384' title='bbox 1278 4120 1362 4182; x_wconf 86' lang='lat' dir='ltr'><strong>quae</strong></span> <span class='ocrx_word' id='word_1_385' title='bbox 1384 4106 1445 4164; x_wconf 83' lang='lat' dir='ltr'><strong>nl</strong></span> 
     </span>
     <span class='ocr_line' id='line_1_39' title="bbox 298 4199 1447 4281; baseline -0.002 -21"><span class='ocrx_word' id='word_1_386' title='bbox 298 4199 440 4278; x_wconf 82' lang='lat' dir='ltr'><strong>exposui,</strong></span> <span class='ocrx_word' id='word_1_387' title='bbox 464 4206 501 4263; x_wconf 92' lang='lat' dir='ltr'><strong>ut</strong></span> <span class='ocrx_word' id='word_1_388' title='bbox 524 4200 566 4263; x_wconf 86' lang='lat' dir='ltr'><strong>sit</strong></span> <span class='ocrx_word' id='word_1_389' title='bbox 588 4205 677 4264; x_wconf 89' lang='lat' dir='ltr'><strong>certo</strong></span> <span class='ocrx_word' id='word_1_390' title='bbox 700 4200 808 4279; x_wconf 88' lang='lat' dir='ltr'><strong>aliquo</strong></span> <span class='ocrx_word' id='word_1_391' title='bbox 832 4208 987 4281; x_wconf 89' lang='lat' dir='ltr'><strong>tempore,</strong></span> <span class='ocrx_word' id='word_1_392' title='bbox 1012 4219 1069 4265; x_wconf 86' lang='lat' dir='ltr'><strong>suo</strong></span> <span class='ocrx_word' id='word_1_393' title='bbox 1087 4207 1248 4281; x_wconf 85' lang='lat' dir='ltr'><strong>ternpore:</strong></span> <span class='ocrx_word' id='word_1_394' title='bbox 1273 4202 1335 4265; x_wconf 90' lang='lat' dir='ltr'><strong>nisi</strong></span> <span class='ocrx_word' id='word_1_395' title='bbox 1357 4201 1396 4264; x_wconf 93' lang='lat' dir='ltr'><strong>de</strong></span> <span class='ocrx_word' id='word_1_396' title='bbox 1416 4214 1447 4260; x_wconf 88' lang='lat' dir='ltr'><strong>eo</strong></span> 
     </span>
     <span class='ocr_line' id='line_1_40' title="bbox 298 4293 1447 4378; baseline -0.001 -22"><span class='ocrx_word' id='word_1_397' title='bbox 298 4293 419 4359; x_wconf 87' lang='lat' dir='ltr'><strong>dietum</strong></span> <span class='ocrx_word' id='word_1_398' title='bbox 443 4302 509 4374; x_wconf 86' lang='lat' dir='ltr'><strong>est,</strong></span> <span class='ocrx_word' id='word_1_399' title='bbox 533 4297 619 4376; x_wconf 89' lang='lat' dir='ltr'><strong>quod</strong></span> <span class='ocrx_word' id='word_1_400' title='bbox 641 4296 711 4365; x_wconf 88' lang='lat' dir='ltr'><strong>fieri</strong></span> <span class='ocrx_word' id='word_1_401' title='bbox 734 4298 847 4364; x_wconf 87' lang='lat' dir='ltr'><strong>solet.“</strong></span> <span class='ocrx_word' id='word_1_402' title='bbox 893 4299 959 4364; x_wconf 87' lang='lat' dir='ltr'><strong>Mil.</strong></span> <span class='ocrx_word' id='word_1_403' title='bbox 983 4299 1016 4378; x_wconf 93' lang='lat' dir='ltr'><strong>I,</strong></span> <span class='ocrx_word' id='word_1_404' title='bbox 1041 4305 1075 4372; x_wconf 91' lang='lat'><strong>1,</strong></span> <span class='ocrx_word' id='word_1_405' title='bbox 1100 4303 1135 4362; x_wconf 81' lang='lat'><strong>2:</strong></span> <span class='ocrx_word' id='word_1_406' title='bbox 1169 4303 1263 4374; x_wconf 80' lang='lat' dir='ltr'><strong>Quum</strong></span> <span class='ocrx_word' id='word_1_407' title='bbox 1288 4302 1360 4362; x_wconf 82' lang='lat' dir='ltr'><strong>eolis</strong></span> <span class='ocrx_word' id='word_1_408' title='bbox 1382 4297 1447 4359; x_wconf 84' lang='lat' dir='ltr'><strong>radii</strong></span> 
     </span>
     <span class='ocr_line' id='line_1_41' title="bbox 295 4394 1447 4476; baseline 0.003 -23"><span class='ocrx_word' id='word_1_409' title='bbox 295 4410 364 4454; x_wconf 83' lang='lat' dir='ltr'><strong>aeae</strong></span> <span class='ocrx_word' id='word_1_410' title='bbox 387 4394 460 4457; x_wconf 79' lang='lat' dir='ltr'><strong>olim</strong></span> <span class='ocrx_word' id='word_1_411' title='bbox 480 4415 568 4471; x_wconf 79' lang='lat' dir='ltr'><strong>quom</strong></span> <span class='ocrx_word' id='word_1_412' title='bbox 589 4399 723 4459; x_wconf 67' lang='lat' dir='ltr'><strong>ordume</strong></span> <span class='ocrx_word' id='word_1_413' title='bbox 746 4402 853 4461; x_wconf 83' lang='lat' dir='ltr'><strong>solent.</strong></span> <span class='ocrx_word' id='word_1_414' title='bbox 899 4398 1010 4462; x_wconf 86' lang='lat' dir='ltr'><strong>Grut.:</strong></span> <span class='ocrx_word' id='word_1_415' title='bbox 1034 4396 1124 4476; x_wconf 81' lang='lat' dir='ltr'><strong>„Est</strong></span> <span class='ocrx_word' id='word_1_416' title='bbox 1145 4396 1230 4461; x_wconf 90' lang='lat' dir='ltr'><strong>enim</strong></span> <span class='ocrx_word' id='word_1_417' title='bbox 1253 4400 1324 4458; x_wconf 71' lang='lat' dir='ltr'><strong>otim</strong></span> <span class='ocrx_word' id='word_1_418' title='bbox 1346 4396 1447 4460; x_wconf 84' lang='lat' dir='ltr'><strong>adver·</strong></span> 
     </span>
    </p>
   </div>
   <div class='ocr_carea' id='block_1_3' title="bbox 0 0 1578 5075">
    <p class='ocr_par' dir='ltr' id='par_1_3' title="bbox 0 0 1578 5075">
     <span class='ocr_line' id='line_1_42' title="bbox 0 0 1578 5075; baseline 0 0"><span class='ocrx_word' id='word_1_419' title='bbox 0 0 1578 5075; x_wconf 95' lang='lat' dir='ltr'><strong> </strong></span> 
     </span>
    </p>
   </div>
  </div>
 </body>
</html>
