<?xml version="1.0" encoding="UTF-8"?>
<!DOCTYPE html PUBLIC "-//W3C//DTD XHTML 1.0 Transitional//EN"
    "http://www.w3.org/TR/xhtml1/DTD/xhtml1-transitional.dtd">
<html xmlns="http://www.w3.org/1999/xhtml" xml:lang="en" lang="en">
 <head>
  <title>
</title>
<meta http-equiv="Content-Type" content="text/html;charset=utf-8" />
  <meta name='ocr-system' content='tesseract 3.04.00' />
  <meta name='ocr-capabilities' content='ocr_page ocr_carea ocr_par ocr_line ocrx_word'/>
</head>
<body>
  <div class='ocr_page' id='page_1' title='image "./syntaxispriscor00holtgoog_0621.png"; bbox 0 0 3125 5075; ppageno 0'>
   <div class='ocr_carea' id='block_1_1' title="bbox 204 304 1056 418">
    <p class='ocr_par' dir='ltr' id='par_1_1' title="bbox 204 304 1056 418">
     <span class='ocr_line' id='line_1_1' title="bbox 204 304 1056 418; baseline -0.006 -58"><span class='ocrx_word' id='word_1_1' title='bbox 204 328 267 418; x_wconf 55' lang='lat' dir='ltr'>,iffi</span> <span class='ocrx_word' id='word_1_2' title='bbox 647 317 924 376; x_wconf 69' lang='lat' dir='ltr'>unnsuu.-csr.nu1.</span> <span class='ocrx_word' id='word_1_3' title='bbox 1050 304 1056 313; x_wconf 87' lang='lat'>&#39;</span> 
     </span>
    </p>
   </div>
   <div class='ocr_carea' id='block_1_2' title="bbox 199 498 1371 2150">
    <p class='ocr_par' dir='ltr' id='par_1_2' title="bbox 199 498 1370 1072">
     <span class='ocr_line' id='line_1_2' title="bbox 199 498 1370 595; baseline -0.002 -27"><span class='ocrx_word' id='word_1_4' title='bbox 199 512 358 584; x_wconf 61' lang='lat' dir='ltr'>,serventur</span> <span class='ocrx_word' id='word_1_5' title='bbox 388 524 498 595; x_wconf 71' lang='lat' dir='ltr'>,mogus</span> <span class='ocrx_word' id='word_1_6' title='bbox 531 509 695 585; x_wconf 82' lang='lat' dir='ltr'>diligentis,</span> <span class='ocrx_word' id='word_1_7' title='bbox 729 506 771 571; x_wconf 86' lang='lat' dir='ltr'>sd</span> <span class='ocrx_word' id='word_1_8' title='bbox 801 522 832 586; x_wconf 86' lang='lat' dir='ltr'>q.</span> <span class='ocrx_word' id='word_1_9' title='bbox 862 505 887 582; x_wconf 80' lang='grc' dir='ltr'>Ι1.</span> <span class='ocrx_word' id='word_1_10' title='bbox 916 502 1075 582; x_wconf 80' lang='lat' dir='ltr'>Lipdem:</span> <span class='ocrx_word' id='word_1_11' title='bbox 1105 500 1166 581; x_wconf 80' lang='lat' dir='ltr'>„lu</span> <span class='ocrx_word' id='word_1_12' title='bbox 1190 498 1370 568; x_wconf 71' lang='lat' dir='ltr'>enmono</span> 
     </span>
     <span class='ocr_line' id='line_1_3' title="bbox 200 596 1370 694; baseline -0.008 -23"><span class='ocrx_word' id='word_1_13' title='bbox 200 604 361 694; x_wconf 38' lang='lat' dir='ltr'>‚seriorem</span> <span class='ocrx_word' id='word_1_14' title='bbox 384 602 637 670; x_wconf 78' lang='lat' dir='ltr'><strong>cohortationem</strong></span> <span class='ocrx_word' id='word_1_15' title='bbox 659 603 896 670; x_wconf 87' lang='lat' dir='ltr'>continentibus</span> <span class='ocrx_word' id='word_1_16' title='bbox 919 600 972 666; x_wconf 85' lang='lat' dir='ltr'>sel</span> <span class='ocrx_word' id='word_1_17' title='bbox 986 600 1170 675; x_wconf 76' lang='lat' dir='ltr'>cautionem</span> <span class='ocrx_word' id='word_1_18' title='bbox 1185 596 1370 679; x_wconf 71' lang='lat' dir='ltr'>diligentie</span> 
     </span>
     <span class='ocr_line' id='line_1_4' title="bbox 202 695 1370 793; baseline -0.009 -26"><span class='ocrx_word' id='word_1_19' title='bbox 202 720 273 793; x_wconf 84' lang='lat' dir='ltr'>rem</span> <span class='ocrx_word' id='word_1_20' title='bbox 294 700 590 790; x_wconf 65' lang='lat' dir='ltr'>praescribentibus</span> <span class='ocrx_word' id='word_1_21' title='bbox 612 702 664 767; x_wconf 86' lang='lat' dir='ltr'>vel</span> <span class='ocrx_word' id='word_1_22' title='bbox 685 702 839 772; x_wconf 80' lang='lat' dir='ltr'>mandata</span> <span class='ocrx_word' id='word_1_23' title='bbox 860 700 958 773; x_wconf 76' lang='lat' dir='ltr'>eitius</span> <span class='ocrx_word' id='word_1_24' title='bbox 987 695 1195 786; x_wconf 66' lang='lat' dir='ltr'>insurgentibus</span> <span class='ocrx_word' id='word_1_25' title='bbox 1224 699 1312 776; x_wconf 78' lang='lat' dir='ltr'>port</span> <span class='ocrx_word' id='word_1_26' title='bbox 1338 700 1370 757; x_wconf 75' lang='lat' dir='ltr'>ct</span> 
     </span>
     <span class='ocr_line' id='line_1_5' title="bbox 201 793 1369 888; baseline -0.007 -26"><span class='ocrx_word' id='word_1_27' title='bbox 201 799 338 888; x_wconf 77' lang='lat' dir='ltr'>ponitur</span> <span class='ocrx_word' id='word_1_28' title='bbox 359 797 476 866; x_wconf 85' lang='lat' dir='ltr'>omisso</span> <span class='ocrx_word' id='word_1_29' title='bbox 499 798 606 878; x_wconf 87' lang='lat' dir='ltr'>verbo,</span> <span class='ocrx_word' id='word_1_30' title='bbox 629 816 727 879; x_wconf 85' lang='lat' dir='ltr'>aquo</span> <span class='ocrx_word' id='word_1_31' title='bbox 741 797 912 880; x_wconf 85' lang='lat' dir='ltr'>pendeat“</span> <span class='ocrx_word' id='word_1_32' title='bbox 935 795 1089 864; x_wconf 80' lang='lat' dir='ltr'>Similiter</span> <span class='ocrx_word' id='word_1_33' title='bbox 1110 793 1259 873; x_wconf 77' lang='lat' dir='ltr'>Persii,</span> <span class='ocrx_word' id='word_1_34' title='bbox 1282 797 1314 873; x_wconf 85' lang='lat'>2,</span> <span class='ocrx_word' id='word_1_35' title='bbox 1334 797 1369 858; x_wconf 78' lang='lat'>9:</span> 
     </span>
     <span class='ocr_line' id='line_1_6' title="bbox 204 888 1369 978; baseline -0.002 -20"><span class='ocrx_word' id='word_1_36' title='bbox 204 888 300 978; x_wconf 77' lang='lat' dir='ltr'>Quem</span> <span class='ocrx_word' id='word_1_37' title='bbox 321 899 372 971; x_wconf 94' lang='lat' dir='ltr'>pol</span> <span class='ocrx_word' id='word_1_38' title='bbox 395 914 449 973; x_wconf 75' lang='lat' dir='ltr'>ego</span> <span class='ocrx_word' id='word_1_39' title='bbox 471 900 506 958; x_wconf 76' lang='lat' dir='ltr'>ut</span> <span class='ocrx_word' id='word_1_40' title='bbox 525 898 675 962; x_wconf 89' lang='lat' dir='ltr'>bominem</span> <span class='ocrx_word' id='word_1_41' title='bbox 696 900 727 957; x_wconf 91' lang='lat' dir='ltr'>in</span> <span class='ocrx_word' id='word_1_42' title='bbox 750 900 924 974; x_wconf 79' lang='lat' dir='ltr'>cruciatum,</span> <span class='ocrx_word' id='word_1_43' title='bbox 941 899 978 970; x_wconf 60' lang='lat' dir='ltr'>¹iu</span> <span class='ocrx_word' id='word_1_44' title='bbox 1001 894 1154 969; x_wconf 80' lang='lat' dir='ltr'>compedis</span> <span class='ocrx_word' id='word_1_45' title='bbox 1175 910 1294 967; x_wconf 63' lang='lat' dir='ltr'>copon</span> <span class='ocrx_word' id='word_1_46' title='bbox 1312 890 1369 956; x_wconf 68' lang='lat' dir='ltr'>dc·</span> 
     </span>
     <span class='ocr_line' id='line_1_7' title="bbox 203 985 1369 1072; baseline -0.004 -12"><span class='ocrx_word' id='word_1_47' title='bbox 203 996 285 1060; x_wconf 86' lang='lat' dir='ltr'>rent</span> <span class='ocrx_word' id='word_1_48' title='bbox 302 990 437 1071; x_wconf 74' lang='lat' dir='ltr'>Adelph.</span> <span class='ocrx_word' id='word_1_49' title='bbox 454 990 538 1072; x_wconf 76' lang='lat' dir='ltr'>tuo,</span> <span class='ocrx_word' id='word_1_50' title='bbox 553 995 607 1056; x_wconf 87' lang='lat'>16:</span> <span class='ocrx_word' id='word_1_51' title='bbox 631 997 674 1057; x_wconf 79' lang='lat' dir='ltr'>Ac</span> <span class='ocrx_word' id='word_1_52' title='bbox 694 999 729 1055; x_wconf 81' lang='lat' dir='ltr'>st</span> <span class='ocrx_word' id='word_1_53' title='bbox 744 1013 829 1057; x_wconf 86' lang='lat' dir='ltr'>ornos</span> <span class='ocrx_word' id='word_1_54' title='bbox 844 995 960 1069; x_wconf 75' lang='lat' dir='ltr'>reddor,</span> <span class='ocrx_word' id='word_1_55' title='bbox 984 988 1055 1060; x_wconf 76' lang='lat' dir='ltr'>obst</span> <span class='ocrx_word' id='word_1_56' title='bbox 1075 985 1138 1067; x_wconf 71' lang='lat' dir='ltr'>bob</span> <span class='ocrx_word' id='word_1_57' title='bbox 1161 1005 1194 1053; x_wconf 78' lang='lat' dir='ltr'>et</span> <span class='ocrx_word' id='word_1_58' title='bbox 1217 1005 1281 1054; x_wconf 82' lang='lat' dir='ltr'>our</span> <span class='ocrx_word' id='word_1_59' title='bbox 1295 992 1369 1055; x_wconf 79' lang='lat' dir='ltr'>cco.</span> 
     </span>
    </p>

    <p class='ocr_par' dir='ltr' id='par_1_3' title="bbox 204 1086 1371 1850">
     <span class='ocr_line' id='line_1_8' title="bbox 289 1086 1369 1171; baseline 0.002 -18"><span class='ocrx_word' id='word_1_60' title='bbox 289 1088 320 1171; x_wconf 91' lang='lat' dir='ltr'>c)</span> <span class='ocrx_word' id='word_1_61' title='bbox 367 1092 408 1153; x_wconf 87' lang='lat' dir='ltr'>Ut</span> <span class='ocrx_word' id='word_1_62' title='bbox 423 1093 550 1171; x_wconf 73' lang='lat' dir='ltr'>positor</span> <span class='ocrx_word' id='word_1_63' title='bbox 570 1092 604 1149; x_wconf 79' lang='lat' dir='ltr'>r&#39;rc</span> <span class='ocrx_word' id='word_1_64' title='bbox 625 1093 702 1152; x_wconf 82' lang='lat' dir='ltr'>cotis</span> <span class='ocrx_word' id='word_1_65' title='bbox 722 1094 786 1152; x_wconf 81' lang='lat' dir='ltr'>sios</span> <span class='ocrx_word' id='word_1_66' title='bbox 808 1093 919 1169; x_wconf 77' lang='lat' dir='ltr'>optatis</span> <span class='ocrx_word' id='word_1_67' title='bbox 940 1086 1172 1170; x_wconf 82' lang='lat' dir='ltr'>significatione</span> <span class='ocrx_word' id='word_1_68' title='bbox 1196 1106 1227 1151; x_wconf 87' lang='lat' dir='ltr'>v.</span> <span class='ocrx_word' id='word_1_69' title='bbox 1250 1089 1369 1155; x_wconf 65' lang='lat' dir='ltr'>“iim</span> 
     </span>
     <span class='ocr_line' id='line_1_9' title="bbox 204 1183 1369 1268; baseline -0.005 -12"><span class='ocrx_word' id='word_1_70' title='bbox 204 1189 308 1266; x_wconf 79' lang='lat' dir='ltr'>Pisot.</span> <span class='ocrx_word' id='word_1_71' title='bbox 337 1188 432 1253; x_wconf 91' lang='lat' dir='ltr'>Poen.</span> <span class='ocrx_word' id='word_1_72' title='bbox 459 1186 516 1268; x_wconf 89' lang='lat' dir='ltr'>IV,</span> <span class='ocrx_word' id='word_1_73' title='bbox 545 1191 575 1267; x_wconf 84' lang='lat'>2,</span> <span class='ocrx_word' id='word_1_74' title='bbox 604 1191 662 1253; x_wconf 82' lang='lat'>90:</span> <span class='ocrx_word' id='word_1_75' title='bbox 695 1191 804 1252; x_wconf 81' lang='lat' dir='ltr'><em>Valeas</em></span> <span class='ocrx_word' id='word_1_76' title='bbox 829 1191 966 1267; x_wconf 83' lang='lat' dir='ltr'>bonoque</span> <span class='ocrx_word' id='word_1_77' title='bbox 992 1193 1027 1250; x_wconf 78' lang='lat' dir='ltr'>ot</span> <span class='ocrx_word' id='word_1_78' title='bbox 1053 1190 1095 1250; x_wconf 81' lang='lat' dir='ltr'>sit</span> <span class='ocrx_word' id='word_1_79' title='bbox 1119 1188 1184 1248; x_wconf 86' lang='lat' dir='ltr'>tibi.</span> <span class='ocrx_word' id='word_1_80' title='bbox 1218 1183 1369 1263; x_wconf 82' lang='lat' dir='ltr'>Aquilius</span> 
     </span>
     <span class='ocr_line' id='line_1_10' title="bbox 206 1283 1369 1364; baseline -0.008 -12"><span class='ocrx_word' id='word_1_81' title='bbox 206 1285 343 1352; x_wconf 86' lang='lat' dir='ltr'>Boeotio</span> <span class='ocrx_word' id='word_1_82' title='bbox 363 1283 400 1349; x_wconf 84' lang='lat' dir='ltr'>fr.</span> <span class='ocrx_word' id='word_1_83' title='bbox 427 1290 459 1354; x_wconf 87' lang='lat'>1:</span> <span class='ocrx_word' id='word_1_84' title='bbox 483 1291 517 1347; x_wconf 82' lang='lat' dir='ltr'>ut</span> <span class='ocrx_word' id='word_1_85' title='bbox 538 1288 622 1349; x_wconf 90' lang='lat' dir='ltr'>illum</span> <span class='ocrx_word' id='word_1_86' title='bbox 651 1288 682 1347; x_wconf 92' lang='lat' dir='ltr'>di</span> <span class='ocrx_word' id='word_1_87' title='bbox 710 1288 852 1362; x_wconf 78' lang='lat' dir='ltr'>perdant,</span> <span class='ocrx_word' id='word_1_88' title='bbox 879 1290 994 1364; x_wconf 87' lang='lat' dir='ltr'>primns</span> <span class='ocrx_word' id='word_1_89' title='bbox 1021 1288 1072 1362; x_wconf 86' lang='lat' dir='ltr'>qui</span> <span class='ocrx_word' id='word_1_90' title='bbox 1099 1285 1190 1347; x_wconf 87' lang='lat' dir='ltr'>horas</span> <span class='ocrx_word' id='word_1_91' title='bbox 1222 1284 1369 1359; x_wconf 81' lang='lat' dir='ltr'>repperit</span> 
     </span>
     <span class='ocr_line' id='line_1_11' title="bbox 204 1373 1370 1478; baseline -0.008 -27"><span class='ocrx_word' id='word_1_92' title='bbox 204 1373 322 1478; x_wconf 56' lang='lat' dir='ltr'>§aecii</span> <span class='ocrx_word' id='word_1_93' title='bbox 351 1380 433 1449; x_wconf 83' lang='lat' dir='ltr'>Stat.</span> <span class='ocrx_word' id='word_1_94' title='bbox 461 1381 641 1447; x_wconf 84' lang='lat' dir='ltr'>Nauolerus</span> <span class='ocrx_word' id='word_1_95' title='bbox 666 1380 707 1447; x_wconf 85' lang='lat' dir='ltr'>ir.</span> <span class='ocrx_word' id='word_1_96' title='bbox 736 1388 770 1448; x_wconf 84' lang='lat'>2:</span> <span class='ocrx_word' id='word_1_97' title='bbox 804 1387 846 1447; x_wconf 83' lang='lat' dir='ltr'>Ut</span> <span class='ocrx_word' id='word_1_98' title='bbox 872 1393 902 1447; x_wconf 88' lang='lat' dir='ltr'>te</span> <span class='ocrx_word' id='word_1_99' title='bbox 930 1388 962 1448; x_wconf 85' lang='lat' dir='ltr'>di</span> <span class='ocrx_word' id='word_1_100' title='bbox 990 1401 1092 1448; x_wconf 82' lang='lat' dir='ltr'>omnes</span> <span class='ocrx_word' id='word_1_101' title='bbox 1119 1382 1280 1454; x_wconf 61' lang='lat' dir='ltr'>issem</span> <span class='ocrx_word' id='word_1_102' title='bbox 1304 1398 1370 1442; x_wconf 83' lang='lat' dir='ltr'>cum</span> 
     </span>
     <span class='ocr_line' id='line_1_12' title="bbox 205 1477 1371 1568; baseline -0.005 -22"><span class='ocrx_word' id='word_1_103' title='bbox 205 1486 283 1568; x_wconf 80' lang='lat' dir='ltr'>mals</span> <span class='ocrx_word' id='word_1_104' title='bbox 316 1484 432 1545; x_wconf 81' lang='lat' dir='ltr'>monito</span> <span class='ocrx_word' id='word_1_105' title='bbox 463 1477 620 1542; x_wconf 89' lang='lat' dir='ltr'>momoria!</span> <span class='ocrx_word' id='word_1_106' title='bbox 654 1479 782 1546; x_wconf 83' lang='lat' dir='ltr'>Terent</span> <span class='ocrx_word' id='word_1_107' title='bbox 817 1479 900 1547; x_wconf 87' lang='lat' dir='ltr'>Eun.</span> <span class='ocrx_word' id='word_1_108' title='bbox 938 1480 982 1559; x_wconf 83' lang='lat' dir='ltr'>II,</span> <span class='ocrx_word' id='word_1_109' title='bbox 1016 1486 1046 1559; x_wconf 85' lang='lat'>3,</span> <span class='ocrx_word' id='word_1_110' title='bbox 1082 1484 1135 1545; x_wconf 88' lang='lat' dir='ltr'>il:</span> <span class='ocrx_word' id='word_1_111' title='bbox 1159 1481 1203 1542; x_wconf 83' lang='lat' dir='ltr'>Ut</span> <span class='ocrx_word' id='word_1_112' title='bbox 1226 1481 1313 1540; x_wconf 85' lang='lat' dir='ltr'>iilum</span> <span class='ocrx_word' id='word_1_113' title='bbox 1340 1478 1371 1540; x_wconf 81' lang='lat' dir='ltr'>di</span> 
     </span>
     <span class='ocr_line' id='line_1_13' title="bbox 206 1575 1371 1658; baseline -0.007 -16"><span class='ocrx_word' id='word_1_114' title='bbox 206 1585 339 1657; x_wconf 84' lang='lat' dir='ltr'>deaeque</span> <span class='ocrx_word' id='word_1_115' title='bbox 363 1579 476 1640; x_wconf 88' lang='lat' dir='ltr'>senium</span> <span class='ocrx_word' id='word_1_116' title='bbox 494 1578 634 1653; x_wconf 76' lang='lat' dir='ltr'>perdant.</span> <span class='ocrx_word' id='word_1_117' title='bbox 672 1576 788 1642; x_wconf 85' lang='lat' dir='ltr'>Heaut.</span> <span class='ocrx_word' id='word_1_118' title='bbox 813 1577 868 1658; x_wconf 89' lang='lat' dir='ltr'>lv,</span> <span class='ocrx_word' id='word_1_119' title='bbox 891 1582 921 1651; x_wconf 87' lang='grc'>6,</span> <span class='ocrx_word' id='word_1_120' title='bbox 944 1581 964 1641; x_wconf 88' lang='grc'><strong>6</strong></span> <span class='ocrx_word' id='word_1_121' title='bbox 986 1595 1051 1657; x_wconf 65' lang='lat' dir='ltr'>sd:</span> <span class='ocrx_word' id='word_1_122' title='bbox 1079 1579 1120 1640; x_wconf 89' lang='lat' dir='ltr'>Ut</span> <span class='ocrx_word' id='word_1_123' title='bbox 1141 1585 1172 1637; x_wconf 86' lang='lat' dir='ltr'>to</span> <span class='ocrx_word' id='word_1_124' title='bbox 1200 1576 1325 1653; x_wconf 83' lang='lat' dir='ltr'>quidem</span> <span class='ocrx_word' id='word_1_125' title='bbox 1341 1575 1371 1635; x_wconf 93' lang='lat' dir='ltr'>di</span> 
     </span>
     <span class='ocr_line' id='line_1_14' title="bbox 206 1670 1369 1757; baseline -0.004 -16"><span class='ocrx_word' id='word_1_126' title='bbox 206 1681 342 1754; x_wconf 87' lang='lat' dir='ltr'>desequc</span> <span class='ocrx_word' id='word_1_127' title='bbox 377 1693 480 1738; x_wconf 89' lang='lat' dir='ltr'>omues</span> <span class='ocrx_word' id='word_1_128' title='bbox 515 1707 553 1718; x_wconf 94' lang='lat'>-</span> <span class='ocrx_word' id='word_1_129' title='bbox 584 1675 733 1748; x_wconf 77' lang='lat' dir='ltr'>perduint.</span> <span class='ocrx_word' id='word_1_130' title='bbox 777 1674 917 1742; x_wconf 79' lang='lat' dir='ltr'>Additur</span> <span class='ocrx_word' id='word_1_131' title='bbox 937 1676 1034 1757; x_wconf 63' lang='lat' dir='ltr'>{modo</span> <span class='ocrx_word' id='word_1_132' title='bbox 1060 1673 1187 1739; x_wconf 85' lang='lat' dir='ltr'>Phorm.</span> <span class='ocrx_word' id='word_1_133' title='bbox 1220 1670 1248 1752; x_wconf 88' lang='lat'>1,</span> <span class='ocrx_word' id='word_1_134' title='bbox 1281 1676 1314 1750; x_wconf 82' lang='lat'>2,</span> <span class='ocrx_word' id='word_1_135' title='bbox 1336 1676 1369 1737; x_wconf 81' lang='lat'>9:</span> 
     </span>
     <span class='ocr_line' id='line_1_15' title="bbox 207 1773 721 1850; baseline -0.019 -9"><span class='ocrx_word' id='word_1_136' title='bbox 207 1779 300 1850; x_wconf 85' lang='lat' dir='ltr'>Scies,</span> <span class='ocrx_word' id='word_1_137' title='bbox 323 1773 415 1835; x_wconf 86' lang='lat' dir='ltr'>Modo</span> <span class='ocrx_word' id='word_1_138' title='bbox 436 1777 471 1832; x_wconf 79' lang='lat' dir='ltr'>ut</span> <span class='ocrx_word' id='word_1_139' title='bbox 492 1779 594 1834; x_wconf 68' lang='lat' dir='ltr'>mesre</span> <span class='ocrx_word' id='word_1_140' title='bbox 610 1774 721 1848; x_wconf 77' lang='lat' dir='ltr'>possis.</span> 
     </span>
    </p>

    <p class='ocr_par' dir='ltr' id='par_1_4' title="bbox 204 1866 1369 2150">
     <span class='ocr_line' id='line_1_16' title="bbox 290 1866 1369 1950; baseline -0.005 -15"><span class='ocrx_word' id='word_1_141' title='bbox 290 1871 325 1947; x_wconf 87' lang='lat' dir='ltr'>d)</span> <span class='ocrx_word' id='word_1_142' title='bbox 371 1873 412 1933; x_wconf 85' lang='lat' dir='ltr'>Ut</span> <span class='ocrx_word' id='word_1_143' title='bbox 443 1869 597 1930; x_wconf 68' lang='lat' dir='ltr'>sossium</span> <span class='ocrx_word' id='word_1_144' title='bbox 629 1870 777 1946; x_wconf 67' lang='lat' dir='ltr'>erprtms&#39;t,</span> <span class='ocrx_word' id='word_1_145' title='bbox 810 1872 858 1946; x_wconf 76' lang='lat' dir='ltr'>ita</span> <span class='ocrx_word' id='word_1_146' title='bbox 892 1877 928 1936; x_wconf 88' lang='lat' dir='ltr'>ut</span> <span class='ocrx_word' id='word_1_147' title='bbox 955 1888 1018 1935; x_wconf 94' lang='lat' dir='ltr'>non</span> <span class='ocrx_word' id='word_1_148' title='bbox 1045 1868 1183 1950; x_wconf 80' lang='lat' dir='ltr'>pendeat</span> <span class='ocrx_word' id='word_1_149' title='bbox 1214 1885 1234 1933; x_wconf 86' lang='lat' dir='ltr'>e</span> <span class='ocrx_word' id='word_1_150' title='bbox 1268 1866 1369 1931; x_wconf 87' lang='lat' dir='ltr'>verbo</span> 
     </span>
     <span class='ocr_line' id='line_1_17' title="bbox 205 1963 1369 2053; baseline -0.007 -18"><span class='ocrx_word' id='word_1_151' title='bbox 205 1983 406 2053; x_wconf 82' lang='lat' dir='ltr'>praegresso,</span> <span class='ocrx_word' id='word_1_152' title='bbox 430 1963 520 2029; x_wconf 90' lang='lat' dir='ltr'>cuius</span> <span class='ocrx_word' id='word_1_153' title='bbox 536 1964 727 2030; x_wconf 89' lang='lat' dir='ltr'>sententiam</span> <span class='ocrx_word' id='word_1_154' title='bbox 743 1966 901 2049; x_wconf 84' lang='lat' dir='ltr'>integram</span> <span class='ocrx_word' id='word_1_155' title='bbox 916 1967 1022 2047; x_wconf 77' lang='lat' dir='ltr'>facist</span> <span class='ocrx_word' id='word_1_156' title='bbox 1038 1967 1095 2032; x_wconf 90' lang='lat' dir='ltr'>sod</span> <span class='ocrx_word' id='word_1_157' title='bbox 1110 1964 1369 2032; x_wconf 80' lang='lat' dir='ltr'>enunciationem</span> 
     </span>
     <span class='ocr_line' id='line_1_18' title="bbox 204 2059 1369 2150; baseline -0.005 -20"><span class='ocrx_word' id='word_1_158' title='bbox 204 2084 265 2150; x_wconf 86' lang='lat' dir='ltr'>por</span> <span class='ocrx_word' id='word_1_159' title='bbox 293 2082 329 2130; x_wconf 91' lang='lat' dir='ltr'>se</span> <span class='ocrx_word' id='word_1_160' title='bbox 358 2067 521 2128; x_wconf 85' lang='lat' dir='ltr'>extantem</span> <span class='ocrx_word' id='word_1_161' title='bbox 551 2059 678 2128; x_wconf 83' lang='lat' dir='ltr'>efficiat.</span> <span class='ocrx_word' id='word_1_162' title='bbox 709 2061 758 2143; x_wconf 81' lang='lat' dir='ltr'>(ut</span> <span class='ocrx_word' id='word_1_163' title='bbox 785 2068 898 2143; x_wconf 65' lang='lat' dir='ltr'>fisso).</span> <span class='ocrx_word' id='word_1_164' title='bbox 914 2129 917 2140; x_wconf 76' lang='grc'>,</span> <span class='ocrx_word' id='word_1_165' title='bbox 934 2064 1013 2132; x_wconf 82' lang='lat' dir='ltr'>Cato</span> <span class='ocrx_word' id='word_1_166' title='bbox 1047 2065 1085 2129; x_wconf 87' lang='lat' dir='ltr'>R.</span> <span class='ocrx_word' id='word_1_167' title='bbox 1112 2068 1140 2127; x_wconf 84' lang='lat' dir='ltr'><strong>B</strong></span> <span class='ocrx_word' id='word_1_168' title='bbox 1169 2081 1196 2128; x_wconf 91' lang='lat' dir='ltr'>c.</span> <span class='ocrx_word' id='word_1_169' title='bbox 1230 2067 1265 2128; x_wconf 85' lang='lat'>3:</span> <span class='ocrx_word' id='word_1_170' title='bbox 1294 2066 1369 2125; x_wconf 87' lang='lat' dir='ltr'>Tor·</span> 
     </span>
    </p>
   </div>
   <div class='ocr_carea' id='block_1_3' title="bbox 96 2160 1368 2240">
    <p class='ocr_par' dir='ltr' id='par_1_5' title="bbox 96 2160 1368 2240">
     <span class='ocr_line' id='line_1_19' title="bbox 96 2160 1368 2240; baseline -0.007 -10"><span class='ocrx_word' id='word_1_171' title='bbox 96 2162 107 2238; x_wconf 67' lang='lat' dir='ltr'><strong><em>J</em></strong></span> <span class='ocrx_word' id='word_1_172' title='bbox 205 2167 320 2229; x_wconf 86' lang='lat' dir='ltr'>colaria</span> <span class='ocrx_word' id='word_1_173' title='bbox 342 2164 420 2224; x_wconf 85' lang='lat' dir='ltr'>bona</span> <span class='ocrx_word' id='word_1_174' title='bbox 447 2163 558 2223; x_wconf 86' lang='lat' dir='ltr'>habero</span> <span class='ocrx_word' id='word_1_175' title='bbox 585 2169 705 2237; x_wconf 82' lang='lat' dir='ltr'>oportet</span> <span class='ocrx_word' id='word_1_176' title='bbox 731 2168 767 2222; x_wconf 83' lang='lat' dir='ltr'>ot</span> <span class='ocrx_word' id='word_1_177' title='bbox 796 2183 870 2240; x_wconf 89' lang='lat' dir='ltr'>opus</span> <span class='ocrx_word' id='word_1_178' title='bbox 901 2167 978 2228; x_wconf 83' lang='lat' dir='ltr'>bene</span> <span class='ocrx_word' id='word_1_179' title='bbox 1006 2163 1088 2227; x_wconf 88' lang='lat' dir='ltr'>effici</span> <span class='ocrx_word' id='word_1_180' title='bbox 1110 2164 1219 2240; x_wconf 80' lang='lat' dir='ltr'>possit.</span> <span class='ocrx_word' id='word_1_181' title='bbox 1248 2160 1314 2227; x_wconf 91' lang='lat' dir='ltr'>Ib.:</span> <span class='ocrx_word' id='word_1_182' title='bbox 1343 2163 1368 2224; x_wconf 89' lang='lat' dir='ltr'>si</span> 
     </span>
    </p>
   </div>
   <div class='ocr_carea' id='block_1_4' title="bbox 197 2258 1370 4392">
    <p class='ocr_par' dir='ltr' id='par_1_6' title="bbox 197 2258 1370 4392">
     <span class='ocr_line' id='line_1_20' title="bbox 205 2258 1367 2346; baseline -0.008 -18"><span class='ocrx_word' id='word_1_183' title='bbox 205 2266 294 2334; x_wconf 84' lang='lat' dir='ltr'>orbes</span> <span class='ocrx_word' id='word_1_184' title='bbox 323 2262 446 2346; x_wconf 81' lang='lat' dir='ltr'>contriti</span> <span class='ocrx_word' id='word_1_185' title='bbox 475 2262 563 2333; x_wconf 86' lang='lat' dir='ltr'>sient,</span> <span class='ocrx_word' id='word_1_186' title='bbox 592 2264 627 2321; x_wconf 79' lang='lat' dir='ltr'>ot</span> <span class='ocrx_word' id='word_1_187' title='bbox 656 2269 839 2324; x_wconf 85' lang='lat' dir='ltr'>commutare</span> <span class='ocrx_word' id='word_1_188' title='bbox 862 2263 971 2337; x_wconf 77' lang='lat' dir='ltr'>possis</span> <span class='ocrx_word' id='word_1_189' title='bbox 1000 2258 1033 2325; x_wconf 87' lang='lat' dir='ltr'>C.</span> <span class='ocrx_word' id='word_1_190' title='bbox 1064 2266 1100 2326; x_wconf 83' lang='lat'>5:</span> <span class='ocrx_word' id='word_1_191' title='bbox 1130 2266 1188 2324; x_wconf 90' lang='lat' dir='ltr'>Pro</span> <span class='ocrx_word' id='word_1_192' title='bbox 1217 2260 1367 2323; x_wconf 86' lang='lat' dir='ltr'>beneficio</span> 
     </span>
     <span class='ocr_line' id='line_1_21' title="bbox 204 2346 1368 2442; baseline -0.005 -18"><span class='ocrx_word' id='word_1_193' title='bbox 204 2346 333 2442; x_wconf 53' lang='lat' dir='ltr'>&#39;gratiam</span> <span class='ocrx_word' id='word_1_194' title='bbox 363 2356 488 2434; x_wconf 79' lang='lat' dir='ltr'>referat,</span> <span class='ocrx_word' id='word_1_195' title='bbox 530 2360 565 2418; x_wconf 79' lang='lat' dir='ltr'>ot</span> <span class='ocrx_word' id='word_1_196' title='bbox 596 2359 665 2420; x_wconf 87' lang='lat' dir='ltr'>siiis</span> <span class='ocrx_word' id='word_1_197' title='bbox 698 2366 782 2420; x_wconf 90' lang='lat' dir='ltr'>rscts</span> <span class='ocrx_word' id='word_1_198' title='bbox 820 2359 922 2422; x_wconf 84' lang='lat' dir='ltr'>tacere</span> <span class='ocrx_word' id='word_1_199' title='bbox 956 2360 1056 2420; x_wconf 82' lang='lat' dir='ltr'>libeat.</span> <span class='ocrx_word' id='word_1_200' title='bbox 1101 2356 1135 2422; x_wconf 78' lang='grc' dir='ltr'>(Ι.</span> <span class='ocrx_word' id='word_1_201' title='bbox 1173 2362 1208 2422; x_wconf 87' lang='lat'>6:</span> <span class='ocrx_word' id='word_1_202' title='bbox 1247 2361 1293 2419; x_wconf 86' lang='lat' dir='ltr'>ott</span> <span class='ocrx_word' id='word_1_203' title='bbox 1327 2388 1368 2400; x_wconf 91' lang='lat'>-</span> 
     </span>
     <span class='ocr_line' id='line_1_22' title="bbox 203 2454 1370 2533; baseline -0.005 -10"><span class='ocrx_word' id='word_1_204' title='bbox 203 2463 325 2523; x_wconf 84' lang='lat' dir='ltr'>babeas.</span> <span class='ocrx_word' id='word_1_205' title='bbox 348 2454 410 2520; x_wconf 91' lang='lat' dir='ltr'>Ib.:</span> <span class='ocrx_word' id='word_1_206' title='bbox 432 2457 479 2516; x_wconf 85' lang='lat' dir='ltr'>uti</span> <span class='ocrx_word' id='word_1_207' title='bbox 499 2455 556 2514; x_wconf 78' lang='lat' dir='ltr'>sier</span> <span class='ocrx_word' id='word_1_208' title='bbox 577 2456 628 2530; x_wconf 89' lang='lat' dir='ltr'>qui</span> <span class='ocrx_word' id='word_1_209' title='bbox 651 2456 766 2530; x_wconf 76' lang='lat' dir='ltr'>rincum</span> <span class='ocrx_word' id='word_1_210' title='bbox 789 2459 903 2533; x_wconf 78' lang='lat' dir='ltr'>alliges.</span> <span class='ocrx_word' id='word_1_211' title='bbox 948 2454 981 2518; x_wconf 84' lang='grc' dir='ltr'>Ο.</span> <span class='ocrx_word' id='word_1_212' title='bbox 1006 2461 1041 2520; x_wconf 85' lang='grc'>7;</span> <span class='ocrx_word' id='word_1_213' title='bbox 1069 2460 1115 2519; x_wconf 83' lang='lat' dir='ltr'>uti</span> <span class='ocrx_word' id='word_1_214' title='bbox 1143 2458 1266 2519; x_wconf 73' lang='lat' dir='ltr'>stabilis</span> <span class='ocrx_word' id='word_1_215' title='bbox 1288 2458 1370 2517; x_wconf 79' lang='lat' dir='ltr'>mols</span> 
     </span>
     <span class='ocr_line' id='line_1_23' title="bbox 202 2554 1366 2632; baseline -0.005 -13"><span class='ocrx_word' id='word_1_216' title='bbox 202 2561 287 2632; x_wconf 76' lang='lat' dir='ltr'>piant.</span> <span class='ocrx_word' id='word_1_217' title='bbox 319 2554 353 2618; x_wconf 82' lang='grc' dir='ltr'>Ο.</span> <span class='ocrx_word' id='word_1_218' title='bbox 377 2558 430 2619; x_wconf 82' lang='lat'>33:</span> <span class='ocrx_word' id='word_1_219' title='bbox 455 2555 553 2614; x_wconf 86' lang='lat' dir='ltr'>Vitem</span> <span class='ocrx_word' id='word_1_220' title='bbox 575 2555 651 2615; x_wconf 86' lang='lat' dir='ltr'>benc</span> <span class='ocrx_word' id='word_1_221' title='bbox 674 2556 831 2617; x_wconf 82' lang='lat' dir='ltr'>enodatam</span> <span class='ocrx_word' id='word_1_222' title='bbox 848 2557 979 2632; x_wconf 80' lang='lat' dir='ltr'>deligato</span> <span class='ocrx_word' id='word_1_223' title='bbox 993 2564 1093 2625; x_wconf 88' lang='lat' dir='ltr'>recte,</span> <span class='ocrx_word' id='word_1_224' title='bbox 1116 2555 1254 2617; x_wconf 77' lang='lat' dir='ltr'>fluxuosa</span> <span class='ocrx_word' id='word_1_225' title='bbox 1268 2557 1317 2615; x_wconf 79' lang='lat' dir='ltr'>uti</span> <span class='ocrx_word' id='word_1_226' title='bbox 1330 2564 1366 2614; x_wconf 78' lang='lat' dir='ltr'>rc·</span> 
     </span>
     <span class='ocr_line' id='line_1_24' title="bbox 204 2648 1367 2728; baseline -0.007 -8"><span class='ocrx_word' id='word_1_227' title='bbox 204 2661 266 2721; x_wconf 77' lang='lat' dir='ltr'>sict.</span> <span class='ocrx_word' id='word_1_228' title='bbox 310 2650 403 2717; x_wconf 88' lang='lat' dir='ltr'>Ennii</span> <span class='ocrx_word' id='word_1_229' title='bbox 425 2649 619 2715; x_wconf 83' lang='lat' dir='ltr'>Eumenides</span> <span class='ocrx_word' id='word_1_230' title='bbox 640 2648 677 2713; x_wconf 87' lang='lat' dir='ltr'>fr.</span> <span class='ocrx_word' id='word_1_231' title='bbox 702 2654 731 2728; x_wconf 87' lang='lat'>5,</span> <span class='ocrx_word' id='word_1_232' title='bbox 753 2668 782 2714; x_wconf 75' lang='lat' dir='ltr'>v,</span> <span class='ocrx_word' id='word_1_233' title='bbox 810 2656 884 2716; x_wconf 87' lang='lat'>189:</span> <span class='ocrx_word' id='word_1_234' title='bbox 913 2658 947 2714; x_wconf 82' lang='lat' dir='ltr'>ut</span> <span class='ocrx_word' id='word_1_235' title='bbox 967 2671 1005 2713; x_wconf 82' lang='lat' dir='ltr'>ne</span> <span class='ocrx_word' id='word_1_236' title='bbox 1027 2671 1077 2714; x_wconf 86' lang='lat' dir='ltr'>res</span> <span class='ocrx_word' id='word_1_237' title='bbox 1100 2661 1214 2714; x_wconf 86' lang='lat' dir='ltr'>temere</span> <span class='ocrx_word' id='word_1_238' title='bbox 1239 2656 1367 2713; x_wconf 76' lang='lat' dir='ltr'>tractent</span> 
     </span>
     <span class='ocr_line' id='line_1_25' title="bbox 205 2744 1365 2826; baseline -0.008 -8"><span class='ocrx_word' id='word_1_239' title='bbox 205 2755 349 2817; x_wconf 87' lang='lat' dir='ltr'>turbidos.</span> <span class='ocrx_word' id='word_1_240' title='bbox 393 2746 594 2812; x_wconf 83' lang='lat' dir='ltr'>Euhemerus</span> <span class='ocrx_word' id='word_1_241' title='bbox 615 2744 655 2811; x_wconf 83' lang='lat' dir='ltr'>fr·</span> <span class='ocrx_word' id='word_1_242' title='bbox 679 2754 715 2813; x_wconf 86' lang='lat'>3:</span> <span class='ocrx_word' id='word_1_243' title='bbox 738 2751 773 2810; x_wconf 86' lang='lat' dir='ltr'>ld</span> <span class='ocrx_word' id='word_1_244' title='bbox 796 2752 860 2811; x_wconf 86' lang='lat' dir='ltr'>eius</span> <span class='ocrx_word' id='word_1_245' title='bbox 882 2753 929 2811; x_wconf 89' lang='lat' dir='ltr'>rei</span> <span class='ocrx_word' id='word_1_246' title='bbox 945 2769 1036 2813; x_wconf 79' lang='lat' dir='ltr'>causa</span> <span class='ocrx_word' id='word_1_247' title='bbox 1057 2750 1139 2826; x_wconf 85' lang='lat' dir='ltr'>tecit,</span> <span class='ocrx_word' id='word_1_248' title='bbox 1162 2751 1210 2810; x_wconf 81' lang='lat' dir='ltr'>oti</span> <span class='ocrx_word' id='word_1_249' title='bbox 1234 2752 1274 2811; x_wconf 89' lang='lat' dir='ltr'>sd</span> <span class='ocrx_word' id='word_1_250' title='bbox 1296 2767 1365 2810; x_wconf 86' lang='lat' dir='ltr'>suos</span> 
     </span>
     <span class='ocr_line' id='line_1_26' title="bbox 205 2843 1364 2936; baseline 0 -25"><span class='ocrx_word' id='word_1_251' title='bbox 205 2861 310 2936; x_wconf 76' lang='lat' dir='ltr'>gnatos</span> <span class='ocrx_word' id='word_1_252' title='bbox 333 2848 490 2923; x_wconf 88' lang='lat' dir='ltr'>imperium</span> <span class='ocrx_word' id='word_1_253' title='bbox 512 2846 633 2907; x_wconf 83' lang='lat' dir='ltr'>rediret.</span> <span class='ocrx_word' id='word_1_254' title='bbox 678 2843 715 2908; x_wconf 90' lang='lat' dir='ltr'>fr.</span> <span class='ocrx_word' id='word_1_255' title='bbox 738 2849 772 2910; x_wconf 88' lang='lat'>8:</span> <span class='ocrx_word' id='word_1_256' title='bbox 798 2849 857 2910; x_wconf 90' lang='lat' dir='ltr'>Ubi</span> <span class='ocrx_word' id='word_1_257' title='bbox 880 2850 1016 2923; x_wconf 85' lang='lat' dir='ltr'>luppiter</span> <span class='ocrx_word' id='word_1_258' title='bbox 1038 2849 1180 2923; x_wconf 84' lang='lat' dir='ltr'>Neptuno</span> <span class='ocrx_word' id='word_1_259' title='bbox 1202 2848 1364 2922; x_wconf 75' lang='lat' dir='ltr'>imperim</span> 
     </span>
     <span class='ocr_line' id='line_1_27' title="bbox 205 2941 1364 3028; baseline -0.002 -20"><span class='ocrx_word' id='word_1_260' title='bbox 205 2951 256 3028; x_wconf 86' lang='lat' dir='ltr'>dat</span> <span class='ocrx_word' id='word_1_261' title='bbox 278 2947 379 3018; x_wconf 85' lang='lat' dir='ltr'>moris,</span> <span class='ocrx_word' id='word_1_262' title='bbox 401 2947 436 3003; x_wconf 81' lang='lat' dir='ltr'>ut</span> <span class='ocrx_word' id='word_1_263' title='bbox 456 2943 486 3003; x_wconf 91' lang='lat' dir='ltr'>in</span> <span class='ocrx_word' id='word_1_264' title='bbox 505 2944 611 3003; x_wconf 86' lang='lat' dir='ltr'>insulis</span> <span class='ocrx_word' id='word_1_265' title='bbox 634 2945 769 3007; x_wconf 88' lang='lat' dir='ltr'>omnibus</span> <span class='ocrx_word' id='word_1_266' title='bbox 794 2977 832 2988; x_wconf 92' lang='lat'><em>-</em></span> <span class='ocrx_word' id='word_1_267' title='bbox 855 2950 1002 3018; x_wconf 68' lang='lat' dir='ltr'>recrearet.</span> <span class='ocrx_word' id='word_1_268' title='bbox 1033 2943 1137 3009; x_wconf 84' lang='lat' dir='ltr'>Plaut.</span> <span class='ocrx_word' id='word_1_269' title='bbox 1150 2942 1267 3022; x_wconf 82' lang='lat' dir='ltr'>Ampin</span> <span class='ocrx_word' id='word_1_270' title='bbox 1283 2941 1364 3022; x_wconf 81' lang='lat' dir='ltr'>proi</span> 
     </span>
     <span class='ocr_line' id='line_1_28' title="bbox 204 3041 1365 3120; baseline -0.004 -12"><span class='ocrx_word' id='word_1_271' title='bbox 204 3063 232 3108; x_wconf 90' lang='lat' dir='ltr'>v.</span> <span class='ocrx_word' id='word_1_272' title='bbox 257 3048 287 3107; x_wconf 88' lang='grc'>9.</span> <span class='ocrx_word' id='word_1_273' title='bbox 311 3041 336 3120; x_wconf 88' lang='grc' dir='ltr'>Ι,</span> <span class='ocrx_word' id='word_1_274' title='bbox 363 3046 389 3118; x_wconf 90' lang='lat' dir='ltr'>l,</span> <span class='ocrx_word' id='word_1_275' title='bbox 416 3043 485 3102; x_wconf 82' lang='lat'>184.</span> <span class='ocrx_word' id='word_1_276' title='bbox 510 3043 539 3116; x_wconf 92' lang='grc'>3,</span> <span class='ocrx_word' id='word_1_277' title='bbox 562 3042 616 3101; x_wconf 86' lang='grc'>26;</span> <span class='ocrx_word' id='word_1_278' title='bbox 639 3043 686 3100; x_wconf 81' lang='lat' dir='ltr'>Ex</span> <span class='ocrx_word' id='word_1_279' title='bbox 709 3059 754 3100; x_wconf 90' lang='lat' dir='ltr'>mc</span> <span class='ocrx_word' id='word_1_280' title='bbox 782 3045 879 3116; x_wconf 91' lang='lat' dir='ltr'>primo</span> <span class='ocrx_word' id='word_1_281' title='bbox 907 3042 965 3118; x_wconf 80' lang='lat' dir='ltr'>[ut]</span> <span class='ocrx_word' id='word_1_282' title='bbox 993 3046 1090 3119; x_wconf 85' lang='lat' dir='ltr'>prima</span> <span class='ocrx_word' id='word_1_283' title='bbox 1111 3041 1219 3120; x_wconf 81' lang='lat' dir='ltr'>scires,</span> <span class='ocrx_word' id='word_1_284' title='bbox 1244 3060 1310 3103; x_wconf 84' lang='lat' dir='ltr'>rom</span> <span class='ocrx_word' id='word_1_285' title='bbox 1332 3050 1365 3103; x_wconf 90' lang='lat' dir='ltr'>ut</span> 
     </span>
     <span class='ocr_line' id='line_1_29' title="bbox 203 3135 1363 3219; baseline -0.003 -15"><span class='ocrx_word' id='word_1_286' title='bbox 203 3144 361 3219; x_wconf 81' lang='lat' dir='ltr'>gessissem</span> <span class='ocrx_word' id='word_1_287' title='bbox 383 3139 545 3215; x_wconf 83' lang='lat' dir='ltr'>puplicam.</span> <span class='ocrx_word' id='word_1_288' title='bbox 591 3138 633 3198; x_wconf 87' lang='lat' dir='ltr'>Ut</span> <span class='ocrx_word' id='word_1_289' title='bbox 660 3135 785 3202; x_wconf 87' lang='lat' dir='ltr'>addidit</span> <span class='ocrx_word' id='word_1_290' title='bbox 807 3137 1043 3204; x_wconf 82' lang='lat' dir='ltr'>Fleckeisenus.</span> <span class='ocrx_word' id='word_1_291' title='bbox 1070 3139 1159 3203; x_wconf 80' lang='lat' dir='ltr'>Asin.</span> <span class='ocrx_word' id='word_1_292' title='bbox 1181 3137 1225 3214; x_wconf 87' lang='lat'>11,</span> <span class='ocrx_word' id='word_1_293' title='bbox 1249 3144 1282 3217; x_wconf 82' lang='lat'>4,</span> <span class='ocrx_word' id='word_1_294' title='bbox 1306 3143 1363 3202; x_wconf 79' lang='lat'>37:</span> 
     </span>
     <span class='ocr_line' id='line_1_30' title="bbox 203 3235 1364 3317; baseline 0 -18"><span class='ocrx_word' id='word_1_295' title='bbox 203 3243 278 3301; x_wconf 87' lang='lat' dir='ltr'>Nom</span> <span class='ocrx_word' id='word_1_296' title='bbox 302 3238 437 3317; x_wconf 82' lang='lat' dir='ltr'>retineri,</span> <span class='ocrx_word' id='word_1_297' title='bbox 460 3239 496 3294; x_wconf 83' lang='lat' dir='ltr'>ut</span> <span class='ocrx_word' id='word_1_298' title='bbox 518 3236 597 3315; x_wconf 86' lang='lat' dir='ltr'>qnod</span> <span class='ocrx_word' id='word_1_299' title='bbox 619 3237 659 3294; x_wconf 91' lang='lat' dir='ltr'>sit</span> <span class='ocrx_word' id='word_1_300' title='bbox 681 3237 737 3296; x_wconf 90' lang='lat' dir='ltr'>sibi</span> <span class='ocrx_word' id='word_1_301' title='bbox 753 3238 854 3312; x_wconf 89' lang='lat' dir='ltr'>operis</span> <span class='ocrx_word' id='word_1_302' title='bbox 870 3240 1001 3301; x_wconf 85' lang='lat' dir='ltr'>iocatum</span> <span class='ocrx_word' id='word_1_303' title='bbox 1015 3240 1155 3310; x_wconf 78' lang='lat' dir='ltr'>coficeret,</span> <span class='ocrx_word' id='word_1_304' title='bbox 1178 3235 1235 3300; x_wconf 91' lang='lat' dir='ltr'>ubi</span> <span class='ocrx_word' id='word_1_305' title='bbox 1250 3243 1364 3299; x_wconf 77' lang='lat' dir='ltr'>utnon</span> 
     </span>
     <span class='ocr_line' id='line_1_31' title="bbox 203 3329 1364 3416; baseline -0.004 -15"><span class='ocrx_word' id='word_1_306' title='bbox 203 3335 338 3416; x_wconf 87' lang='lat' dir='ltr'>muitum</span> <span class='ocrx_word' id='word_1_307' title='bbox 366 3329 473 3415; x_wconf 69' lang='lat' dir='ltr'>differt</span> <span class='ocrx_word' id='word_1_308' title='bbox 506 3348 526 3394; x_wconf 88' lang='lat' dir='ltr'>a</span> <span class='ocrx_word' id='word_1_309' title='bbox 555 3332 652 3393; x_wconf 77' lang='lat' dir='ltr'>dorca</span> <span class='ocrx_word' id='word_1_310' title='bbox 697 3331 1049 3410; x_wconf 81' lang='lat' dir='ltr'>su1.1v,1o,s:1u</span> <span class='ocrx_word' id='word_1_311' title='bbox 1076 3337 1152 3398; x_wconf 79' lang='lat' dir='ltr'>adso</span> <span class='ocrx_word' id='word_1_312' title='bbox 1182 3341 1213 3396; x_wconf 84' lang='lat' dir='ltr'>to</span> <span class='ocrx_word' id='word_1_313' title='bbox 1245 3343 1364 3396; x_wconf 79' lang='lat' dir='ltr'>oratum</span> 
     </span>
     <span class='ocr_line' id='line_1_32' title="bbox 203 3430 1364 3516; baseline -0.002 -21"><span class='ocrx_word' id='word_1_314' title='bbox 203 3437 338 3516; x_wconf 70' lang='lat' dir='ltr'>advenio,</span> <span class='ocrx_word' id='word_1_315' title='bbox 361 3437 395 3511; x_wconf 70' lang='lat' dir='ltr'>ot</span> <span class='ocrx_word' id='word_1_316' title='bbox 418 3433 515 3491; x_wconf 87' lang='lat' dir='ltr'>animo</span> <span class='ocrx_word' id='word_1_317' title='bbox 538 3447 633 3505; x_wconf 85' lang='lat' dir='ltr'>saquo</span> <span class='ocrx_word' id='word_1_318' title='bbox 653 3430 791 3505; x_wconf 50' lang='lat' dir='ltr'>&amp;noscas</span> <span class='ocrx_word' id='word_1_319' title='bbox 811 3434 892 3492; x_wconf 89' lang='lat' dir='ltr'>mibi.</span> <span class='ocrx_word' id='word_1_320' title='bbox 914 3431 1009 3512; x_wconf 86' lang='lat' dir='ltr'>Epid.</span> <span class='ocrx_word' id='word_1_321' title='bbox 1031 3431 1075 3502; x_wconf 87' lang='lat' dir='ltr'>u,</span> <span class='ocrx_word' id='word_1_322' title='bbox 1098 3437 1127 3510; x_wconf 77' lang='lat'>2,</span> <span class='ocrx_word' id='word_1_323' title='bbox 1143 3437 1198 3497; x_wconf 81' lang='lat'>94:</span> <span class='ocrx_word' id='word_1_324' title='bbox 1224 3435 1269 3495; x_wconf 89' lang='lat' dir='ltr'>Ut</span> <span class='ocrx_word' id='word_1_325' title='bbox 1283 3436 1364 3494; x_wconf 80' lang='lat' dir='ltr'>snim</span> 
     </span>
     <span class='ocr_line' id='line_1_33' title="bbox 197 3523 1362 3611; baseline 0.003 -20"><span class='ocrx_word' id='word_1_326' title='bbox 197 3536 367 3611; x_wconf 75' lang='lat' dir='ltr'>praestines</span> <span class='ocrx_word' id='word_1_327' title='bbox 396 3535 530 3605; x_wconf 76' lang='lat' dir='ltr'>argento.</span> <span class='ocrx_word' id='word_1_328' title='bbox 563 3523 623 3603; x_wconf 91' lang='lat'>111,</span> <span class='ocrx_word' id='word_1_329' title='bbox 652 3530 681 3604; x_wconf 82' lang='grc'>3,</span> <span class='ocrx_word' id='word_1_330' title='bbox 709 3534 745 3597; x_wconf 77' lang='lat'>4:</span> <span class='ocrx_word' id='word_1_331' title='bbox 772 3526 889 3595; x_wconf 86' lang='lat' dir='ltr'>Bacch.</span> <span class='ocrx_word' id='word_1_332' title='bbox 919 3527 975 3608; x_wconf 85' lang='lat' dir='ltr'>lv,</span> <span class='ocrx_word' id='word_1_333' title='bbox 1005 3535 1035 3609; x_wconf 87' lang='grc'>6,</span> <span class='ocrx_word' id='word_1_334' title='bbox 1065 3535 1114 3593; x_wconf 86' lang='lat' dir='ltr'>li).</span> <span class='ocrx_word' id='word_1_335' title='bbox 1137 3529 1221 3594; x_wconf 81' lang='lat' dir='ltr'>Meu.</span> <span class='ocrx_word' id='word_1_336' title='bbox 1246 3528 1309 3610; x_wconf 90' lang='grc' dir='ltr'>ΠΙ,</span> <span class='ocrx_word' id='word_1_337' title='bbox 1332 3536 1362 3609; x_wconf 82' lang='lat'>3,</span> 
     </span>
     <span class='ocr_line' id='line_1_34' title="bbox 203 3626 1362 3706; baseline -0.003 -16"><span class='ocrx_word' id='word_1_338' title='bbox 203 3636 261 3698; x_wconf 81' lang='lat'>32:</span> <span class='ocrx_word' id='word_1_339' title='bbox 294 3632 345 3704; x_wconf 87' lang='lat' dir='ltr'>Ut,</span> <span class='ocrx_word' id='word_1_340' title='bbox 374 3630 400 3689; x_wconf 88' lang='lat' dir='ltr'>si</span> <span class='ocrx_word' id='word_1_341' title='bbox 428 3632 590 3703; x_wconf 85' lang='lat' dir='ltr'>sequentur</span> <span class='ocrx_word' id='word_1_342' title='bbox 619 3642 675 3700; x_wconf 78' lang='lat' dir='ltr'>ms,</span> <span class='ocrx_word' id='word_1_343' title='bbox 704 3626 759 3687; x_wconf 86' lang='lat' dir='ltr'>hoo</span> <span class='ocrx_word' id='word_1_344' title='bbox 786 3628 884 3695; x_wconf 76' lang='lat' dir='ltr'>ubisss</span> <span class='ocrx_word' id='word_1_345' title='bbox 911 3633 1056 3704; x_wconf 65' lang='lat' dir='ltr'>mord.</span> <span class='ocrx_word' id='word_1_346' title='bbox 1080 3626 1176 3693; x_wconf 80' lang='lat' dir='ltr'>Most.</span> <span class='ocrx_word' id='word_1_347' title='bbox 1199 3626 1225 3706; x_wconf 90' lang='lat' dir='ltr'>I,</span> <span class='ocrx_word' id='word_1_348' title='bbox 1251 3633 1283 3700; x_wconf 84' lang='lat'>3,</span> <span class='ocrx_word' id='word_1_349' title='bbox 1305 3630 1362 3693; x_wconf 81' lang='lat'>86:</span> 
     </span>
     <span class='ocr_line' id='line_1_35' title="bbox 203 3722 1362 3803; baseline 0 -14"><span class='ocrx_word' id='word_1_350' title='bbox 203 3731 245 3795; x_wconf 85' lang='lat' dir='ltr'>Ut</span> <span class='ocrx_word' id='word_1_351' title='bbox 266 3728 367 3789; x_wconf 78' lang='lat' dir='ltr'>videas</span> <span class='ocrx_word' id='word_1_352' title='bbox 382 3741 448 3789; x_wconf 86' lang='lat' dir='ltr'>cum</span> <span class='ocrx_word' id='word_1_353' title='bbox 471 3723 642 3797; x_wconf 81' lang='lat' dir='ltr'>medullitus</span> <span class='ocrx_word' id='word_1_354' title='bbox 667 3739 713 3787; x_wconf 85' lang='lat' dir='ltr'>mo</span> <span class='ocrx_word' id='word_1_355' title='bbox 736 3740 847 3798; x_wconf 72' lang='lat' dir='ltr'>amare,</span> <span class='ocrx_word' id='word_1_356' title='bbox 870 3722 938 3788; x_wconf 89' lang='lat' dir='ltr'>Mil.</span> <span class='ocrx_word' id='word_1_357' title='bbox 961 3743 991 3789; x_wconf 81' lang='lat' dir='ltr'>n.</span> <span class='ocrx_word' id='word_1_358' title='bbox 1017 3729 1114 3791; x_wconf 82' lang='lat'>1192:</span> <span class='ocrx_word' id='word_1_359' title='bbox 1138 3745 1193 3803; x_wconf 75' lang='lat' dir='ltr'>ego</span> <span class='ocrx_word' id='word_1_360' title='bbox 1215 3728 1305 3802; x_wconf 65' lang='lat' dir='ltr'>odeo,</span> <span class='ocrx_word' id='word_1_361' title='bbox 1327 3731 1362 3789; x_wconf 70' lang='lat' dir='ltr'>st</span> 
     </span>
     <span class='ocr_line' id='line_1_36' title="bbox 201 3819 1361 3902; baseline 0.004 -21"><span class='ocrx_word' id='word_1_362' title='bbox 201 3833 235 3893; x_wconf 80' lang='lat' dir='ltr'>tp</span> <span class='ocrx_word' id='word_1_363' title='bbox 255 3827 343 3901; x_wconf 61' lang='lat' dir='ltr'>odas,</span> <span class='ocrx_word' id='word_1_364' title='bbox 366 3824 489 3902; x_wconf 80' lang='lat' dir='ltr'>Prosnm</span> <span class='ocrx_word' id='word_1_365' title='bbox 512 3819 647 3892; x_wconf 79' lang='lat' dir='ltr'>Athenas</span> <span class='ocrx_word' id='word_1_366' title='bbox 668 3821 818 3894; x_wconf 83' lang='lat' dir='ltr'>protinam</span> <span class='ocrx_word' id='word_1_367' title='bbox 839 3823 927 3885; x_wconf 85' lang='lat' dir='ltr'>abibo</span> <span class='ocrx_word' id='word_1_368' title='bbox 955 3831 1063 3898; x_wconf 87' lang='lat' dir='ltr'>tecum,</span> <span class='ocrx_word' id='word_1_369' title='bbox 1091 3822 1146 3891; x_wconf 90' lang='lat' dir='ltr'>ubi</span> <span class='ocrx_word' id='word_1_370' title='bbox 1174 3823 1361 3894; x_wconf 68' lang='lat' dir='ltr'>emundatio</span> 
     </span>
     <span class='ocr_line' id='line_1_37' title="bbox 199 3910 1360 4004; baseline 0.003 -21"><span class='ocrx_word' id='word_1_371' title='bbox 199 3939 259 4004; x_wconf 67' lang='lat' dir='ltr'>pop</span> <span class='ocrx_word' id='word_1_372' title='bbox 280 3927 314 4002; x_wconf 74' lang='lat' dir='ltr'>ut</span> <span class='ocrx_word' id='word_1_373' title='bbox 336 3918 421 3997; x_wconf 77' lang='lat' dir='ltr'>elatu</span> <span class='ocrx_word' id='word_1_374' title='bbox 441 3915 587 3997; x_wconf 77' lang='lat' dir='ltr'>protasio</span> <span class='ocrx_word' id='word_1_375' title='bbox 609 3910 714 3992; x_wconf 80' lang='lat' dir='ltr'>efficit,</span> <span class='ocrx_word' id='word_1_376' title='bbox 748 3933 776 3981; x_wconf 84' lang='lat' dir='ltr'>v.</span> <span class='ocrx_word' id='word_1_377' title='bbox 800 3916 946 3986; x_wconf 84' lang='lat' dir='ltr'>Mueller.</span> <span class='ocrx_word' id='word_1_378' title='bbox 968 3919 1003 3983; x_wconf 90' lang='lat' dir='ltr'>in</span> <span class='ocrx_word' id='word_1_379' title='bbox 1017 3918 1121 3985; x_wconf 85' lang='lat' dir='ltr'>Iabnii</span> <span class='ocrx_word' id='word_1_380' title='bbox 1135 3918 1243 3985; x_wconf 86' lang='lat' dir='ltr'>snnsl.</span> <span class='ocrx_word' id='word_1_381' title='bbox 1267 3924 1360 4000; x_wconf 80' lang='lat'>1861,</span> 
     </span>
     <span class='ocr_line' id='line_1_38' title="bbox 200 4011 1360 4100; baseline -0.002 -17"><span class='ocrx_word' id='word_1_382' title='bbox 200 4025 278 4100; x_wconf 84' lang='lat' dir='ltr'>sect.</span> <span class='ocrx_word' id='word_1_383' title='bbox 301 4022 332 4100; x_wconf 77' lang='lat'>4,</span> <span class='ocrx_word' id='word_1_384' title='bbox 355 4035 385 4098; x_wconf 92' lang='lat' dir='ltr'>p.</span> <span class='ocrx_word' id='word_1_385' title='bbox 407 4018 480 4093; x_wconf 69' lang='lat'>273„</span> <span class='ocrx_word' id='word_1_386' title='bbox 510 4011 609 4091; x_wconf 79' lang='lat' dir='ltr'>Mero.</span> <span class='ocrx_word' id='word_1_387' title='bbox 632 4011 677 4092; x_wconf 84' lang='grc' dir='ltr'>ΙΙ,</span> <span class='ocrx_word' id='word_1_388' title='bbox 700 4017 730 4092; x_wconf 78' lang='grc'>2,</span> <span class='ocrx_word' id='word_1_389' title='bbox 754 4017 809 4078; x_wconf 76' lang='lat'>27:</span> <span class='ocrx_word' id='word_1_390' title='bbox 831 4019 925 4083; x_wconf 88' lang='lat' dir='ltr'>Immo</span> <span class='ocrx_word' id='word_1_391' title='bbox 946 4024 981 4082; x_wconf 82' lang='lat' dir='ltr'>ut</span> <span class='ocrx_word' id='word_1_392' title='bbox 1003 4021 1091 4088; x_wconf 76' lang='lat' dir='ltr'>scias</span> <span class='ocrx_word' id='word_1_393' title='bbox 1112 4021 1217 4082; x_wconf 84' lang='lat' dir='ltr'>Oculis</span> <span class='ocrx_word' id='word_1_394' title='bbox 1239 4037 1360 4098; x_wconf 80' lang='lat' dir='ltr'>quoquo</span> 
     </span>
     <span class='ocr_line' id='line_1_39' title="bbox 201 4112 1360 4196; baseline -0.002 -13"><span class='ocrx_word' id='word_1_395' title='bbox 201 4121 292 4196; x_wconf 68' lang='lat' dir='ltr'>scion</span> <span class='ocrx_word' id='word_1_396' title='bbox 312 4118 382 4195; x_wconf 74' lang='lat' dir='ltr'>nius</span> <span class='ocrx_word' id='word_1_397' title='bbox 404 4117 463 4193; x_wconf 75' lang='lat' dir='ltr'>,ion</span> <span class='ocrx_word' id='word_1_398' title='bbox 485 4114 572 4190; x_wconf 71' lang='lat' dir='ltr'>noer</span> <span class='ocrx_word' id='word_1_399' title='bbox 594 4129 681 4191; x_wconf 74' lang='lat' dir='ltr'>onan</span> <span class='ocrx_word' id='word_1_400' title='bbox 703 4115 797 4188; x_wconf 77' lang='lat' dir='ltr'>psius..</span> <span class='ocrx_word' id='word_1_401' title='bbox 822 4112 917 4180; x_wconf 81' lang='lat' dir='ltr'>Posn.</span> <span class='ocrx_word' id='word_1_402' title='bbox 932 4113 958 4192; x_wconf 83' lang='lat'>1,</span> <span class='ocrx_word' id='word_1_403' title='bbox 975 4119 1004 4185; x_wconf 78' lang='lat' dir='ltr'>s</span> <span class='ocrx_word' id='word_1_404' title='bbox 1020 4120 1078 4181; x_wconf 81' lang='lat' dir='ltr'>si:</span> <span class='ocrx_word' id='word_1_405' title='bbox 1101 4115 1360 4196; x_wconf 67' lang='lat' dir='ltr'>opiscopus?</span> 
     </span>
     <span class='ocr_line' id='line_1_40' title="bbox 199 4212 1361 4295; baseline 0.001 -21"><span class='ocrx_word' id='word_1_406' title='bbox 199 4215 262 4283; x_wconf 84' lang='lat' dir='ltr'>Ml.</span> <span class='ocrx_word' id='word_1_407' title='bbox 285 4234 341 4294; x_wconf 71' lang='lat' dir='ltr'>pgp</span> <span class='ocrx_word' id='word_1_408' title='bbox 362 4215 477 4289; x_wconf 77' lang='lat' dir='ltr'>dicspr:</span> <span class='ocrx_word' id='word_1_409' title='bbox 499 4217 535 4285; x_wconf 72' lang='lat' dir='ltr'>sot</span> <span class='ocrx_word' id='word_1_410' title='bbox 556 4212 601 4288; x_wconf 79' lang='lat' dir='ltr'>iiii</span> <span class='ocrx_word' id='word_1_411' title='bbox 623 4217 654 4284; x_wconf 74' lang='lat' dir='ltr'>pt</span> <span class='ocrx_word' id='word_1_412' title='bbox 676 4212 732 4284; x_wconf 76' lang='lat' dir='ltr'>tibi</span> <span class='ocrx_word' id='word_1_413' title='bbox 753 4212 850 4291; x_wconf 63' lang='lat' dir='ltr'>liorem</span> <span class='ocrx_word' id='word_1_414' title='bbox 865 4224 965 4291; x_wconf 87' lang='lat' dir='ltr'>eaput.</span> <span class='ocrx_word' id='word_1_415' title='bbox 983 4213 1039 4293; x_wconf 90' lang='lat' dir='ltr'>IV,</span> <span class='ocrx_word' id='word_1_416' title='bbox 1062 4218 1092 4293; x_wconf 85' lang='lat'>2,</span> <span class='ocrx_word' id='word_1_417' title='bbox 1117 4219 1166 4280; x_wconf 83' lang='lat'>71.</span> <span class='ocrx_word' id='word_1_418' title='bbox 1195 4215 1233 4295; x_wconf 85' lang='lat' dir='ltr'>V,</span> <span class='ocrx_word' id='word_1_419' title='bbox 1250 4218 1361 4292; x_wconf 67' lang='grc'>2,.’191</span> 
     </span>
     <span class='ocr_line' id='line_1_41' title="bbox 207 4311 1361 4392; baseline 0.002 -16"><span class='ocrx_word' id='word_1_420' title='bbox 207 4312 250 4391; x_wconf 79' lang='lat' dir='ltr'>Ut</span> <span class='ocrx_word' id='word_1_421' title='bbox 270 4317 388 4391; x_wconf 75' lang='lat' dir='ltr'>boptppr</span> <span class='ocrx_word' id='word_1_422' title='bbox 409 4312 510 4390; x_wconf 71' lang='lat' dir='ltr'>fodiat</span> <span class='ocrx_word' id='word_1_423' title='bbox 530 4318 620 4391; x_wconf 76' lang='lat' dir='ltr'>atque</span> <span class='ocrx_word' id='word_1_424' title='bbox 648 4315 684 4382; x_wconf 73' lang='lat' dir='ltr'>ot</span> <span class='ocrx_word' id='word_1_425' title='bbox 711 4311 892 4377; x_wconf 83' lang='lat' dir='ltr'>trumentum</span> <span class='ocrx_word' id='word_1_426' title='bbox 919 4320 1017 4387; x_wconf 70' lang='lat' dir='ltr'>metat.</span> <span class='ocrx_word' id='word_1_427' title='bbox 1047 4311 1086 4390; x_wconf 82' lang='lat' dir='ltr'>V,</span> <span class='ocrx_word' id='word_1_428' title='bbox 1116 4317 1145 4392; x_wconf 73' lang='lat'>2,</span> <span class='ocrx_word' id='word_1_429' title='bbox 1172 4317 1231 4379; x_wconf 77' lang='lat' dir='ltr'>bt:</span> <span class='ocrx_word' id='word_1_430' title='bbox 1259 4320 1303 4378; x_wconf 77' lang='lat' dir='ltr'>At</span> <span class='ocrx_word' id='word_1_431' title='bbox 1326 4317 1361 4378; x_wconf 71' lang='lat' dir='ltr'>ut</span> 
     </span>
    </p>
   </div>
   <div class='ocr_carea' id='block_1_5' title="bbox 0 0 1568 5075">
    <p class='ocr_par' dir='ltr' id='par_1_7' title="bbox 0 0 1568 5075">
     <span class='ocr_line' id='line_1_42' title="bbox 0 0 1568 5075; baseline 0 0"><span class='ocrx_word' id='word_1_432' title='bbox 0 0 1568 5075; x_wconf 95' lang='lat' dir='ltr'> </span> 
     </span>
    </p>
   </div>
  </div>
 </body>
</html>
