3125 5075
291 355 349 413 132
704 343 860 385 susssrsrtr.
881 345 945 386 CAP.
960 346 1001 387 ΙΙΙ.

286 524 482 599 discipulinae
506 520 572 580 aliis
594 535 683 580 eram.
712 518 737 597 I,
762 524 791 598 3,
815 525 847 584 7:
870 521 941 581 mihi
965 522 1014 596 qni
1037 520 1211 580 modestiam
1234 538 1351 581 omnem
1376 522 1436 582 De·

285 624 361 683 texit
383 627 479 681 tectus
502 635 561 692 qua
583 617 634 680 fui.
676 634 704 681 ν.
728 622 785 700 Ι12;
822 620 953 679 moribus
974 617 1078 692 tepidis
1104 636 1191 694 quom
1212 619 1316 694 lepida
1338 615 1436 683 tute's

285 739 314 784 v,
337 723 389 783 35:
424 718 463 777 Di
490 718 621 791 deaeque
647 734 693 777 me
721 736 824 779 omues
841 717 989 792 pessumis
1016 716 1155 789 exeraplis
1181 716 1375 779 interficiant
1408 735 1436 782 v.

287 821 340 884 36:
369 817 435 878 Nisi
458 832 512 893 ego
534 815 618 874 illam
642 833 728 875 auum
751 814 933 876 interfecero
954 814 1005 874 siti
1026 814 1163 890 fameque
1187 823 1276 890 atque
1300 816 1382 889 alpu.
1409 831 1436 876 v.

286 921 341 981 41:
378 915 403 977 si
426 914 510 973 dietis
531 915 635 988 nequis
664 914 788 989 perduci
818 921 852 974 ut
878 930 949 974 rera
976 914 1051 974 haec
1079 913 1193 973 credas.
1239 929 1267 974 v.
1291 917 1351 976 44:
1389 915 1437 976 ubl

287 1018 382 1076 actutu
403 1013 459 1073 hoc
482 1019 573 1088 caput
594 1013 724 1072 colorem
748 1013 946 1073 commutauit.
981 1027 1009 1072 v.
1032 1014 1089 1073 47:
1113 1011 1212 1071 Solam
1234 1012 1287 1071 ille
1310 1028 1358 1071 me
1382 1013 1437 1073 soli

286 1115 342 1177 sibi
363 1129 416 1173 suo
438 1127 505 1170 uere
527 1110 673 1171 liberarit.
696 1123 725 1171 v,
743 1112 782 1172 55
787 1127 797 1196 ,²
819 1110 899 1169 Perii
921 1110 1039 1184 hercle,
1062 1110 1092 1168 ni
1114 1126 1169 1185 ego
1191 1105 1273 1169 illam
1290 1109 1437 1182 pessumis

286 1212 424 1286 exemplis
446 1208 591 1269 enicasso.
634 1203 727 1269 Most.
751 1224 779 1269 v.
804 1208 880 1270 243:
918 1208 1034 1283 Edepol
1057 1208 1083 1267 si
1105 1210 1151 1268 vel
1183 1223 1295 1268 summo
1318 1207 1384 1269 lori
1406 1224 1462 1268 eo-

285 1314 407 1384 arpeuto
429 1305 662 1369 sacrificassem.
700 1302 726 1381 Ι,
748 1308 777 1382 3,
804 1306 878 1386 102:
917 1306 987 1367 Uaa
1012 1322 1102 1379 opera
1126 1306 1200 1366 ebur
1226 1306 1329 1366 hercle
1353 1310 1435 1366 atra·

286 1411 381 1467 meato
403 1404 597 1466 candefacere
620 1405 762 1478 postules.
790 1418 817 1463 v.
844 1403 918 1464 105:
940 1402 1029 1462 Nova
1042 1404 1165 1477 pictura
1185 1404 1371 1478 interpolare
1394 1405 1435 1466 vla
1480 1415 1481 1420 ’

286 1523 361 1580 opus
378 1501 619 1577 lepidissumum?
643 1518 671 1563 v.
692 1503 765 1563 115:
787 1501 926 1561 Etiamne
941 1501 1099 1574 amoenus
1113 1502 1300 1579 unguendam
1312 1499 1436 1564 censu?
1480 1579 1481 1584 η

286 1619 314 1665 v.
340 1604 414 1663 117:
437 1600 512 1660 Nam
535 1600 629 1660 istaec
651 1606 778 1675 veteres,
802 1615 877 1675 quae
901 1615 933 1658 se
955 1599 1113 1673 unquentis
1132 1599 1290 1660 iactitant
1313 1614 1344 1660 v.
1364 1601 1436 1663 118:

285 1717 361 1777 quse
391 1698 464 1759 vitia
491 1697 625 1772 corporis
653 1697 721 1770 fuco
748 1699 895 1758 occulunt.
943 1713 973 1759 v.
1005 1697 1082 1759 124:
1119 1696 1231 1770 Quibus
1258 1713 1333 1757 anus
1362 1697 1438 1758 domi

286 1806 356 1860 sont
376 1812 500 1868 uxores,
533 1812 607 1870 quae
628 1812 680 1855 vos
701 1794 766 1855 dote
788 1802 969 1855 meruerunt.
1013 1810 1042 1856 v.
1073 1796 1147 1857 130:
1185 1793 1330 1869 Purpura
1358 1802 1438 1858 actu

286 1894 501 1957 occultandast.
546 1889 639 1955 Most.
659 1889 702 1970 II,
733 1896 760 1970 l,
792 1897 823 1955 l:
860 1895 995 1969 Iuppiter
1018 1909 1172 1969 supremus
1193 1893 1317 1954 summe
1340 1894 1439 1968 opitu

286 2000 374 2068 atque
397 1990 552 2051 industriis
573 1992 623 2051 Me
645 1992 761 2065 perisse
785 1999 815 2052 et
841 1991 1073 2052 Philolachetem
1097 1992 1180 2066 eupit
1202 1993 1306 2051 erilem
1337 1991 1437 2052 filium.

286 2109 315 2154 v.
342 2094 393 2153 11:
417 2090 473 2150 Vel
495 2089 691 2165 nbiquomque
713 2089 796 2150 denis
820 2090 914 2151 uuus
936 2108 1044 2165 corpus
1066 2089 1199 2164 transfigi
1223 2087 1321 2150 soleti
1340 2085 1389 2169 ΙΙ,
1412 2093 1437 2166 1,

286 2192 347 2253 48:
371 2188 475 2248 madeo
496 2192 582 2248 metu.
604 2185 647 2267 Η,
660 2192 688 2264 2,
707 2189 762 2252 23:
785 2188 933 2249 Preltaado
955 2205 1050 2263 paene
1067 2187 1199 2262 confregi
1222 2188 1313 2248 hasce
1338 2189 1437 2251 ambas

286 2287 369 2349 foris.
390 2284 483 2349 Most.
508 2302 535 2349 v,
558 2287 635 2349 456:
659 2288 735 2361 Quin
753 2286 911 2361 perflando,
934 2287 1062 2360 inquam,
1085 2303 1181 2360 poene
1204 2285 1341 2359 confregi
1356 2284 1436 2349 foria

284 2384 327 2464 II,
351 2387 380 2463 2,
403 2388 459 2449 48;
482 2388 598 2460 Hospes
621 2387 738 2446 necavit
762 2385 909 2459 hospitem
933 2389 1050 2458 captum
1073 2401 1174 2445 manu.
1198 2401 1226 2446 v.
1249 2384 1305 2446 56:
1326 2385 1436 2446 Lucer-

285 2502 353 2548 nam
376 2485 452 2558 sorte
475 2483 585 2545 oblitus
609 2482 722 2544 fueram
745 2484 931 2559 extinguere.
977 2478 1041 2560 ΙΙΙ,
1068 2484 1101 2560 Ι,
1124 2484 1180 2546 63:
1216 2482 1436 2559 Responsioues

285 2586 381 2645 omnis
397 2585 449 2643 hoc
463 2583 550 2642 oerlm
574 2582 673 2656 eripis.
699 2598 726 2643 v.
742 2583 800 2645 80:
823 2583 888 2642 Non
912 2581 1018 2656 edepol
1042 2600 1120 2642 nnnc
1143 2581 1326 2643 tumuistis
1342 2583 1438 2645 verbis

285 2682 417 2742 territas.
461 2695 489 2740 v.
514 2682 571 2744 92:
610 2681 686 2740 Huic
716 2681 827 2741 homini
858 2685 978 2754 arpenta
1001 2698 1034 2741 os
1061 2681 1258 2741 uerberarier.
1303 2695 1333 2744 v.
1366 2682 1435 2745 120:

285 2781 400 2840 uomitu
423 2796 460 2838 ne
482 2779 530 2838 hic
553 2796 607 2839 uos
630 2788 745 2840 enecet.
770 2779 799 2853 2,
816 2781 872 2840 27:
896 2781 959 2854 Quo
981 2778 1046 2837 doto
1069 2796 1148 2838 ame
1171 2778 1308 2839 dolorem
1333 2780 1436 2854 procul

285 2880 438 2955 pellerem.
483 2872 578 2938 Most.
602 2892 630 2937 v.
655 2879 731 2939 730:
774 2877 849 2936 Vino
876 2884 908 2936 et
932 2876 1024 2943 victu
1056 2879 1174 2950 pisata
1193 2877 1302 2949 probo,
1336 2876 1438 2938 dcciii

286 2977 385 3035 Vitam
409 2975 515 3035 colitis.
539 2971 597 3051 III,
621 2976 650 3053 2,
676 2977 749 3038 142;
772 2977 798 3035 si
821 2983 890 3035 sunt
911 2975 1025 3034 inducti
1042 2973 1115 3047 pice.
1140 2971 1233 3036 Most.
1256 2989 1285 3038 v.
1310 2977 1391 3039 838:
1415 2974 1439 3037 si

286 3075 429 3133 volturios
450 3073 528 3145 sorte
548 3074 645 3148 possis
668 3074 777 3134 contui.
812 3090 840 3134 v.
863 3076 942 3135 882:
965 3074 1045 3132 Malo
1069 3074 1226 3149 castigabit
1250 3090 1302 3134 eos
1325 3074 1439 3135 aaa&

287 3171 412 3233 bubulis.
435 3188 464 3234 v.
481 3172 557 3233 888:
580 3171 643 3231 cibo
664 3172 790 3247 perduci
812 3173 926 3247 poteris
950 3172 1062 3246 quovis.
1086 3166 1145 3243 ΙΙΙ,
1169 3173 1198 3247 3,
1216 3171 1271 3232 2οε
1295 3171 1374 3232 dicto
1390 3178 1439 3234 aut

289 3269 368 3341 facto
390 3269 505 3333 fallere.
529 3266 585 3348 IV,
598 3272 627 3348 2,
644 3272 700 3332 50:
723 3268 798 3328 Vide
822 3271 862 3330 sis
886 3286 923 3329 ue
947 3268 1024 3342 forte
1045 3269 1082 3330 ad
1106 3269 1276 3329 merendam
1300 3272 1439 3347 quopiam

286 3369 460 3429 devorteris.
506 3363 598 3431 Most.
622 3383 650 3428 v.
676 3369 770 3430 1015:
806 3367 1027 3428 dissimulando.
1071 3364 1109 3441 V,
1133 3370 1168 3445 2,
1202 3365 1256 3427 36:
1294 3367 1350 3428 tuli
1372 3367 1438 3430 tado

286 3467 399 3529 ludere.
422 3482 451 3528 r.
473 3468 531 3528 45:
564 3466 749 3539 Verberibus,
773 3467 875 3539 lntnm,
900 3466 1036 3528 caedere.
1070 3461 1164 3528 Most
1188 3461 1226 3543 V,
1250 3466 1279 3541 2,
1305 3468 1363 3529 52:
1386 3484 1439 3544 ego

286 3565 386 3641 illum,
408 3570 442 3624 ut
463 3566 503 3626 sit
524 3565 651 3641 quietus,
673 3561 842 3624 uerberibus
861 3562 1016 3640 subegero.
1050 3560 1140 3625 Pers.
1163 3578 1192 3624 v.
1216 3564 1250 3625 2:
1282 3563 1440 3641 Superarit

286 3662 438 3722 utrumuis
458 3662 521 3722 suis
543 3679 699 3722 aerumnas
721 3678 823 3721 omnes
845 3662 976 3723 Herculi.
1022 3658 1110 3723 Pers.
1131 3657 1158 3737 I,
1184 3664 1211 3738 1,
1234 3662 1288 3725 25:
1323 3661 1440 3738 Sopithe

286 3776 340 3821 cor
363 3759 477 3834 Cupido
499 3778 595 3821 meum
617 3759 773 3821 transfixit.
810 3755 836 3834 Ι,
868 3762 896 3833 l,
928 3762 983 3823 32:
1017 3759 1153 3820 Basilice
1175 3759 1326 3833 accipiere
1348 3762 1437 3823 uictu

286 3852 375 3921 Pers.
397 3874 425 3920 v.
448 3859 507 3921 48:
531 3858 596 3917 outo
618 3876 664 3918 me
686 3860 797 3919 enicas.
820 3876 847 3918 u.
870 3859 926 3921 49:
950 3858 1069 3919 Amoris
1091 3857 1172 3936 uitio,
1194 3875 1253 3918 nou
1275 3875 1340 3918 meo
1362 3876 1439 3920 nnuc

286 3956 343 4017 tibi
365 3958 533 4032 morologus
554 3956 603 4017 fio.
643 3953 674 4032 I,
702 3958 737 4034 2,
764 3959 801 4018 4:
840 3955 916 4029 Quin
940 3955 1138 4029 parasitando
1165 3957 1304 4030 paverint
1327 3958 1438 4018 ventris

287 4070 366 4115 suos.
404 4069 432 4115 v.
456 4057 489 4115 7:
512 4055 615 4130 Neque
637 4053 778 4115 educitur
800 4070 851 4113 eos
873 4053 1028 4128 quisquam
1050 4058 1171 4130 poterat
1193 4055 1323 4115 vincere.
1360 4050 1386 4130 1,
1409 4055 1437 4128 3,

290 4155 322 4213 1:
354 4153 476 4213 Omnem
498 4169 560 4213 rem
589 4154 701 4226 inveni,
739 4158 773 4211 ut
798 4166 855 4212 sua
883 4151 940 4212 sibi
961 4151 1091 4225 perarua
1113 4153 1208 4213 llodie
1238 4153 1319 4212 illam
1348 4150 1439 4214 faciat

288 4248 356 4310 leno
379 4250 515 4311 libertam
538 4266 628 4309 suam.
672 4266 700 4311 v.
724 4250 779 4313 83:
813 4249 944 4309 udserito
966 4265 1066 4310 marus
1112 4246 1161 4327 11,
1184 4252 1213 4324 2,
1236 4253 1277 4313 49
1299 4264 1362 4328 sq:
1398 4255 1437 4311 At

289 4347 464 4418 confidentis
479 4347 588 4408 Militia
610 4348 668 4407 ista
689 4348 835 4408 militatur
849 4350 942 4409 multo
963 4349 1057 4423 magis
1080 4366 1166 4423 quum
1183 4346 1322 4423 pondua.
1339 4365 1367 4411 v.
1381 4349 1434 4413 56:
