3125 5075
198 341 241 403 62
640 334 765 377 VERBUM.
798 335 862 377 ΟΔΡ.
876 335 914 375 11.
955 361 965 380 ,

198 517 300 586 limite
324 522 477 601 temporis
497 520 600 587 loturi
619 525 757 604 positum
780 525 831 604 sit,
854 523 1055 605 intelligitur,
1078 524 1238 604 quomodo
1254 525 1349 591 suan

197 618 373 685 defuturo
400 619 461 685 dici
484 620 594 699 possit,
619 623 809 701 praesertim
831 622 858 686 si
881 624 1022 687 actiones
1044 619 1266 704 significentur
1288 630 1351 688 stu

198 717 255 781 tim
279 735 316 782 sc
339 716 488 782 celeriter
511 715 730 797 perficiendae.

286 815 388 880 Plane.
413 813 501 895 Cape
525 814 567 893 ΙΙ,
595 822 620 890 Ι,
645 822 699 882 37:
733 822 817 895 Quod
844 823 959 896 solunt,
991 821 1059 879 dnm
1088 821 1249 893 impetrant
1281 821 1350 886 Sili,

196 917 273 976 boni·
293 925 375 989 sunt,
404 913 458 978 nbi
479 912 565 978 tialso
583 915 692 980 Lamb.
718 933 868 996 praesens
890 919 959 991 imp.
988 912 1221 995 significatione
1243 915 1351 980 incho

197 1011 275 1076 audi
299 1029 357 1091 pro
378 1015 537 1087 impetrare
557 1020 705 1075 cosantia
730 1014 868 1093 positum
895 1013 1064 1090 existimat,
1086 1019 1173 1077 recte
1188 1013 1348 1077 Lindem:

203 1106 273 1182 ,lis
296 1108 390 1188 botin·
413 1122 471 1179 mo,
495 1108 563 1171 lte*
590 1110 734 1191 explieat.
779 1112 840 1176 Est
861 1111 940 1175 haec
963 1111 1123 1175 sententia
1143 1110 1351 1191 generalisiu

200 1224 295 1270 omne
321 1214 447 1288 tempus
470 1207 599 1287 cadens,
630 1209 671 1273 de
692 1209 803 1288 quovis
826 1218 968 1289 tempore
991 1225 1077 1271 vers.
1122 1207 1220 1273 Stich.
1244 1208 1299 1286 lv,
1326 1216 1351 1289 l,

202 1309 259 1371 23:
291 1325 377 1382 quem
401 1308 507 1367 dudum
531 1310 560 1366 in
583 1316 700 1383 portum
720 1309 823 1369 cesis?
857 1307 911 1372 ubi
933 1325 991 1387 per
1014 1323 1168 1386 praesens
1190 1305 1223 1369 id
1247 1306 1350 1388 expr'}

201 1403 309 1480 mitur,
333 1404 417 1482 quod
441 1403 588 1468 effectum
611 1406 701 1484 quasi
725 1416 773 1469 est
796 1406 923 1469 actione
943 1403 1098 1479 veniendi,
1122 1409 1158 1466 ut
1174 1406 1351 1484 comparari

197 1501 303 1582 possit
326 1520 395 1566 cum
419 1500 614 1565 Graecorum
637 1502 735 1566 verbo
759 1495 832 1583 ἥκω,
856 1503 895 1567 de
918 1502 1051 1582 longiori
1075 1500 1174 1580 igitur
1196 1503 1350 1583 temporis

202 1598 307 1679 spatio
330 1598 447 1663 dictum
473 1605 528 1663 est.
573 1598 693 1662 Eodem
718 1601 810 1664 modo
834 1600 928 1664 True.
952 1600 994 1675 ΙΙ,
1017 1606 1045 1675 4,
1070 1603 1102 1662 8:
1127 1602 1224 1674 Solve,
1252 1603 1349 1661 hicine

202 1700 289 1759 hodie
313 1717 415 1773 cenas,
445 1702 541 1759 salvos
570 1717 654 1773 quom
679 1699 819 1759 advenis?
863 1698 954 1777 Epio.
978 1696 1036 1772 ΙΙΙ,
1060 1704 1090 1775 4,
1114 1699 1167 1758 ol:
1202 1702 1270 1773 plus
1294 1703 1349 1759 iam

203 1800 298 1859 libera
320 1816 385 1857 som
408 1798 645 1871 quinquennium.
711 1794 775 1858 Mil.
802 1794 859 1874 ΙΙΙ,
886 1802 911 1870 l,
938 1799 1013 1859 102:
1050 1799 1109 1855 lem
1133 1797 1259 1870 pridem,
1284 1800 1350 1873 quia

202 1898 277 1956 nihil
301 1897 467 1970 apstulerit,
490 1898 636 1955 suscenset
657 1896 777 1968 teraris,
801 1893 831 1956 h.
853 1912 879 1957 e.
902 1894 962 1956 iarn
983 1893 1104 1973 pridem
1122 1893 1304 1956 suscensuit
1320 1901 1350 1956 et

202 2010 285 2055 nunc
314 2008 439 2071 quoque
469 1998 642 2055 suscenset».
687 1990 782 2053 Poen.
816 1989 841 2069 I,
873 1996 901 2069 2,
932 1997 965 2055 9:
999 1994 1074 2051 Nam
1105 2010 1158 2050 nos
1188 2011 1283 2067 usque
1315 1994 1349 2051 nb

203 2108 313 2151 aurora
334 2093 371 2150 ad
394 2092 449 2151 hoc
472 2093 548 2166 quod
573 2091 669 2162 dieist,
694 2093 739 2150 Ex
760 2092 907 2151 industria
933 2092 1038 2150 cmbae
1061 2107 1216 2163 numquam
1240 2108 1350 2149 conces

199 2205 304 2249 semam
326 2189 433 2249 Irarari
461 2197 511 2249 aut
538 2188 653 2262 fricari,
680 2185 718 2249 ef.
746 2186 873 2250 Terent.
904 2186 961 2251 sd.
990 2185 1051 2263 ΙΙΙ,
1080 2192 1109 2262 3,
1140 2191 1191 2248 ll:
1228 2190 1349 2247 Omnem

202 2304 265 2348 rem
288 2288 373 2347 modo
397 2290 459 2346 seui
483 2289 547 2360 Quo
571 2294 659 2361 pacto
682 2287 808 2347 haberet
829 2303 1005 2346 economus
1028 2286 1140 2357 ordine,
1173 2283 1212 2345 de
1237 2283 1350 2362 quibus

201 2381 279 2447 locis
308 2382 379 2446 ride
402 2382 597 2447 Fleckeisen
627 2382 660 2445 in
681 2382 785 2446 Iahnii
807 2382 911 2452 annal.
940 2388 1030 2461 leel,
1060 2382 1119 2444 vol.
1144 2385 1195 2457 61,
1219 2388 1299 2444 sect.
1326 2387 1349 2455 l,

202 2499 233 2563 p.
258 2486 308 2546 65.
353 2480 456 2545 Plaut.
480 2480 594 2547 Pseud.
617 2479 659 2558 ΙΙ,
684 2486 711 2558 2,
736 2485 790 2545 34;
813 2483 889 2542 Dum
913 2487 1114 2548 cestrenses,
1138 2482 1197 2541 Res
1222 2485 1281 2541 erit
1305 2499 1350 2541 so-

203 2586 275 2644 lutu.
321 2580 416 2642 Peen.
440 2579 520 2659 prol.
545 2598 571 2642 v,
595 2585 650 2643 41:
688 2582 769 2640 Dum
792 2582 854 2641 ludi
874 2582 957 2654 fiunt,
982 2584 1011 2639 iu
1033 2583 1173 2655 popinam
1197 2580 1351 2654 pedisequi

204 2681 401 2754 Irruptionem
429 2677 537 2752 facite,
568 2697 644 2738 nunc
674 2698 759 2753 quom
784 2680 944 2754 occasiost,
976 2681 1075 2751 Nunc,
1106 2679 1259 2737 scriblitae
1284 2678 1352 2736 dress

203 2781 349 2844 aestuant,
373 2778 532 2853 adcurrite,
556 2775 608 2839 ubi
633 2775 814 2853 praesentia
836 2781 907 2838 clim
929 2778 999 2835 dom
1022 2774 1189 2838 coniuncta
1210 2776 1351 2837 actiones

202 2872 355 2935 durantes
378 2889 523 2951 quaeque
546 2873 655 2936 eodem
680 2878 822 2952 ternpore
839 2891 910 2937 curn
925 2873 1034 2935 alteris
1050 2871 1139 2948 liunt,
1163 2869 1349 2950 significent

203 2970 252 3033 Ile
274 2970 398 3034 actione
421 2973 548 3050 saepius
570 2972 707 3050 repetita
730 2971 822 3034 Truc.
846 2970 886 3036 ΙΙ.
914 2977 939 3048 l,
963 2975 1018 3034 40:
1045 2974 1110 3044 Qui,
1134 2971 1348 3045 perquamque

203 3080 371 3129 nostrarum
394 3072 586 3146 oidetprope
610 3072 798 3144 sedissem.
837 3070 959 3134 Terent.
983 3070 1079 3131 Andr.
1105 3064 1146 3140 ΙΙ,
1173 3071 1198 3143 l,
1225 3075 1259 3129 ll:
1294 3073 1348 3129 Fe·

205 3170 262 3227 eile
292 3187 405 3235 omnes,
435 3187 520 3244 quom
543 3171 687 3236 calemus,
717 3177 801 3230 reeta
827 3171 951 3229 consilia
979 3169 1108 3243 aegrotis
1131 3169 1236 3228 dirceus
1260 3167 1300 3242 (h.
1325 3186 1349 3231 e.

206 3264 345 3328 solemus
374 3265 474 3341 dare).
519 3265 864 3347 recensuisse:
900 3269 941 3326 Et
962 3268 1054 3325 domo
1086 3285 1188 3341 saepe,
1222 3266 1262 3328 de
1291 3282 1349 3345 quo

203 3359 272 3425 leco
295 3361 436 3427 Perizon.
461 3364 500 3427 ad
524 3362 627 3428 Seuet.
652 3362 728 3427 Min.
751 3382 781 3444 p.
807 3369 860 3427 97:
887 3362 1059 3441 ,Praesens
1082 3362 1160 3425 illud
1184 3366 1278 3424 clamo
1301 3381 1349 3427 re·

202 3456 306 3523 fertur
327 3463 367 3525 ed
390 3464 531 3526 diversos
553 3462 719 3542 praeteriti
742 3461 895 3539 temporis
918 3460 1037 3523 actus.“
1078 3460 1266 3524 Addcnduru
1284 3465 1350 3524 crat

204 3557 298 3622 simul
329 3561 425 3623 etiam
453 3561 492 3624 ad
521 3577 671 3639 praesens
700 3565 829 3637 tempus
850 3556 969 3621 referri.
1016 3557 1167 3621 Similiter
1192 3559 1272 3622 Eun.
1296 3557 1349 3635 IV,

204 3660 234 3732 6,
259 3662 276 3718 Ι
300 3674 360 3736 sq:
385 3662 450 3719 dum
475 3662 529 3719 tibi
553 3677 684 3720 sororem
707 3659 807 3718 studeo
831 3659 977 3728 Reddere,
996 3690 1032 3699 —
1056 3661 1129 3717 hoec
1153 3666 1242 3732 atque
1267 3661 1349 3717 huius

204 3758 283 3816 modi
312 3777 375 3817 sum
406 3763 499 3818 multa
523 3775 626 3833 passa,
656 3758 754 3817 studeo
783 3772 845 3818 non
872 3764 922 3818 est
944 3774 1001 3833 pro
1029 3753 1161 3833 simplici
1190 3753 1349 3834 praesenti

204 3852 355 3918 historico
378 3854 605 3935 accipiendum,
629 3853 684 3916 sed
708 3852 768 3917 lroc
791 3851 947 3933 significat
963 3851 1067 3926 Thais,
1091 3870 1124 3914 se
1149 3851 1244 3915 etiam
1270 3868 1350 3915 nuuc

204 3951 344 4016 studere.
375 3952 502 4016 Phorm.
512 3950 536 4029 Ι,
547 3957 574 4028 3,
585 3956 618 4015 8:
637 3960 677 4013 At
690 3972 746 4013 nen
757 3955 904 4013 cotidiana
918 3970 989 4011 cura
1003 3953 1074 4011 hoec
1088 3959 1211 4025 augeret
1224 3956 1350 4011 animum

204 4084 245 4093 —
270 4054 336 4111 dum
360 4057 474 4125 reperto
496 4069 580 4126 qnam
605 4068 671 4111 rnox
694 4054 793 4111 veniat
815 4055 888 4113 cett.
917 4048 1076 4127 Imprimis
1100 4068 1171 4112 euru
1195 4048 1350 4127 particula

198 4155 358 4224 postquem
391 4151 592 4213 coniunctum
627 4164 778 4226 praesens
812 4147 851 4210 dc
884 4147 1026 4226 longiore
1060 4147 1213 4225 temporis
1249 4147 1349 4226 spatio

204 4245 334 4325 dicitur,
364 4247 447 4326 quod
470 4263 571 4324 usque
594 4246 808 4325 adpraesens
832 4255 955 4324 tempus
979 4245 1161 4324 porrigitur,
1185 4244 1232 4308 ita
1254 4258 1287 4308 ut
1311 4243 1351 4308 si·

204 4343 271 4406 mul
300 4346 507 4424 praeteritum
535 4348 568 4406 et
595 4361 747 4424 praesens
773 4349 899 4423 tempus
924 4344 956 4405 in
979 4362 1013 4405 se
1037 4342 1178 4405 includat
1202 4353 1236 4406 et
1256 4357 1349 4422 saepe
