3125 5075
290 340 350 401 112
719 331 846 373 nunni.
874 332 938 373 ΟΔΡ.
952 331 1000 374 xii.

284 525 359 585 ¹Soio
383 525 452 599 quid
476 526 542 584 uolo
565 522 731 582 accurare?
753 519 809 598 IV,
826 524 855 599 2,
878 524 937 585 83;
962 523 1056 581 Viden
1079 522 1131 581 ted
1154 523 1197 581 uti
1214 524 1369 585 scelestus
1384 541 1449 598 unp·

285 622 351 681 tot?
374 619 428 695 IV,
453 624 481 697 3,
506 624 542 682 3:
566 620 635 679 Scin
659 620 729 693 quid
751 624 802 687 eet,
826 620 904 696 quod
927 636 981 694 ego
1004 620 1042 680 ud
1064 628 1095 679 te
1122 619 1384 700 veni03=quid
1400 619 1449 684 eit

288 715 326 796 V,
353 723 451 794 1‚44:
476 720 569 792 Quem
592 726 623 775 tu
639 716 706 775 med
723 716 871 776 homiuem
887 734 953 778 esee
973 717 1132 785 arbitrare,
1147 720 1259 780 neseio.
1287 716 1324 786 V,
1341 721 1373 795 2,
1395 720 1447 782 29:

286 818 437 892 Loquere,
460 823 529 877 nter
550 814 700 874 mistis
722 814 848 887 eulpam.
872 810 909 887 V,
933 817 962 891 5,
993 816 1050 877 21:
1079 816 1178 876 Audin
1209 822 1251 885 tu,
1280 821 1316 874 ut
1339 817 1448 876 delire

289 922 392 973 menta
414 914 565 987 loquitur?
589 915 618 987 9,
649 913 703 973 92:
735 911 830 970 Scitin
853 912 924 985 quid
946 930 1001 986 ego
1024 930 1075 973 vos
1091 913 1186 987 roeo?
1208 909 1275 974 Mil.
1293 909 1320 986 I,
1337 916 1370 988 2,
1394 914 1448 975 26:

287 1012 336 1071 rel
358 1011 519 1086 elephanto
541 1011 571 1070 in
596 1010 680 1069 India
704 1010 768 1081 Quo
799 1015 889 1082 paeto
917 1027 1016 1083 pugno
1041 1010 1237 1082 praesreqieti
1263 1012 1448 1084 bracehium,

290 1121 372 1184 quae
394 1103 532 1170 fortasse
556 1124 594 1169 ex
616 1107 715 1166 dicem
737 1122 766 1165 v.
793 1109 833 1167 20
856 1110 935 1183 apta
956 1114 1037 1169 sunt
1072 1124 1102 1169 v.
1127 1108 1182 1170 36:
1205 1105 1270 1170 reio
1293 1110 1354 1168 iam
1381 1108 1448 1184 quid

288 1204 335 1264 oie
347 1206 448 1264 dicere
463 1228 506 1257 =
521 1202 597 1283 quid
613 1201 707 1279 velis,
724 1199 778 1264 ubi
793 1200 937 1265 Lindem.
952 1201 1032 1266 haee
1043 1200 1157 1267 hebet:
1181 1199 1370 1276 „Videntur
1388 1203 1447 1267 duo

290 1301 434 1365 membra
455 1300 609 1365 sermonis
632 1300 665 1362 iu
687 1315 786 1363 unum
808 1296 860 1363 hie
883 1297 1019 1364 conflata
1048 1316 1128 1365 esse.
1173 1299 1291 1379 ltaque
1311 1300 1448 1378 primum

289 1396 417 1477 quidem
442 1397 604 1461 dicebant:
627 1398 778 1474 quidvis?
802 1399 873 1459 seio.
912 1395 1047 1475 Deinde,
1070 1402 1108 1460 ut
1129 1393 1199 1461 fieri
1220 1396 1305 1460 solet
1326 1395 1362 1459 in
1385 1416 1448 1461 ser·

286 1512 381 1558 mone
407 1494 574 1573 communi,
606 1512 668 1557 uno
696 1499 807 1558 tenore
835 1499 870 1557 et
898 1493 1064 1558 coniuncte
1100 1492 1248 1558 dicebant
1283 1496 1347 1554 seio
1377 1495 1449 1569 qaid

286 1595 343 1655 oie.
386 1593 492 1672 Atque
516 1590 627 1655 eadem
651 1595 701 1654 est
722 1591 804 1654 ratio
819 1589 1043 1655 formularum:
1067 1594 1186 1665 Nescio,
1211 1593 1356 1666 quidest,
1376 1595 1446 1667 edu,

289 1690 361 1766 quid
392 1693 533 1752 volumus.
583 1692 730 1764 Loquere,
760 1691 810 1750 ubi
840 1698 903 1761 est3
934 1692 1085 1765 eloquere,
1113 1690 1184 1765 quid
1213 1690 1268 1749 tibi
1298 1699 1357 1753 est.
1402 1688 1447 1751 sd

290 1784 424 1849 eandem
447 1802 589 1848 normam
612 1790 748 1864 possunt
770 1784 922 1865 explicari
944 1784 1126 1849 huiusmodi
1141 1783 1313 1849 formulae:
1345 1788 1446 1847 Sentio

291 1900 378 1959 quem
406 1901 469 1942 rem
496 1885 573 1959 agis,
605 1885 700 1956 video,
728 1902 815 1959 quem
843 1902 906 1945 reru
936 1888 1009 1960 agis,
1037 1882 1099 1946 nisi
1133 1880 1217 1946 forte
1250 1883 1387 1960 rectius,
1415 1888 1447 1945 ut

291 1995 391 2058 sopra
413 1977 545 2043 fecimus
568 1978 608 2042 ad
632 1976 755 2059 Captis.
784 1979 827 2055 ΙΙ,
859 1986 887 2059 1,
918 1986 966 2043 16.
1011 1979 1195 2043 Tenendum
1224 1985 1345 2059 tamen,
1374 1979 1447 2044 indi·

285 2076 428 2142 eetivum
452 2076 484 2140 in
507 2076 556 2140 his
572 2075 716 2141 formulis
738 2076 856 2157 ubique
878 2076 997 2141 habere
1012 2076 1150 2156 aliquam
1168 2074 1380 2142 confidentiae
1401 2078 1447 2142 rel

292 2178 399 2238 certae
433 2173 649 2253 persuasionis
684 2173 856 2252 notionem,
887 2179 924 2238 ut
951 2191 1012 2238 non
1039 2174 1123 2239 idem
1151 2174 1246 2254 plane
1269 2173 1447 2254 significent

288 2275 358 2349 seio,
381 2274 454 2345 quid
474 2275 554 2340 velis,
570 2276 603 2334 et
624 2274 693 2340 eer‘o,
715 2275 788 2346 quid
807 2273 884 2335 eis.“
917 2272 982 2336 Mil.
1005 2271 1032 2349 I,
1058 2278 1085 2349 l,
1108 2277 1164 2336 64:
1195 2274 1262 2332 vide
1300 2276 1446 2334 caesaries

290 2389 376 2445 quarn
392 2371 477 2430 decet.
502 2368 544 2446 ΙΙ,
569 2373 597 2446 2,
621 2373 678 2432 46:
701 2372 777 2431 Illuo
801 2374 842 2433 eis
859 2374 936 2445 vide,
959 2373 1051 2447 Quem
1073 2371 1114 2429 od
1135 2370 1254 2430 modum
1277 2372 1376 2429 ostiae
1405 2388 1446 2431 se·

290 2485 361 2529 vero
385 2468 482 2527 fronte
507 2485 624 2541 aurens,
649 2471 794 2545 cogitans.
839 2466 895 2546 IV,
919 2473 947 2547 2,
971 2473 1029 2531 54:
1054 2470 1147 2527 Viden
1178 2475 1210 2526 tu
1237 2469 1389 2545 ignavom,
1419 2476 1447 2527 ut

290 2583 356 2627 sese
379 2566 494 2638 infert?
516 2563 558 2634 11,
582 2567 610 2641 6,
635 2568 675 2629 34
703 2582 787 2643 sqq:
818 2576 851 2626 ut
878 2571 1018 2639 nesciam,
1047 2569 1153 2627 Utrum
1181 2584 1227 2624 me
1255 2569 1445 2641 expostulare

289 2671 388 2723 tecum
413 2667 564 2738 aequomst
582 2665 675 2737 prius,
699 2666 755 2735 dn,
780 2667 804 2724 si
826 2667 919 2724 istaec
943 2683 1000 2724 non
1024 2674 1071 2724 est
1093 2666 1167 2723 haee
1191 2681 1286 2739 neque
1311 2667 1388 2724 haec
1410 2666 1447 2724 ri·

183 2770 187 2781 “
283 2769 354 2821 east
376 2762 461 2832 mihi,
486 2761 554 2818 Med
578 2777 743 2834 expungere
763 2763 822 2826 ⁴tibi
844 2763 961 2822 vedetur
982 2762 1114 2835 aequius.
1145 2758 1200 2833 IV,
1225 2764 1253 2834 2,
1287 2766 1342 2824 59:
1375 2761 1446 2835 Quid

286 2874 369 2916 nune
398 2858 451 2916 tibi
478 2858 533 2928 eie,
563 2860 678 2930 mulier,
707 2876 847 2919 memora.
875 2874 904 2921 v.
933 2861 974 2921 82
1005 2875 1069 2935 sq:
1095 2858 1162 2918 Nou
1185 2858 1294 2932 edepol
1318 2868 1352 2917 tu
1383 2862 1446 2926 sois,

285 2955 411 3026 mulier,
444 2955 589 3026 Quantum
614 2972 669 3030 ego
698 2957 840 3016 honorem
871 2975 947 3016 nuno
975 2958 1020 3016 illi
1043 2957 1143 3017 taem.
1166 2953 1221 3030 lv,
1244 2957 1272 3029 6,
1297 2959 1359 3017 47:
1385 2959 1445 3016 Nou

290 3051 390 3124 video,
415 3052 512 3110 ubist?
537 3048 634 3114 Mero.
658 3050 700 3130 ll,
724 3057 753 3127 3,
779 3057 832 3117 17:
855 3056 941 3114 Nune
965 3057 991 3114 si
1013 3055 1079 3114 dico
1104 3062 1136 3112 ut
1158 3072 1207 3112 res
1231 3057 1281 3128 eet,
1299 3063 1393 3128 utque
1414 3056 1445 3112 il·

284 3150 348 3208 iam
379 3149 450 3207 mihi
479 3166 524 3208 me
550 3150 667 3209 Emiese
701 3152 809 3223 indico,
845 3170 932 3227 quem
962 3154 1000 3212 ad
1031 3153 1147 3211 modum
1182 3152 1345 3210 existumet
1381 3146 1445 3210 me?

285 3262 319 3308 -ν,
344 3248 402 3307 95:
433 3247 480 3307 Ah
508 3248 606 3306 neseis
634 3248 703 3321 quid
737 3249 870 3310 dicturus
902 3267 976 3311 eum.
1022 3246 1081 3325 IV,
1111 3252 1145 3324 3,
1174 3250 1228 3309 23:
1265 3249 1324 3306 Vin
1354 3250 1445 3308 dicam

291 3344 430 3418 quoiast?
452 3348 482 3415 4,
504 3347 562 3406 43:
587 3345 681 3404 dicam
705 3347 775 3419 quid
798 3352 847 3406 eet.
872 3344 909 3424 V,
933 3350 962 3423 2,
986 3349 1041 3408 23:
1068 3347 1179 3405 Nescio
1208 3347 1298 3419 quoia
1324 3364 1384 3406 vox
1412 3346 1446 3405 ud

291 3442 371 3500 auris
396 3443 433 3498 mi
457 3441 618 3503 advenere.
642 3460 671 3503 v.
697 3446 750 3505 39:
774 3445 896 3504 Caelum
919 3452 952 3505 ut
974 3449 1016 3504 est
1038 3443 1198 3519 splendore
1226 3446 1359 3517 plenum,
1384 3444 1445 3504 vide

291 3538 343 3610 sis,
367 3547 456 3613 etque
481 3539 681 3615 [innubilum].
727 3539 842 3604 Pseud.
866 3540 892 3617 Ι,
920 3548 946 3619 l,
973 3543 1027 3603 16:
1052 3543 1131 3601 Faue
1153 3558 1200 3598 me
1231 3549 1347 3600 eertum
1381 3542 1446 3617 quid

290 3635 380 3694 tibist.
404 3631 430 3710 I,
458 3639 485 3712 l,
512 3640 563 3698 19:
586 3643 648 3697 tute
673 3640 742 3698 hine
766 3647 889 3701 narrato
913 3641 976 3713 tibi,
1002 3642 1083 3714 Quae
1107 3657 1153 3697 me
1175 3639 1299 3698 miseria
1322 3647 1353 3697 et
1377 3657 1445 3699 euru

285 3733 492 3805 eontobefoeit.
531 3732 647 3798 Pseud.
679 3753 707 3797 v.
738 3738 800 3800 209
829 3753 913 3814 sqq:
946 3739 989 3797 Tu
1018 3746 1125 3810 autem,
1149 3736 1295 3807 Xustulis,
1328 3735 1395 3796 iaoe
1417 3744 1446 3795 ut

290 3833 420 3889 animum
450 3831 599 3899 advortas,
629 3836 732 3908 quoius
759 3843 909 3895 amatores
944 3837 1014 3896 oliui
1046 3837 1194 3896 Dunamin
1229 3834 1308 3893 domi
1340 3835 1446 3893 tmoeet

282 3942 464 3988 maxumam.
489 3926 514 4003 1,
538 3933 567 4005 3,
592 3930 645 3992 28:
668 3932 767 3991 Nosee
791 3935 896 3992 saltem
921 3935 1000 3992 huno
1023 3936 1088 4008 quis
1111 3938 1159 3992 eet.
1184 3947 1213 3992 v.
1233 3934 1287 3992 29:
1314 3933 1376 3990 Iam
1400 3934 1445 3990 diu

291 4026 354 4084 seio
382 4028 432 4100 qui
459 4026 534 4098 soit:
563 4046 640 4087 nuno
669 4031 718 4103 qui
748 4031 773 4089 is
797 4037 839 4090 eet
861 4034 943 4104 ipsus
964 4034 1049 4091 sciat.
1078 4046 1106 4092 v.
1129 4034 1186 4091 42:
1212 4032 1265 4090 Set
1289 4035 1353 4092 sein
1379 4031 1445 4108 quid

291 4139 344 4181 nos
366 4123 522 4184 eodemus?
549 4141 577 4186 v-
605 4127 662 4188 96:
693 4130 783 4187 audin
815 4131 885 4203 quid
914 4131 959 4189 ait
987 4129 1144 4205 Iuppiter?
1175 4125 1201 4204 l,
1237 4131 1266 4203 5,
1305 4134 1380 4191 124:
1409 4135 1445 4189 At

286 4221 456 4280 enimenin
487 4223 557 4296 quid
580 4224 651 4282 mihi
682 4226 711 4283 in
740 4233 868 4287 ruentem
897 4229 999 4286 verrit?
1028 4224 1069 4302 ΙΙ,
1095 4228 1123 4302 2,
1147 4231 1181 4287 5:
1212 4228 1301 4286 nimis
1333 4223 1443 4301 [quum]

284 4318 379 4375 -uelim
403 4327 517 4380 eertum
555 4324 605 4396 qui
640 4323 669 4380 id
703 4321 796 4382 faeiat
823 4325 897 4383 Mihi
925 4327 1023 4385 Ballio
1058 4328 1125 4386 leno
1162 4326 1213 4383 ubi
1251 4327 1300 4383 hie
1324 4326 1443 4383 eareat.
