3125 5075
208 389 270 451 378
517 377 580 418 CAP.
595 377 640 417 XV.
667 374 818 416 DUCTUM
832 373 1084 415 aduncisrlouuu.

206 573 347 632 lacrumis
371 567 542 644 defendant,
567 570 626 627 iam
649 568 755 628 ardeat
777 566 868 627 credo
891 572 991 640 caput.
1037 562 1095 635 lv,
1120 569 1157 642 2,
1185 568 1214 629 2.
1249 567 1298 630 De
1319 568 1367 625 soi·

206 686 274 727 raia
294 670 328 726 ai
349 664 422 729 vide
444 663 603 728 Handium
627 681 657 743 p.
683 667 754 728 193.
777 660 882 725 Plaut.
906 660 1020 741 Amph.
1043 661 1069 740 l,
1097 667 1125 739 l,
1151 667 1233 727 163:
1259 667 1369 725 Mirans

206 770 240 827 πὶ
262 769 311 827 hic
340 783 387 825 mc
417 766 502 839 quasi
532 780 702 823 muraenam
731 779 871 822 exossare
895 762 1015 836 cogitat.
1060 757 1153 842 Capi.
1179 759 1240 839 IV,
1265 766 1303 840 2,
1326 767 1368 827 25.

207 861 322 928 Bacch.
347 860 413 935 111,
438 865 466 937 3,
489 862 545 923 46:
569 863 655 921 Mira
676 865 746 920 marat
767 861 801 918 ai
819 860 1002 921 Pistoclerus
1024 860 1142 920 Ludum
1167 863 1282 936 pugnis
1307 880 1371 923 coo·

208 963 297 1023 tudit.
342 959 469 1023 Terent.
499 956 597 1020 Andr.
620 956 681 1035 ΙΙΙ,
705 962 742 1035 4,
768 961 822 1022 19:
855 957 972 1017 Mirum
999 958 1032 1014 as'
1061 958 1190 1036 domist,
1228 957 1272 1022 ad
1303 957 1369 1037 ql

207 1056 349 1122 Ruhnk.:
374 1056 413 1133 „i
438 1072 464 1117 e.
488 1054 557 1119 sine
579 1054 692 1133 dubio,
722 1053 881 1118 nimirum.
926 1052 1007 1117 Eun.
1029 1052 1080 1131 ll,
1105 1059 1142 1133 3,
1168 1060 1230 1120 53:
1259 1059 1366 1119 Mirus

207 1158 242 1215 ai
263 1158 340 1217 hano
364 1151 469 1216 dicit.“
515 1151 684 1218 Nonnullis
707 1157 815 1216 tamen
837 1150 914 1215 locis
938 1169 996 1230 pro
1019 1170 1057 1216 eo
1079 1155 1141 1213 aiei
1164 1152 1296 1219 dictum
1318 1165 1366 1230 est¹

207 1250 312 1316 Plaut.
336 1251 450 1331 Amph.
473 1251 504 1330 Ι,
531 1256 566 1328 l,
592 1256 670 1315 127:
700 1255 787 1313 Mira
808 1255 879 1311 susat
899 1252 958 1311 aas·
980 1253 1118 1313 invitavit
1146 1271 1219 1314 sese
1244 1257 1276 1314 in
1301 1273 1368 1315 cens

207 1352 390 1427 plusculum,
413 1355 447 1413 et
475 1368 507 1414 v.
531 1353 606 1413 275:
640 1353 821 1418 Miraeaat
849 1350 910 1408 uisi
936 1351 1025 1410 latuit
1047 1354 1128 1412 intus
1151 1354 1221 1413 illic
1246 1355 1279 1413 in
1302 1356 1367 1414 illac

208 1451 322 1509 hirnea.
366 1446 535 1510 Ponuntur
562 1446 739 1526 particulae
768 1450 797 1507 si
827 1452 860 1510 et
882 1448 915 1505 m·
942 1445 1039 1510 etiam
1066 1447 1099 1510 in
1130 1449 1366 1527 sponsionibus

208 1543 248 1609 de
277 1560 341 1623 qua
370 1562 406 1607 re
437 1543 589 1608 disseruit
616 1544 749 1609 Rostius
779 1547 947 1608 comment
971 1542 1074 1608 Plaut
1097 1563 1128 1626 p.
1156 1551 1200 1610 72
1225 1565 1299 1628 sqq.
1339 1548 1366 1613 Si

209 1641 274 1705 duo
306 1640 449 1705 membra
482 1640 514 1704 in
548 1642 718 1721 sponsione
754 1645 1002 1721 componuntur,
1036 1641 1068 1707 in
1101 1642 1210 1709 altero
1244 1648 1364 1727 ponitur

207 1741 290 1808 aiae,
320 1738 388 1802 sive
416 1739 593 1818 praemisso
621 1744 667 1814 iai,
697 1740 764 1804 sive
790 1742 826 1804 si.
872 1738 1025 1819 Exempla
1052 1748 1127 1805 sunt
1158 1742 1271 1808 Plaut.
1304 1744 1363 1810 Cas.

207 1836 288 1917 prol.
312 1854 341 1898 v.
367 1842 424 1901 75:

401 1938 435 1995 ld
457 1938 490 1995 ai
512 1939 567 2011 sit,
591 1955 706 1997 mecum
729 1939 853 2013 pignus,
877 1940 969 2013 siquis
992 1942 1067 2009 volt,
1099 1941 1172 2000 dato

397 2035 431 2092 ln
455 2053 559 2095 urnam
581 2037 676 2097 mulsi.

208 2127 301 2207 Epio.
328 2127 364 2208 V,
389 2133 422 2207 2,
447 2137 503 2194 35:

187 2243 190 2248 ·
590 2264 631 2273 -
653 2232 686 2289 ai
709 2249 779 2306 ergo
802 2234 904 2291 matris
928 2231 1027 2302 filiast,

339 2330 372 2387 ln
396 2346 492 2387 meum
515 2347 683 2396 nummum,
709 2332 739 2388 in
762 2337 844 2389 tuum
870 2332 1013 2390 talentum
1038 2334 1143 2405 pignus
1169 2334 1218 2392 da.

207 2421 303 2486 Poen.
328 2422 367 2501 V,
390 2430 427 2499 4,
452 2429 506 2488 72:
537 2429 584 2487 Da
606 2430 730 2503 pignus,
757 2429 789 2485 ai
818 2445 896 2487 nunc
919 2432 1051 2502 peieres,
1079 2432 1108 2488 in
1140 2434 1275 2505 savium,
1307 2444 1368 2493 uter

207 2525 268 2584 utri
291 2524 350 2586 det.
396 2522 476 2587 Rud.
501 2521 559 2601 ΙΙΙ,
582 2529 612 2602 4,
640 2530 743 2590 7-9;

734 2626 829 2701 [Ergo
852 2623 934 2698 dato]

338 2724 383 2780 De
408 2730 513 2781 senatu
530 2723 694 2796 Cyrenensi
718 2725 850 2798 quemvis
872 2727 1042 2797 opulentum
1068 2725 1255 2803 [arbitrum],

339 2820 372 2877 Si
395 2830 461 2880 tuas
484 2839 550 2879 esse
574 2828 694 2894 oportet
716 2822 783 2880 iiiuc
805 2838 856 2881 eas
879 2839 944 2881 esse
969 2834 1086 2896 oportet
1112 2826 1237 2902 liberas,

338 2919 415 2975 ltine
437 2921 466 2976 in
491 2936 642 2977 carcerem
666 2921 868 2994 compingite
892 2932 1052 2994 aequomst.

205 3009 289 3074 Rud.
314 3012 350 3091 V,
376 3018 409 3086 3,
435 3019 474 3078 22
491 3032 576 3094 sqq:

709 3145 752 3156 -
775 3113 809 3172 Si
832 3117 961 3176 vidulum

247 3212 333 3269 Hunc
357 3211 531 3285 redigissem
555 3214 586 3271 iu
608 3219 789 3286 potestatem
815 3215 888 3288 eius,
911 3217 1040 3275 iuratust
1063 3215 1134 3275 dare

246 3310 321 3367 Mihi
345 3312 491 3368 talentum
520 3327 656 3386 magnum
686 3314 813 3386 argenti.
849 3309 914 3373 Lu.
937 3314 1017 3373 Cedo
1044 3315 1162 3387 quicum
1192 3317 1322 3377 habeam

871 3412 1009 3486 iudicem,

245 3504 289 3562 Ni
313 3504 381 3562 dolo
405 3506 482 3564 malo
505 3507 699 3580 instipulatus
722 3509 763 3567 sis
786 3509 855 3567 trice
883 3510 1042 3568 etiamdum
1066 3508 1151 3583 [hau]
1178 3516 1254 3574 siem

247 3602 382 3675 Quinque
400 3608 430 3660 et
445 3604 548 3677 viginti
565 3622 657 3665 annos
674 3614 770 3668 natus.
795 3603 860 3668 GR.
877 3607 961 3665 Habe
977 3624 1041 3666 cum
1059 3607 1123 3666 hoo.
1155 3609 1322 3687 [Inruio]¹’)

872 3706 962 3766 aliost
984 3723 1065 3779 opus.

246 3795 341 3858 ΒΑΕ.
370 3800 430 3857 Iam
454 3799 492 3859 ab
518 3801 578 3860 isto
601 3799 720 3861 auferre
748 3802 807 3860 han
835 3804 929 3863 sinam
957 3802 1026 3879 [te],
1066 3806 1097 3860 ai
1125 3806 1223 3864 istunc
1250 3825 1319 3866 con·

872 3902 1059 3962 demnarero

201 3988 286 4054 Illud
310 3995 377 4054 trive
408 3992 503 4056 etiam
526 3993 557 4057 in
585 3994 697 4073 quavis
727 3994 940 4061 disiunctione
968 4002 1158 4077 usurpatur,
1189 4017 1289 4078 quum
1319 4002 1358 4065 sit

216 4149 353 4156 -—.-....
390 4151 395 4156 .
422 4152 426 4156 .

273 4234 304 4287 ¹⁹)
324 4235 412 4288 Immo
439 4234 554 4289 inseruit
574 4236 782 4303 Fleckeisenus‚
809 4239 858 4293 sed
879 4240 930 4293 lior
955 4257 1017 4293 num
1042 4256 1135 4294 semim
1154 4242 1193 4295 sit
1213 4243 1360 4298 adrandum

199 4315 306 4369 dubitat
326 4318 352 4368 in
373 4317 460 4370 lahnii
480 4319 567 4372 annal.
590 4321 670 4384 1851,
693 4322 743 4379 vol.
764 4321 841 4389 LXI,
861 4336 928 4377 sect.
951 4328 978 4390 1,
998 4343 1023 4393 p.
1044 4328 1080 4379 52
1101 4335 1129 4378 et
1154 4325 1219 4379 dicit
1240 4326 1360 4381 sort-isse

199 4398 373 4453 scribendum
392 4415 454 4453 esse
473 4416 533 4454 coa.
