<?xml version="1.0" encoding="UTF-8"?>
<!DOCTYPE html PUBLIC "-//W3C//DTD XHTML 1.0 Transitional//EN"
    "http://www.w3.org/TR/xhtml1/DTD/xhtml1-transitional.dtd">
<html xmlns="http://www.w3.org/1999/xhtml" xml:lang="en" lang="en">
 <head>
  <title>
</title>
<meta http-equiv="Content-Type" content="text/html;charset=utf-8" />
  <meta name='ocr-system' content='tesseract 3.04.00' />
  <meta name='ocr-capabilities' content='ocr_page ocr_carea ocr_par ocr_line ocrx_word'/>
</head>
<body>
  <div class='ocr_page' id='page_1' title='image "./syntaxispriscor00holtgoog_0210.png"; bbox 0 0 3125 5075; ppageno 0'>
   <div class='ocr_carea' id='block_1_1' title="bbox 446 365 1295 430">
    <p class='ocr_par' dir='ltr' id='par_1_1' title="bbox 446 365 1295 430">
     <span class='ocr_line' id='line_1_1' title="bbox 446 365 1295 430; baseline -0.001 -26"><span class='ocrx_word' id='word_1_1' title='bbox 446 366 533 404; x_wconf 78' lang='lat' dir='ltr'>CASUS</span> <span class='ocrx_word' id='word_1_2' title='bbox 548 365 816 405; x_wconf 69' lang='lat' dir='ltr'>subsuntulvoavlt.</span> <span class='ocrx_word' id='word_1_3' title='bbox 830 388 854 395; x_wconf 93' lang='lat'><em>-</em></span> <span class='ocrx_word' id='word_1_4' title='bbox 870 366 1008 405; x_wconf 79' lang='lat' dir='ltr'>ACCl&#39;SAT.</span> <span class='ocrx_word' id='word_1_5' title='bbox 1240 375 1295 430; x_wconf 78' lang='lat'>191</span> 
     </span>
    </p>
   </div>
   <div class='ocr_carea' id='block_1_2' title="bbox 85 535 1300 4029">
    <p class='ocr_par' dir='ltr' id='par_1_2' title="bbox 89 535 1300 3343">
     <span class='ocr_line' id='line_1_2' title="bbox 147 535 1300 619; baseline -0.003 -17"><span class='ocrx_word' id='word_1_6' title='bbox 147 536 314 619; x_wconf 76' lang='lat' dir='ltr'>mgitstio,</span> <span class='ocrx_word' id='word_1_7' title='bbox 339 535 374 602; x_wconf 89' lang='lat' dir='ltr'>in</span> <span class='ocrx_word' id='word_1_8' title='bbox 401 554 465 617; x_wconf 81' lang='lat' dir='ltr'>oua</span> <span class='ocrx_word' id='word_1_9' title='bbox 491 536 650 603; x_wconf 87' lang='lat' dir='ltr'>obiectum</span> <span class='ocrx_word' id='word_1_10' title='bbox 677 538 861 605; x_wconf 85' lang='lat' dir='ltr'>directionis</span> <span class='ocrx_word' id='word_1_11' title='bbox 887 538 953 603; x_wconf 85' lang='lat' dir='ltr'>tale</span> <span class='ocrx_word' id='word_1_12' title='bbox 979 540 1132 619; x_wconf 89' lang='lat' dir='ltr'>apparet,</span> <span class='ocrx_word' id='word_1_13' title='bbox 1167 535 1253 615; x_wconf 83' lang='lat' dir='ltr'>qnod</span> <span class='ocrx_word' id='word_1_14' title='bbox 1279 552 1300 599; x_wconf 92' lang='lat' dir='ltr'>a</span> 
     </span>
     <span class='ocr_line' id='line_1_3' title="bbox 141 631 1298 716; baseline -0.004 -17"><span class='ocrx_word' id='word_1_15' title='bbox 141 634 287 702; x_wconf 64' lang='lat' dir='ltr'>rubim</span> <span class='ocrx_word' id='word_1_16' title='bbox 320 639 438 715; x_wconf 84' lang='lat' dir='ltr'>agente</span> <span class='ocrx_word' id='word_1_17' title='bbox 470 640 609 715; x_wconf 90' lang='lat' dir='ltr'>ponatur</span> <span class='ocrx_word' id='word_1_18' title='bbox 641 636 686 700; x_wconf 84' lang='lat' dir='ltr'>ita</span> <span class='ocrx_word' id='word_1_19' title='bbox 724 642 761 699; x_wconf 90' lang='lat' dir='ltr'>ut</span> <span class='ocrx_word' id='word_1_20' title='bbox 794 636 888 716; x_wconf 88' lang='lat' dir='ltr'>plane</span> <span class='ocrx_word' id='word_1_21' title='bbox 920 636 1095 701; x_wconf 70' lang='lat' dir='ltr'>secuudum</span> <span class='ocrx_word' id='word_1_22' title='bbox 1131 631 1298 697; x_wconf 78' lang='lat' dir='ltr'>arbitrium</span> 
     </span>
     <span class='ocr_line' id='line_1_4' title="bbox 138 728 1299 814; baseline -0.004 -16"><span class='ocrx_word' id='word_1_23' title='bbox 138 747 238 798; x_wconf 77' lang='lat' dir='ltr'>suurn</span> <span class='ocrx_word' id='word_1_24' title='bbox 258 729 341 798; x_wconf 92' lang='lat' dir='ltr'>illud</span> <span class='ocrx_word' id='word_1_25' title='bbox 362 731 464 814; x_wconf 86' lang='lat' dir='ltr'>eligat</span> <span class='ocrx_word' id='word_1_26' title='bbox 484 736 519 797; x_wconf 91' lang='lat' dir='ltr'>et</span> <span class='ocrx_word' id='word_1_27' title='bbox 544 732 591 797; x_wconf 90' lang='lat' dir='ltr'>ita</span> <span class='ocrx_word' id='word_1_28' title='bbox 618 740 739 799; x_wconf 90' lang='lat' dir='ltr'>utnon</span> <span class='ocrx_word' id='word_1_29' title='bbox 766 751 899 799; x_wconf 88' lang='lat' dir='ltr'>necesse</span> <span class='ocrx_word' id='word_1_30' title='bbox 926 734 968 799; x_wconf 91' lang='lat' dir='ltr'>sit</span> <span class='ocrx_word' id='word_1_31' title='bbox 995 733 1152 798; x_wconf 87' lang='lat' dir='ltr'>rationem</span> <span class='ocrx_word' id='word_1_32' title='bbox 1179 728 1299 794; x_wconf 90' lang='lat' dir='ltr'>habere</span> 
     </span>
     <span class='ocr_line' id='line_1_5' title="bbox 135 828 1299 912; baseline -0.003 -19"><span class='ocrx_word' id='word_1_33' title='bbox 135 828 201 906; x_wconf 84' lang='lat' dir='ltr'>roi,</span> <span class='ocrx_word' id='word_1_34' title='bbox 235 846 320 910; x_wconf 86' lang='lat' dir='ltr'>quae</span> <span class='ocrx_word' id='word_1_35' title='bbox 348 828 417 895; x_wconf 84' lang='lat' dir='ltr'>siue</span> <span class='ocrx_word' id='word_1_36' title='bbox 443 829 642 895; x_wconf 83' lang='lat' dir='ltr'>extrinsecus</span> <span class='ocrx_word' id='word_1_37' title='bbox 669 832 736 896; x_wconf 87' lang='lat' dir='ltr'>siue</span> <span class='ocrx_word' id='word_1_38' title='bbox 764 850 804 896; x_wconf 81' lang='lat' dir='ltr'>ea</span> <span class='ocrx_word' id='word_1_39' title='bbox 830 831 984 912; x_wconf 82' lang='lat' dir='ltr'>singulari</span> <span class='ocrx_word' id='word_1_40' title='bbox 1013 828 1146 895; x_wconf 90' lang='lat' dir='ltr'>actionis</span> <span class='ocrx_word' id='word_1_41' title='bbox 1184 833 1299 891; x_wconf 90' lang='lat' dir='ltr'>natura</span> 
     </span>
     <span class='ocr_line' id='line_1_6' title="bbox 135 922 1299 1009; baseline -0.005 -16"><span class='ocrx_word' id='word_1_42' title='bbox 135 922 379 1005; x_wconf 85' lang='lat' dir='ltr'>proficiscatur;</span> <span class='ocrx_word' id='word_1_43' title='bbox 401 926 488 991; x_wconf 92' lang='lat' dir='ltr'>illam</span> <span class='ocrx_word' id='word_1_44' title='bbox 503 927 729 1008; x_wconf 83' lang='lat' dir='ltr'>cogitationem</span> <span class='ocrx_word' id='word_1_45' title='bbox 745 929 826 1005; x_wconf 87' lang='lat' dir='ltr'>dico,</span> <span class='ocrx_word' id='word_1_46' title='bbox 848 946 941 1009; x_wconf 88' lang='lat' dir='ltr'>quam</span> <span class='ocrx_word' id='word_1_47' title='bbox 958 927 1161 1007; x_wconf 79' lang='lat' dir='ltr'>designamus</span> <span class='ocrx_word' id='word_1_48' title='bbox 1172 922 1299 988; x_wconf 89' lang='lat' dir='ltr'>nomine</span> 
     </span>
     <span class='ocr_line' id='line_1_7' title="bbox 135 1019 1299 1106; baseline -0.002 -20"><span class='ocrx_word' id='word_1_49' title='bbox 135 1026 265 1093; x_wconf 74' lang='lat' dir='ltr'>milii,</span> <span class='ocrx_word' id='word_1_50' title='bbox 290 1030 453 1101; x_wconf 81' lang='lat' dir='ltr'>propositi,</span> <span class='ocrx_word' id='word_1_51' title='bbox 475 1025 561 1106; x_wconf 89' lang='lat' dir='ltr'>quod</span> <span class='ocrx_word' id='word_1_52' title='bbox 583 1043 645 1091; x_wconf 97' lang='lat' dir='ltr'>non</span> <span class='ocrx_word' id='word_1_53' title='bbox 669 1024 924 1091; x_wconf 84' lang='lat' dir='ltr'>confundendum</span> <span class='ocrx_word' id='word_1_54' title='bbox 947 1028 998 1090; x_wconf 93' lang='lat' dir='ltr'>est</span> <span class='ocrx_word' id='word_1_55' title='bbox 1020 1041 1091 1089; x_wconf 90' lang='lat' dir='ltr'>eum</span> <span class='ocrx_word' id='word_1_56' title='bbox 1114 1039 1219 1087; x_wconf 89' lang='lat' dir='ltr'>causa.</span> <span class='ocrx_word' id='word_1_57' title='bbox 1247 1019 1299 1084; x_wconf 88' lang='lat' dir='ltr'>Sic</span> 
     </span>
     <span class='ocr_line' id='line_1_8' title="bbox 134 1116 1299 1205; baseline -0.004 -21"><span class='ocrx_word' id='word_1_58' title='bbox 134 1116 202 1187; x_wconf 85' lang='lat' dir='ltr'>bue</span> <span class='ocrx_word' id='word_1_59' title='bbox 223 1127 354 1202; x_wconf 90' lang='lat' dir='ltr'>spectat</span> <span class='ocrx_word' id='word_1_60' title='bbox 376 1140 455 1188; x_wconf 88' lang='lat' dir='ltr'>usus</span> <span class='ocrx_word' id='word_1_61' title='bbox 477 1122 623 1203; x_wconf 87' lang='lat' dir='ltr'>gerundii</span> <span class='ocrx_word' id='word_1_62' title='bbox 647 1142 718 1188; x_wconf 89' lang='lat' dir='ltr'>cum</span> <span class='ocrx_word' id='word_1_63' title='bbox 741 1128 782 1185; x_wconf 81' lang='lat' dir='ltr'>od</span> <span class='ocrx_word' id='word_1_64' title='bbox 797 1141 941 1205; x_wconf 84' lang='lat' dir='ltr'>praepos.</span> <span class='ocrx_word' id='word_1_65' title='bbox 966 1120 1136 1199; x_wconf 87' lang='lat' dir='ltr'>coniuncti,</span> <span class='ocrx_word' id='word_1_66' title='bbox 1158 1118 1209 1199; x_wconf 90' lang='lat' dir='ltr'>(ut</span> <span class='ocrx_word' id='word_1_67' title='bbox 1226 1121 1299 1179; x_wconf 80' lang='lat' dir='ltr'>dore</span> 
     </span>
     <span class='ocr_line' id='line_1_9' title="bbox 133 1214 1299 1298; baseline -0.003 -19"><span class='ocrx_word' id='word_1_68' title='bbox 133 1221 180 1279; x_wconf 75' lang='lat' dir='ltr'>od</span> <span class='ocrx_word' id='word_1_69' title='bbox 200 1221 438 1295; x_wconf 68' lang='lat' dir='ltr'>defendmdum,</span> <span class='ocrx_word' id='word_1_70' title='bbox 470 1240 636 1296; x_wconf 67' lang='lat' dir='ltr'>propassus</span> <span class='ocrx_word' id='word_1_71' title='bbox 658 1224 699 1283; x_wconf 86' lang='lat' dir='ltr'>od</span> <span class='ocrx_word' id='word_1_72' title='bbox 720 1224 908 1298; x_wconf 64' lang='lat' dir='ltr'>daromam),</span> <span class='ocrx_word' id='word_1_73' title='bbox 939 1219 1054 1285; x_wconf 90' lang='lat' dir='ltr'>deinde</span> <span class='ocrx_word' id='word_1_74' title='bbox 1081 1235 1159 1282; x_wconf 92' lang='lat' dir='ltr'>usus</span> <span class='ocrx_word' id='word_1_75' title='bbox 1193 1214 1299 1294; x_wconf 93' lang='lat' dir='ltr'>supini</span> 
     </span>
     <span class='ocr_line' id='line_1_10' title="bbox 136 1315 1298 1400; baseline -0.006 -18"><span class='ocrx_word' id='word_1_76' title='bbox 136 1315 175 1382; x_wconf 86' lang='lat' dir='ltr'>in</span> <span class='ocrx_word' id='word_1_77' title='bbox 200 1338 251 1380; x_wconf 73' lang='lat' dir='ltr'>aar</span> <span class='ocrx_word' id='word_1_78' title='bbox 282 1316 468 1382; x_wconf 87' lang='lat' dir='ltr'>desinentis</span> <span class='ocrx_word' id='word_1_79' title='bbox 517 1316 697 1397; x_wconf 89' lang='lat' dir='ltr'>Utrumque</span> <span class='ocrx_word' id='word_1_80' title='bbox 723 1336 924 1400; x_wconf 88' lang='lat' dir='ltr'>nequaquam</span> <span class='ocrx_word' id='word_1_81' title='bbox 951 1320 1034 1384; x_wconf 92' lang='lat' dir='ltr'>idem</span> <span class='ocrx_word' id='word_1_82' title='bbox 1056 1319 1106 1380; x_wconf 92' lang='lat' dir='ltr'>est</span> <span class='ocrx_word' id='word_1_83' title='bbox 1128 1321 1224 1395; x_wconf 89' lang='lat' dir='ltr'>atque</span> <span class='ocrx_word' id='word_1_84' title='bbox 1247 1330 1298 1377; x_wconf 88' lang='lat' dir='ltr'>ac·</span> 
     </span>
     <span class='ocr_line' id='line_1_11' title="bbox 150 1413 1299 1497; baseline -0.004 -18"><span class='ocrx_word' id='word_1_85' title='bbox 150 1415 310 1479; x_wconf 59' lang='lat' dir='ltr'>mutiens</span> <span class='ocrx_word' id='word_1_86' title='bbox 333 1413 477 1493; x_wconf 88' lang='lat' dir='ltr'>termini,</span> <span class='ocrx_word' id='word_1_87' title='bbox 505 1415 562 1479; x_wconf 89' lang='lat' dir='ltr'>sed</span> <span class='ocrx_word' id='word_1_88' title='bbox 585 1415 696 1495; x_wconf 88' lang='lat' dir='ltr'>utique</span> <span class='ocrx_word' id='word_1_89' title='bbox 717 1415 747 1480; x_wconf 89' lang='lat' dir='ltr'>ei</span> <span class='ocrx_word' id='word_1_90' title='bbox 770 1417 938 1497; x_wconf 81' lang='lat' dir='ltr'>analogum</span> <span class='ocrx_word' id='word_1_91' title='bbox 963 1420 996 1480; x_wconf 90' lang='lat' dir='ltr'>et</span> <span class='ocrx_word' id='word_1_92' title='bbox 1017 1414 1188 1496; x_wconf 89' lang='lat' dir='ltr'>figuratum</span> <span class='ocrx_word' id='word_1_93' title='bbox 1213 1413 1299 1486; x_wconf 88' lang='lat' dir='ltr'>(con-</span> 
     </span>
     <span class='ocr_line' id='line_1_12' title="bbox 137 1507 1299 1594; baseline -0.005 -18"><span class='ocrx_word' id='word_1_94' title='bbox 137 1511 261 1591; x_wconf 83' lang='lat' dir='ltr'>silium,</span> <span class='ocrx_word' id='word_1_95' title='bbox 292 1511 377 1592; x_wconf 84' lang='lat' dir='ltr'>quod</span> <span class='ocrx_word' id='word_1_96' title='bbox 399 1512 563 1591; x_wconf 87' lang='lat' dir='ltr'>sequimur</span> <span class='ocrx_word' id='word_1_97' title='bbox 585 1513 617 1576; x_wconf 93' lang='lat' dir='ltr'>in</span> <span class='ocrx_word' id='word_1_98' title='bbox 638 1519 744 1593; x_wconf 87' lang='lat' dir='ltr'>motu,</span> <span class='ocrx_word' id='word_1_99' title='bbox 773 1514 857 1594; x_wconf 89' lang='lat' dir='ltr'>quod</span> <span class='ocrx_word' id='word_1_100' title='bbox 881 1513 992 1593; x_wconf 88' lang='lat' dir='ltr'>supino</span> <span class='ocrx_word' id='word_1_101' title='bbox 1015 1510 1217 1592; x_wconf 83' lang='lat' dir='ltr'>exprimitur,</span> <span class='ocrx_word' id='word_1_102' title='bbox 1251 1507 1299 1571; x_wconf 90' lang='lat' dir='ltr'>ita</span> 
     </span>
     <span class='ocr_line' id='line_1_13' title="bbox 134 1606 1297 1690; baseline -0.003 -17"><span class='ocrx_word' id='word_1_103' title='bbox 134 1608 248 1675; x_wconf 79' lang='lat' dir='ltr'>diflert</span> <span class='ocrx_word' id='word_1_104' title='bbox 269 1627 291 1673; x_wconf 90' lang='lat' dir='ltr'>a</span> <span class='ocrx_word' id='word_1_105' title='bbox 313 1608 450 1673; x_wconf 89' lang='lat' dir='ltr'>termino</span> <span class='ocrx_word' id='word_1_106' title='bbox 471 1608 548 1685; x_wconf 89' lang='lat' dir='ltr'>loci,</span> <span class='ocrx_word' id='word_1_107' title='bbox 575 1610 710 1674; x_wconf 91' lang='lat' dir='ltr'>utillud</span> <span class='ocrx_word' id='word_1_108' title='bbox 735 1612 863 1676; x_wconf 91' lang='lat' dir='ltr'>notione</span> <span class='ocrx_word' id='word_1_109' title='bbox 891 1610 1064 1690; x_wconf 85' lang='lat' dir='ltr'>qualitatis,</span> <span class='ocrx_word' id='word_1_110' title='bbox 1087 1607 1147 1672; x_wconf 92' lang='lat' dir='ltr'>hoc</span> <span class='ocrx_word' id='word_1_111' title='bbox 1170 1606 1297 1685; x_wconf 88' lang='lat' dir='ltr'>quanti·</span> 
     </span>
     <span class='ocr_line' id='line_1_14' title="bbox 134 1702 1297 1787; baseline -0.003 -17"><span class='ocrx_word' id='word_1_112' title='bbox 134 1706 219 1771; x_wconf 83' lang='lat' dir='ltr'>tatis</span> <span class='ocrx_word' id='word_1_113' title='bbox 241 1707 427 1787; x_wconf 88' lang='lat' dir='ltr'>cogitetur).</span> <span class='ocrx_word' id='word_1_114' title='bbox 473 1706 642 1772; x_wconf 90' lang='lat' dir='ltr'>Obiectum</span> <span class='ocrx_word' id='word_1_115' title='bbox 666 1708 851 1774; x_wconf 86' lang='lat' dir='ltr'>directionis</span> <span class='ocrx_word' id='word_1_116' title='bbox 877 1707 1011 1772; x_wconf 91' lang='lat' dir='ltr'>alterius</span> <span class='ocrx_word' id='word_1_117' title='bbox 1034 1704 1160 1786; x_wconf 91' lang='lat' dir='ltr'>generis</span> <span class='ocrx_word' id='word_1_118' title='bbox 1182 1704 1214 1767; x_wconf 92' lang='lat' dir='ltr'>in</span> <span class='ocrx_word' id='word_1_119' title='bbox 1236 1702 1297 1766; x_wconf 89' lang='lat' dir='ltr'>boc</span> 
     </span>
     <span class='ocr_line' id='line_1_15' title="bbox 134 1803 1298 1886; baseline -0.005 -17"><span class='ocrx_word' id='word_1_120' title='bbox 134 1819 259 1884; x_wconf 77' lang='lat' dir='ltr'>genere</span> <span class='ocrx_word' id='word_1_121' title='bbox 282 1809 415 1885; x_wconf 86' lang='lat' dir='ltr'>praeter</span> <span class='ocrx_word' id='word_1_122' title='bbox 437 1803 499 1870; x_wconf 90' lang='lat' dir='ltr'>alia</span> <span class='ocrx_word' id='word_1_123' title='bbox 519 1821 658 1884; x_wconf 88' lang='lat' dir='ltr'>persona</span> <span class='ocrx_word' id='word_1_124' title='bbox 680 1811 730 1870; x_wconf 91' lang='lat' dir='ltr'>est</span> <span class='ocrx_word' id='word_1_125' title='bbox 752 1806 819 1869; x_wconf 91' lang='lat' dir='ltr'>sive</span> <span class='ocrx_word' id='word_1_126' title='bbox 842 1824 907 1882; x_wconf 91' lang='lat' dir='ltr'>res,</span> <span class='ocrx_word' id='word_1_127' title='bbox 937 1823 1019 1886; x_wconf 88' lang='lat' dir='ltr'>quae</span> <span class='ocrx_word' id='word_1_128' title='bbox 1041 1803 1202 1868; x_wconf 89' lang='lat' dir='ltr'>notionem</span> <span class='ocrx_word' id='word_1_129' title='bbox 1226 1817 1298 1880; x_wconf 92' lang='lat' dir='ltr'>per·</span> 
     </span>
     <span class='ocr_line' id='line_1_16' title="bbox 132 1894 1298 1983; baseline -0.004 -18"><span class='ocrx_word' id='word_1_130' title='bbox 132 1915 236 1967; x_wconf 77' lang='lat' dir='ltr'>sonae</span> <span class='ocrx_word' id='word_1_131' title='bbox 258 1900 378 1979; x_wconf 91' lang='lat' dir='ltr'>induit,</span> <span class='ocrx_word' id='word_1_132' title='bbox 409 1919 503 1983; x_wconf 90' lang='lat' dir='ltr'>quam</span> <span class='ocrx_word' id='word_1_133' title='bbox 527 1900 648 1981; x_wconf 89' lang='lat' dir='ltr'>eligens</span> <span class='ocrx_word' id='word_1_134' title='bbox 671 1902 848 1968; x_wconf 92' lang='lat' dir='ltr'>subiectum</span> <span class='ocrx_word' id='word_1_135' title='bbox 878 1903 939 1968; x_wconf 89' lang='lat' dir='ltr'>sibi</span> <span class='ocrx_word' id='word_1_136' title='bbox 960 1903 1044 1967; x_wconf 86' lang='lat' dir='ltr'>uiam</span> <span class='ocrx_word' id='word_1_137' title='bbox 1067 1900 1157 1980; x_wconf 89' lang='lat' dir='ltr'>qnasi</span> <span class='ocrx_word' id='word_1_138' title='bbox 1181 1894 1298 1962; x_wconf 86' lang='lat' dir='ltr'>consti·</span> 
     </span>
     <span class='ocr_line' id='line_1_17' title="bbox 133 1993 1297 2081; baseline -0.005 -18"><span class='ocrx_word' id='word_1_139' title='bbox 133 1998 218 2077; x_wconf 90' lang='lat' dir='ltr'>tuit,</span> <span class='ocrx_word' id='word_1_140' title='bbox 247 2015 313 2079; x_wconf 90' lang='lat' dir='ltr'>qua</span> <span class='ocrx_word' id='word_1_141' title='bbox 333 1998 418 2062; x_wconf 87' lang='lat' dir='ltr'>actio</span> <span class='ocrx_word' id='word_1_142' title='bbox 440 2016 651 2079; x_wconf 90' lang='lat' dir='ltr'>progressura</span> <span class='ocrx_word' id='word_1_143' title='bbox 673 1999 729 2078; x_wconf 90' lang='lat' dir='ltr'>sit,</span> <span class='ocrx_word' id='word_1_144' title='bbox 757 2019 821 2081; x_wconf 84' lang='lat' dir='ltr'>qua</span> <span class='ocrx_word' id='word_1_145' title='bbox 844 1998 981 2065; x_wconf 82' lang='lat' dir='ltr'>eflicitur</span> <span class='ocrx_word' id='word_1_146' title='bbox 1004 1998 1117 2078; x_wconf 91' lang='lat' dir='ltr'>igitur,</span> <span class='ocrx_word' id='word_1_147' title='bbox 1148 2001 1185 2060; x_wconf 92' lang='lat' dir='ltr'>ut</span> <span class='ocrx_word' id='word_1_148' title='bbox 1214 1993 1297 2059; x_wconf 88' lang='lat' dir='ltr'>actio</span> 
     </span>
     <span class='ocr_line' id='line_1_18' title="bbox 137 2092 1297 2177; baseline 0 -17"><span class='ocrx_word' id='word_1_149' title='bbox 137 2112 204 2162; x_wconf 88' lang='lat' dir='ltr'>non</span> <span class='ocrx_word' id='word_1_150' title='bbox 228 2097 332 2161; x_wconf 88' lang='lat' dir='ltr'>solum</span> <span class='ocrx_word' id='word_1_151' title='bbox 348 2092 418 2160; x_wconf 83' lang='lat' dir='ltr'>lieri</span> <span class='ocrx_word' id='word_1_152' title='bbox 440 2096 551 2177; x_wconf 77' lang='lat' dir='ltr'>possit</span> <span class='ocrx_word' id='word_1_153' title='bbox 574 2097 629 2162; x_wconf 91' lang='lat' dir='ltr'>sed</span> <span class='ocrx_word' id='word_1_154' title='bbox 654 2097 749 2161; x_wconf 90' lang='lat' dir='ltr'>etiam</span> <span class='ocrx_word' id='word_1_155' title='bbox 765 2095 823 2162; x_wconf 88' lang='lat' dir='ltr'>fiat</span> <span class='ocrx_word' id='word_1_156' title='bbox 833 2103 868 2161; x_wconf 92' lang='lat' dir='ltr'>et</span> <span class='ocrx_word' id='word_1_157' title='bbox 887 2096 1086 2176; x_wconf 90' lang='lat' dir='ltr'>propositum</span> <span class='ocrx_word' id='word_1_158' title='bbox 1109 2117 1201 2164; x_wconf 84' lang='lat' dir='ltr'>suum</span> <span class='ocrx_word' id='word_1_159' title='bbox 1223 2114 1297 2161; x_wconf 93' lang='lat' dir='ltr'>con·</span> 
     </span>
     <span class='ocr_line' id='line_1_19' title="bbox 145 2192 1296 2275; baseline -0.002 -17"><span class='ocrx_word' id='word_1_160' title='bbox 145 2202 310 2275; x_wconf 83' lang='lat' dir='ltr'>sequatur.</span> <span class='ocrx_word' id='word_1_161' title='bbox 354 2192 443 2258; x_wconf 87' lang='lat' dir='ltr'>Haec</span> <span class='ocrx_word' id='word_1_162' title='bbox 466 2193 550 2258; x_wconf 90' lang='lat' dir='ltr'>enim</span> <span class='ocrx_word' id='word_1_163' title='bbox 571 2211 718 2274; x_wconf 88' lang='lat' dir='ltr'>persona,</span> <span class='ocrx_word' id='word_1_164' title='bbox 742 2212 917 2275; x_wconf 90' lang='lat' dir='ltr'>perquam</span> <span class='ocrx_word' id='word_1_165' title='bbox 941 2194 1061 2272; x_wconf 90' lang='lat' dir='ltr'>aliquid</span> <span class='ocrx_word' id='word_1_166' title='bbox 1083 2192 1152 2260; x_wconf 88' lang='lat' dir='ltr'>fieri</span> <span class='ocrx_word' id='word_1_167' title='bbox 1174 2194 1296 2274; x_wconf 88' lang='lat' dir='ltr'>cogita·</span> 
     </span>
     <span class='ocr_line' id='line_1_20' title="bbox 138 2290 1296 2373; baseline 0.002 -17"><span class='ocrx_word' id='word_1_168' title='bbox 138 2295 209 2366; x_wconf 87' lang='lat' dir='ltr'>tur,</span> <span class='ocrx_word' id='word_1_169' title='bbox 236 2290 377 2373; x_wconf 92' lang='lat' dir='ltr'>primum</span> <span class='ocrx_word' id='word_1_170' title='bbox 399 2309 461 2355; x_wconf 95' lang='lat' dir='ltr'>uon</span> <span class='ocrx_word' id='word_1_171' title='bbox 483 2309 542 2372; x_wconf 94' lang='lat' dir='ltr'>pro</span> <span class='ocrx_word' id='word_1_172' title='bbox 564 2291 775 2357; x_wconf 89' lang='lat' dir='ltr'>instrumento</span> <span class='ocrx_word' id='word_1_173' title='bbox 809 2292 877 2356; x_wconf 86' lang='lat' dir='ltr'>vita</span> <span class='ocrx_word' id='word_1_174' title='bbox 900 2298 1028 2356; x_wconf 85' lang='lat' dir='ltr'>carente</span> <span class='ocrx_word' id='word_1_175' title='bbox 1057 2292 1156 2372; x_wconf 90' lang='lat' dir='ltr'>accipi</span> <span class='ocrx_word' id='word_1_176' title='bbox 1180 2296 1296 2372; x_wconf 77' lang='lat' dir='ltr'>potest</span> 
     </span>
     <span class='ocr_line' id='line_1_21' title="bbox 140 2387 1297 2470; baseline -0.002 -17"><span class='ocrx_word' id='word_1_177' title='bbox 140 2397 253 2470; x_wconf 84' lang='lat' dir='ltr'>utpote</span> <span class='ocrx_word' id='word_1_178' title='bbox 277 2387 363 2468; x_wconf 91' lang='lat' dir='ltr'>quod</span> <span class='ocrx_word' id='word_1_179' title='bbox 379 2392 504 2452; x_wconf 83' lang='lat' dir='ltr'>tantum</span> <span class='ocrx_word' id='word_1_180' title='bbox 518 2389 550 2452; x_wconf 93' lang='lat' dir='ltr'>in</span> <span class='ocrx_word' id='word_1_181' title='bbox 565 2388 787 2454; x_wconf 87' lang='lat' dir='ltr'>animadverso</span> <span class='ocrx_word' id='word_1_182' title='bbox 802 2393 890 2453; x_wconf 90' lang='lat' dir='ltr'>statu</span> <span class='ocrx_word' id='word_1_183' title='bbox 907 2394 1074 2467; x_wconf 86' lang='lat' dir='ltr'>appareat,</span> <span class='ocrx_word' id='word_1_184' title='bbox 1098 2389 1155 2453; x_wconf 90' lang='lat' dir='ltr'>sed</span> <span class='ocrx_word' id='word_1_185' title='bbox 1170 2389 1297 2453; x_wconf 92' lang='lat' dir='ltr'>omnino</span> 
     </span>
     <span class='ocr_line' id='line_1_22' title="bbox 89 2482 1297 2569; baseline -0.006 -13"><span class='ocrx_word' id='word_1_186' title='bbox 89 2545 99 2556; x_wconf 88' lang='lat'>.</span> <span class='ocrx_word' id='word_1_187' title='bbox 144 2486 204 2552; x_wconf 85' lang='lat' dir='ltr'>nisi</span> <span class='ocrx_word' id='word_1_188' title='bbox 226 2486 354 2552; x_wconf 87' lang='lat' dir='ltr'>actione</span> <span class='ocrx_word' id='word_1_189' title='bbox 376 2484 535 2551; x_wconf 90' lang='lat' dir='ltr'>obiectum</span> <span class='ocrx_word' id='word_1_190' title='bbox 557 2482 627 2550; x_wconf 89' lang='lat' dir='ltr'>fieri</span> <span class='ocrx_word' id='word_1_191' title='bbox 649 2503 712 2552; x_wconf 92' lang='lat' dir='ltr'>non</span> <span class='ocrx_word' id='word_1_192' title='bbox 735 2492 852 2569; x_wconf 88' lang='lat' dir='ltr'>potest,</span> <span class='ocrx_word' id='word_1_193' title='bbox 876 2502 940 2565; x_wconf 86' lang='lat' dir='ltr'>qua</span> <span class='ocrx_word' id='word_1_194' title='bbox 955 2504 990 2550; x_wconf 92' lang='lat' dir='ltr'>re</span> <span class='ocrx_word' id='word_1_195' title='bbox 1005 2485 1164 2552; x_wconf 88' lang='lat' dir='ltr'>ablativus</span> <span class='ocrx_word' id='word_1_196' title='bbox 1178 2485 1297 2549; x_wconf 89' lang='lat' dir='ltr'>instru-</span> 
     </span>
     <span class='ocr_line' id='line_1_23' title="bbox 141 2582 1297 2664; baseline -0.002 -16"><span class='ocrx_word' id='word_1_197' title='bbox 141 2585 239 2650; x_wconf 83' lang='lat' dir='ltr'>menti</span> <span class='ocrx_word' id='word_1_198' title='bbox 269 2584 302 2648; x_wconf 93' lang='lat' dir='ltr'>in</span> <span class='ocrx_word' id='word_1_199' title='bbox 330 2582 392 2648; x_wconf 92' lang='lat' dir='ltr'>hoc</span> <span class='ocrx_word' id='word_1_200' title='bbox 411 2600 531 2663; x_wconf 87' lang='lat' dir='ltr'>genere</span> <span class='ocrx_word' id='word_1_201' title='bbox 560 2584 710 2664; x_wconf 90' lang='lat' dir='ltr'>usurpari</span> <span class='ocrx_word' id='word_1_202' title='bbox 732 2602 794 2650; x_wconf 95' lang='lat' dir='ltr'>non</span> <span class='ocrx_word' id='word_1_203' title='bbox 816 2588 937 2663; x_wconf 88' lang='lat' dir='ltr'>potest;</span> <span class='ocrx_word' id='word_1_204' title='bbox 972 2584 1086 2648; x_wconf 92' lang='lat' dir='ltr'>deinde</span> <span class='ocrx_word' id='word_1_205' title='bbox 1116 2583 1202 2647; x_wconf 88' lang='lat' dir='ltr'>notio</span> <span class='ocrx_word' id='word_1_206' title='bbox 1225 2599 1297 2661; x_wconf 91' lang='lat' dir='ltr'>per·</span> 
     </span>
     <span class='ocr_line' id='line_1_24' title="bbox 147 2678 1296 2763; baseline -0.003 -17"><span class='ocrx_word' id='word_1_207' title='bbox 147 2698 238 2747; x_wconf 85' lang='lat' dir='ltr'>sonae</span> <span class='ocrx_word' id='word_1_208' title='bbox 262 2698 326 2745; x_wconf 93' lang='lat' dir='ltr'>non</span> <span class='ocrx_word' id='word_1_209' title='bbox 350 2679 423 2745; x_wconf 88' lang='lat' dir='ltr'>talis</span> <span class='ocrx_word' id='word_1_210' title='bbox 447 2687 505 2758; x_wconf 88' lang='lat' dir='ltr'>est,</span> <span class='ocrx_word' id='word_1_211' title='bbox 528 2697 609 2759; x_wconf 88' lang='lat' dir='ltr'>quae</span> <span class='ocrx_word' id='word_1_212' title='bbox 633 2682 694 2745; x_wconf 90' lang='lat' dir='ltr'>iam</span> <span class='ocrx_word' id='word_1_213' title='bbox 718 2683 751 2746; x_wconf 94' lang='lat' dir='ltr'>in</span> <span class='ocrx_word' id='word_1_214' title='bbox 773 2683 844 2763; x_wconf 92' lang='lat' dir='ltr'>ipsa</span> <span class='ocrx_word' id='word_1_215' title='bbox 865 2688 981 2747; x_wconf 88' lang='lat' dir='ltr'>natura</span> <span class='ocrx_word' id='word_1_216' title='bbox 1003 2681 1136 2745; x_wconf 90' lang='lat' dir='ltr'>actionis</span> <span class='ocrx_word' id='word_1_217' title='bbox 1159 2678 1296 2744; x_wconf 87' lang='lat' dir='ltr'>subiecti</span> 
     </span>
     <span class='ocr_line' id='line_1_25' title="bbox 145 2776 1295 2859; baseline -0.004 -17"><span class='ocrx_word' id='word_1_218' title='bbox 145 2779 344 2844; x_wconf 83' lang='lat' dir='ltr'>eontineatur</span> <span class='ocrx_word' id='word_1_219' title='bbox 367 2782 400 2842; x_wconf 93' lang='lat' dir='ltr'>et</span> <span class='ocrx_word' id='word_1_220' title='bbox 422 2777 467 2842; x_wconf 90' lang='lat' dir='ltr'>sic</span> <span class='ocrx_word' id='word_1_221' title='bbox 488 2778 550 2841; x_wconf 90' lang='lat' dir='ltr'>iam</span> <span class='ocrx_word' id='word_1_222' title='bbox 574 2778 649 2843; x_wconf 91' lang='lat' dir='ltr'>data</span> <span class='ocrx_word' id='word_1_223' title='bbox 672 2780 843 2844; x_wconf 89' lang='lat' dir='ltr'>statuenda</span> <span class='ocrx_word' id='word_1_224' title='bbox 865 2780 916 2854; x_wconf 88' lang='lat' dir='ltr'>sit,</span> <span class='ocrx_word' id='word_1_225' title='bbox 940 2799 977 2843; x_wconf 85' lang='lat' dir='ltr'>ex</span> <span class='ocrx_word' id='word_1_226' title='bbox 990 2776 1177 2859; x_wconf 86' lang='lat' dir='ltr'>quibushoc</span> <span class='ocrx_word' id='word_1_227' title='bbox 1193 2793 1295 2856; x_wconf 89' lang='lat' dir='ltr'>genus</span> 
     </span>
     <span class='ocr_line' id='line_1_26' title="bbox 146 2873 1294 2957; baseline -0.002 -18"><span class='ocrx_word' id='word_1_228' title='bbox 146 2873 204 2940; x_wconf 90' lang='lat' dir='ltr'>buc</span> <span class='ocrx_word' id='word_1_229' title='bbox 225 2875 390 2956; x_wconf 89' lang='lat' dir='ltr'>pertinere</span> <span class='ocrx_word' id='word_1_230' title='bbox 409 2875 656 2940; x_wconf 91' lang='lat' dir='ltr'>demonstratur.</span> <span class='ocrx_word' id='word_1_231' title='bbox 681 2875 893 2957; x_wconf 84' lang='lat' dir='ltr'>Coniungitur</span> <span class='ocrx_word' id='word_1_232' title='bbox 914 2882 1020 2941; x_wconf 88' lang='lat' dir='ltr'>autom</span> <span class='ocrx_word' id='word_1_233' title='bbox 1037 2892 1190 2956; x_wconf 90' lang='lat' dir='ltr'>personae</span> <span class='ocrx_word' id='word_1_234' title='bbox 1207 2873 1294 2937; x_wconf 90' lang='lat' dir='ltr'>notio</span> 
     </span>
     <span class='ocr_line' id='line_1_27' title="bbox 148 2970 1293 3054; baseline 0 -19"><span class='ocrx_word' id='word_1_235' title='bbox 148 2972 177 3036; x_wconf 92' lang='lat' dir='ltr'>in</span> <span class='ocrx_word' id='word_1_236' title='bbox 195 2972 256 3037; x_wconf 90' lang='lat' dir='ltr'>boc</span> <span class='ocrx_word' id='word_1_237' title='bbox 272 2991 391 3054; x_wconf 81' lang='lat' dir='ltr'>genere</span> <span class='ocrx_word' id='word_1_238' title='bbox 407 2991 478 3038; x_wconf 90' lang='lat' dir='ltr'>eum</span> <span class='ocrx_word' id='word_1_239' title='bbox 493 2972 728 3054; x_wconf 85' lang='lat' dir='ltr'>praepositione</span> <span class='ocrx_word' id='word_1_240' title='bbox 739 2994 808 3048; x_wconf 80' lang='lat' dir='ltr'>per:</span> <span class='ocrx_word' id='word_1_241' title='bbox 831 2980 865 3038; x_wconf 92' lang='lat' dir='ltr'>et</span> <span class='ocrx_word' id='word_1_242' title='bbox 887 2974 986 3039; x_wconf 88' lang='lat' dir='ltr'>sicubi</span> <span class='ocrx_word' id='word_1_243' title='bbox 1009 2991 1115 3039; x_wconf 89' lang='lat' dir='ltr'>rerum</span> <span class='ocrx_word' id='word_1_244' title='bbox 1137 2970 1293 3036; x_wconf 86' lang='lat' dir='ltr'>uocabula</span> 
     </span>
     <span class='ocr_line' id='line_1_28' title="bbox 146 3069 1296 3153; baseline 0.002 -19"><span class='ocrx_word' id='word_1_245' title='bbox 146 3069 197 3134; x_wconf 90' lang='lat' dir='ltr'>tali</span> <span class='ocrx_word' id='word_1_246' title='bbox 217 3072 312 3136; x_wconf 95' lang='lat' dir='ltr'>modo</span> <span class='ocrx_word' id='word_1_247' title='bbox 335 3076 544 3150; x_wconf 89' lang='lat' dir='ltr'>usurpantur,</span> <span class='ocrx_word' id='word_1_248' title='bbox 577 3069 666 3133; x_wconf 87' lang='lat' dir='ltr'>velut</span> <span class='ocrx_word' id='word_1_249' title='bbox 682 3091 739 3145; x_wconf 84' lang='lat' dir='ltr'>per</span> <span class='ocrx_word' id='word_1_250' title='bbox 761 3075 884 3147; x_wconf 78' lang='lat' dir='ltr'>litteras,</span> <span class='ocrx_word' id='word_1_251' title='bbox 908 3091 963 3145; x_wconf 85' lang='lat' dir='ltr'>per</span> <span class='ocrx_word' id='word_1_252' title='bbox 986 3076 1110 3137; x_wconf 75' lang='lat' dir='ltr'>insidias</span> <span class='ocrx_word' id='word_1_253' title='bbox 1134 3080 1217 3153; x_wconf 83' lang='lat' dir='ltr'>cett,</span> <span class='ocrx_word' id='word_1_254' title='bbox 1247 3091 1296 3151; x_wconf 90' lang='lat' dir='ltr'>ea,</span> 
     </span>
     <span class='ocr_line' id='line_1_29' title="bbox 153 3166 1291 3250; baseline 0.001 -18"><span class='ocrx_word' id='word_1_255' title='bbox 153 3182 207 3245; x_wconf 86' lang='lat' dir='ltr'>qua</span> <span class='ocrx_word' id='word_1_256' title='bbox 227 3168 322 3232; x_wconf 91' lang='lat' dir='ltr'>modo</span> <span class='ocrx_word' id='word_1_257' title='bbox 346 3167 641 3245; x_wconf 83' lang='lat' dir='ltr'>demonstravimus,</span> <span class='ocrx_word' id='word_1_258' title='bbox 665 3168 787 3233; x_wconf 88' lang='lat' dir='ltr'>ratione</span> <span class='ocrx_word' id='word_1_259' title='bbox 810 3167 850 3232; x_wconf 88' lang='lat' dir='ltr'>ab</span> <span class='ocrx_word' id='word_1_260' title='bbox 866 3166 929 3246; x_wconf 95' lang='lat' dir='ltr'>illo,</span> <span class='ocrx_word' id='word_1_261' title='bbox 953 3170 1037 3247; x_wconf 90' lang='lat' dir='ltr'>quod</span> <span class='ocrx_word' id='word_1_262' title='bbox 1050 3188 1148 3250; x_wconf 89' lang='lat' dir='ltr'>supra</span> <span class='ocrx_word' id='word_1_263' title='bbox 1159 3170 1291 3235; x_wconf 89' lang='lat' dir='ltr'>allatum</span> 
     </span>
     <span class='ocr_line' id='line_1_30' title="bbox 156 3264 1020 3343; baseline 0.003 -18"><span class='ocrx_word' id='word_1_264' title='bbox 156 3270 203 3343; x_wconf 83' lang='lat' dir='ltr'>est,</span> <span class='ocrx_word' id='word_1_265' title='bbox 218 3287 276 3341; x_wconf 84' lang='lat' dir='ltr'>per</span> <span class='ocrx_word' id='word_1_266' title='bbox 297 3269 451 3340; x_wconf 70' lang='lat' dir='ltr'>ignaviam</span> <span class='ocrx_word' id='word_1_267' title='bbox 473 3268 506 3327; x_wconf 89' lang='lat' dir='ltr'>et</span> <span class='ocrx_word' id='word_1_268' title='bbox 528 3264 684 3330; x_wconf 90' lang='lat' dir='ltr'>similibus</span> <span class='ocrx_word' id='word_1_269' title='bbox 707 3264 916 3328; x_wconf 88' lang='lat' dir='ltr'>discernenda</span> <span class='ocrx_word' id='word_1_270' title='bbox 938 3269 1020 3328; x_wconf 91' lang='lat' dir='ltr'>sunt.</span> 
     </span>
    </p>

    <p class='ocr_par' dir='ltr' id='par_1_3' title="bbox 85 3362 1299 4029">
     <span class='ocr_line' id='line_1_31' title="bbox 223 3362 1295 3443; baseline 0.001 -17"><span class='ocrx_word' id='word_1_271' title='bbox 223 3362 395 3441; x_wconf 84' lang='lat' dir='ltr'>Reliquum</span> <span class='ocrx_word' id='word_1_272' title='bbox 424 3365 474 3425; x_wconf 90' lang='lat' dir='ltr'>est</span> <span class='ocrx_word' id='word_1_273' title='bbox 501 3368 538 3426; x_wconf 94' lang='lat' dir='ltr'>ut</span> <span class='ocrx_word' id='word_1_274' title='bbox 559 3369 677 3443; x_wconf 88' lang='lat' dir='ltr'>agatur</span> <span class='ocrx_word' id='word_1_275' title='bbox 704 3362 744 3425; x_wconf 93' lang='lat' dir='ltr'>de</span> <span class='ocrx_word' id='word_1_276' title='bbox 767 3362 948 3426; x_wconf 88' lang='lat' dir='ltr'>accusativo</span> <span class='ocrx_word' id='word_1_277' title='bbox 977 3363 1217 3441; x_wconf 84' lang='lat' dir='ltr'>progressionis.</span> <span class='ocrx_word' id='word_1_278' title='bbox 1263 3363 1295 3429; x_wconf 88' lang='lat' dir='ltr'>Si</span> 
     </span>
     <span class='ocr_line' id='line_1_32' title="bbox 155 3453 1297 3539; baseline 0.006 -21"><span class='ocrx_word' id='word_1_279' title='bbox 155 3453 252 3522; x_wconf 89' lang='lat' dir='ltr'>inboc</span> <span class='ocrx_word' id='word_1_280' title='bbox 287 3476 405 3539; x_wconf 89' lang='lat' dir='ltr'>genere</span> <span class='ocrx_word' id='word_1_281' title='bbox 432 3459 590 3523; x_wconf 86' lang='lat' dir='ltr'>obiectum</span> <span class='ocrx_word' id='word_1_282' title='bbox 617 3464 763 3523; x_wconf 91' lang='lat' dir='ltr'>naturam</span> <span class='ocrx_word' id='word_1_283' title='bbox 793 3458 927 3522; x_wconf 89' lang='lat' dir='ltr'>actionis</span> <span class='ocrx_word' id='word_1_284' title='bbox 956 3460 1153 3524; x_wconf 90' lang='lat' dir='ltr'>constituens</span> <span class='ocrx_word' id='word_1_285' title='bbox 1181 3461 1297 3526; x_wconf 90' lang='lat' dir='ltr'>asub-</span> 
     </span>
     <span class='ocr_line' id='line_1_33' title="bbox 85 3549 1293 3635; baseline 0.002 -17"><span class='ocrx_word' id='word_1_286' title='bbox 85 3580 90 3631; x_wconf 55' lang='lat'>,</span> <span class='ocrx_word' id='word_1_287' title='bbox 157 3549 221 3619; x_wconf 84' lang='lat' dir='ltr'>itrto</span> <span class='ocrx_word' id='word_1_288' title='bbox 244 3556 286 3621; x_wconf 90' lang='lat' dir='ltr'>ad</span> <span class='ocrx_word' id='word_1_289' title='bbox 311 3554 479 3620; x_wconf 88' lang='lat' dir='ltr'>arbitrium</span> <span class='ocrx_word' id='word_1_290' title='bbox 504 3574 596 3621; x_wconf 88' lang='lat' dir='ltr'>suum</span> <span class='ocrx_word' id='word_1_291' title='bbox 619 3555 679 3620; x_wconf 90' lang='lat' dir='ltr'>sibi</span> <span class='ocrx_word' id='word_1_292' title='bbox 704 3554 839 3620; x_wconf 91' lang='lat' dir='ltr'>electum</span> <span class='ocrx_word' id='word_1_293' title='bbox 863 3556 903 3619; x_wconf 86' lang='lat' dir='ltr'>ad</span> <span class='ocrx_word' id='word_1_294' title='bbox 922 3556 1137 3635; x_wconf 88' lang='lat' dir='ltr'>praedicatum</span> <span class='ocrx_word' id='word_1_295' title='bbox 1160 3558 1293 3634; x_wconf 84' lang='lat' dir='ltr'>accedit,</span> 
     </span>
     <span class='ocr_line' id='line_1_34' title="bbox 90 3651 1296 3733; baseline 0.002 -19"><span class='ocrx_word' id='word_1_296' title='bbox 90 3688 94 3697; x_wconf 86' lang='lat'><strong>·</strong></span> <span class='ocrx_word' id='word_1_297' title='bbox 160 3664 238 3724; x_wconf 79' lang='lat' dir='ltr'>onum</span> <span class='ocrx_word' id='word_1_298' title='bbox 262 3672 349 3718; x_wconf 89' lang='lat' dir='ltr'>nunc</span> <span class='ocrx_word' id='word_1_299' title='bbox 373 3670 528 3717; x_wconf 90' lang='lat' dir='ltr'>summum</span> <span class='ocrx_word' id='word_1_300' title='bbox 553 3653 643 3732; x_wconf 87' lang='lat' dir='ltr'>quasi</span> <span class='ocrx_word' id='word_1_301' title='bbox 666 3651 828 3733; x_wconf 84' lang='lat' dir='ltr'>fastigium</span> <span class='ocrx_word' id='word_1_302' title='bbox 857 3669 928 3717; x_wconf 87' lang='lat' dir='ltr'>sese</span> <span class='ocrx_word' id='word_1_303' title='bbox 954 3653 1140 3733; x_wconf 83' lang='lat' dir='ltr'>explicantis</span> <span class='ocrx_word' id='word_1_304' title='bbox 1163 3655 1296 3719; x_wconf 88' lang='lat' dir='ltr'>actionis</span> 
     </span>
     <span class='ocr_line' id='line_1_35' title="bbox 85 3740 1296 3832; baseline 0.003 -21"><span class='ocrx_word' id='word_1_305' title='bbox 85 3740 97 3811; x_wconf 86' lang='lat'>;·&#39;</span> <span class='ocrx_word' id='word_1_306' title='bbox 160 3758 309 3830; x_wconf 73' lang='lat' dir='ltr'>appareat,</span> <span class='ocrx_word' id='word_1_307' title='bbox 333 3747 401 3814; x_wconf 90' lang='lat' dir='ltr'>fieri</span> <span class='ocrx_word' id='word_1_308' title='bbox 424 3768 488 3814; x_wconf 94' lang='lat' dir='ltr'>non</span> <span class='ocrx_word' id='word_1_309' title='bbox 511 3756 629 3829; x_wconf 87' lang='lat' dir='ltr'>potest,</span> <span class='ocrx_word' id='word_1_310' title='bbox 661 3751 736 3832; x_wconf 88' lang='lat' dir='ltr'>quin</span> <span class='ocrx_word' id='word_1_311' title='bbox 763 3749 920 3813; x_wconf 90' lang='lat' dir='ltr'>obiectum</span> <span class='ocrx_word' id='word_1_312' title='bbox 948 3750 1027 3815; x_wconf 95' lang='lat' dir='ltr'>illud</span> <span class='ocrx_word' id='word_1_313' title='bbox 1056 3751 1147 3830; x_wconf 91' lang='lat' dir='ltr'>plane</span> <span class='ocrx_word' id='word_1_314' title='bbox 1174 3751 1296 3815; x_wconf 88' lang='lat' dir='ltr'>seruire</span> 
     </span>
     <span class='ocr_line' id='line_1_36' title="bbox 159 3844 1297 3927; baseline -0.003 -13.244"><span class='ocrx_word' id='word_1_315' title='bbox 159 3854 272 3927; x_wconf 71' lang='lat' dir='ltr'>cogatur</span> <span class='ocrx_word' id='word_1_316' title='bbox 294 3847 369 3912; x_wconf 90' lang='lat' dir='ltr'>huic</span> <span class='ocrx_word' id='word_1_317' title='bbox 392 3847 510 3912; x_wconf 87' lang='lat' dir='ltr'>actioni</span> <span class='ocrx_word' id='word_1_318' title='bbox 533 3855 564 3912; x_wconf 89' lang='lat' dir='ltr'>et</span> <span class='ocrx_word' id='word_1_319' title='bbox 592 3849 738 3913; x_wconf 91' lang='lat' dir='ltr'>omnibus</span> <span class='ocrx_word' id='word_1_320' title='bbox 762 3865 801 3911; x_wconf 83' lang='lat' dir='ltr'>ex</span> <span class='ocrx_word' id='word_1_321' title='bbox 824 3848 970 3926; x_wconf 91' lang='lat' dir='ltr'>partibus</span> <span class='ocrx_word' id='word_1_322' title='bbox 993 3850 1033 3914; x_wconf 91' lang='lat' dir='ltr'>ab</span> <span class='ocrx_word' id='word_1_323' title='bbox 1057 3868 1095 3913; x_wconf 92' lang='lat' dir='ltr'>ea</span> <span class='ocrx_word' id='word_1_324' title='bbox 1117 3849 1207 3927; x_wconf 84' lang='lat' dir='ltr'>quasi</span> <span class='ocrx_word' id='word_1_325' title='bbox 1230 3844 1297 3910; x_wconf 88' lang='lat' dir='ltr'>affi-</span> 
     </span>
     <span class='ocr_line' id='line_1_37' title="bbox 88 3940 1299 4029; baseline 0.002 -23"><span class='ocrx_word' id='word_1_326' title='bbox 88 3952 94 4025; x_wconf 72' lang='lat' dir='ltr'>j</span> <span class='ocrx_word' id='word_1_327' title='bbox 160 3940 254 4011; x_wconf 80' lang='lat' dir='ltr'>dtur.</span> <span class='ocrx_word' id='word_1_328' title='bbox 294 3945 365 4022; x_wconf 90' lang='lat' dir='ltr'>Quo</span> <span class='ocrx_word' id='word_1_329' title='bbox 389 3942 440 4023; x_wconf 85' lang='lat' dir='ltr'>tit,</span> <span class='ocrx_word' id='word_1_330' title='bbox 466 3948 503 4007; x_wconf 87' lang='lat' dir='ltr'>ut</span> <span class='ocrx_word' id='word_1_331' title='bbox 524 3963 588 4008; x_wconf 92' lang='lat' dir='ltr'>una</span> <span class='ocrx_word' id='word_1_332' title='bbox 612 3965 683 4010; x_wconf 90' lang='lat' dir='ltr'>cum</span> <span class='ocrx_word' id='word_1_333' title='bbox 707 3949 901 4029; x_wconf 86' lang='lat' dir='ltr'>cogitatione</span> <span class='ocrx_word' id='word_1_334' title='bbox 924 3948 1059 4012; x_wconf 89' lang='lat' dir='ltr'>actionis</span> <span class='ocrx_word' id='word_1_335' title='bbox 1082 3945 1242 4010; x_wconf 87' lang='lat' dir='ltr'>liberrime</span> <span class='ocrx_word' id='word_1_336' title='bbox 1266 3952 1299 4009; x_wconf 90' lang='lat' dir='ltr'>et</span> 
     </span>
    </p>
   </div>
   <div class='ocr_carea' id='block_1_3' title="bbox 85 4034 1296 4417">
    <p class='ocr_par' dir='ltr' id='par_1_4' title="bbox 85 4034 1296 4417">
     <span class='ocr_line' id='line_1_38' title="bbox 85 4034 1295 4124; baseline -0.002 -18"><span class='ocrx_word' id='word_1_337' title='bbox 85 4034 91 4123; x_wconf 72' lang='grc' dir='ltr'>ς’</span> <span class='ocrx_word' id='word_1_338' title='bbox 159 4042 376 4115; x_wconf 77' lang='lat' dir='ltr'>perfectissima</span> <span class='ocrx_word' id='word_1_339' title='bbox 398 4043 522 4108; x_wconf 88' lang='lat' dir='ltr'>ratione</span> <span class='ocrx_word' id='word_1_340' title='bbox 551 4061 586 4106; x_wconf 93' lang='lat' dir='ltr'>se</span> <span class='ocrx_word' id='word_1_341' title='bbox 610 4043 797 4124; x_wconf 86' lang='lat' dir='ltr'>explicantis</span> <span class='ocrx_word' id='word_1_342' title='bbox 825 4047 921 4111; x_wconf 92' lang='lat' dir='ltr'>etiam</span> <span class='ocrx_word' id='word_1_343' title='bbox 949 4045 981 4109; x_wconf 94' lang='lat' dir='ltr'>id</span> <span class='ocrx_word' id='word_1_344' title='bbox 1005 4051 1079 4109; x_wconf 90' lang='lat' dir='ltr'>ante</span> <span class='ocrx_word' id='word_1_345' title='bbox 1102 4042 1209 4108; x_wconf 93' lang='lat' dir='ltr'>oculos</span> <span class='ocrx_word' id='word_1_346' title='bbox 1239 4059 1295 4122; x_wconf 94' lang='lat' dir='ltr'>po·</span> 
     </span>
     <span class='ocr_line' id='line_1_39' title="bbox 156 4138 1296 4222; baseline 0.001 -22"><span class='ocrx_word' id='word_1_347' title='bbox 156 4144 233 4204; x_wconf 83' lang='lat' dir='ltr'>ntur</span> <span class='ocrx_word' id='word_1_348' title='bbox 255 4145 290 4206; x_wconf 93' lang='lat' dir='ltr'>et</span> <span class='ocrx_word' id='word_1_349' title='bbox 312 4140 342 4205; x_wconf 95' lang='lat' dir='ltr'>in</span> <span class='ocrx_word' id='word_1_350' title='bbox 366 4138 506 4203; x_wconf 90' lang='lat' dir='ltr'>medium</span> <span class='ocrx_word' id='word_1_351' title='bbox 528 4140 620 4219; x_wconf 83' lang='lat' dir='ltr'>quasi</span> <span class='ocrx_word' id='word_1_352' title='bbox 642 4140 839 4221; x_wconf 88' lang='lat' dir='ltr'>proferatur,</span> <span class='ocrx_word' id='word_1_353' title='bbox 874 4143 959 4222; x_wconf 90' lang='lat' dir='ltr'>quod</span> <span class='ocrx_word' id='word_1_354' title='bbox 993 4140 1132 4207; x_wconf 89' lang='lat' dir='ltr'>naturali</span> <span class='ocrx_word' id='word_1_355' title='bbox 1160 4139 1296 4219; x_wconf 87' lang='lat' dir='ltr'>quodam</span> 
     </span>
     <span class='ocr_line' id='line_1_40' title="bbox 155 4236 1295 4320; baseline 0.006 -26"><span class='ocrx_word' id='word_1_356' title='bbox 155 4236 232 4300; x_wconf 89' lang='lat' dir='ltr'>nodo</span> <span class='ocrx_word' id='word_1_357' title='bbox 254 4238 284 4302; x_wconf 92' lang='lat' dir='ltr'>ei</span> <span class='ocrx_word' id='word_1_358' title='bbox 307 4242 358 4302; x_wconf 89' lang='lat' dir='ltr'>est</span> <span class='ocrx_word' id='word_1_359' title='bbox 381 4238 585 4318; x_wconf 90' lang='lat' dir='ltr'>contrarium,</span> <span class='ocrx_word' id='word_1_360' title='bbox 609 4239 702 4320; x_wconf 91' lang='lat' dir='ltr'>plane</span> <span class='ocrx_word' id='word_1_361' title='bbox 723 4241 864 4320; x_wconf 89' lang='lat' dir='ltr'>pendere</span> <span class='ocrx_word' id='word_1_362' title='bbox 888 4240 958 4305; x_wconf 88' lang='lat' dir='ltr'>dico</span> <span class='ocrx_word' id='word_1_363' title='bbox 981 4239 1022 4303; x_wconf 92' lang='lat' dir='ltr'>ab</span> <span class='ocrx_word' id='word_1_364' title='bbox 1036 4237 1090 4301; x_wconf 91' lang='lat' dir='ltr'>illa</span> <span class='ocrx_word' id='word_1_365' title='bbox 1106 4244 1139 4302; x_wconf 91' lang='lat' dir='ltr'>et</span> <span class='ocrx_word' id='word_1_366' title='bbox 1162 4253 1295 4315; x_wconf 88' lang='lat' dir='ltr'>prorsus</span> 
     </span>
     <span class='ocr_line' id='line_1_41' title="bbox 155 4333 1295 4417; baseline 0.004 -23"><span class='ocrx_word' id='word_1_367' title='bbox 155 4333 219 4412; x_wconf 88' lang='lat' dir='ltr'>pati,</span> <span class='ocrx_word' id='word_1_368' title='bbox 240 4339 273 4399; x_wconf 92' lang='lat' dir='ltr'>et</span> <span class='ocrx_word' id='word_1_369' title='bbox 287 4341 324 4400; x_wconf 91' lang='lat' dir='ltr'>ut</span> <span class='ocrx_word' id='word_1_370' title='bbox 346 4334 523 4402; x_wconf 90' lang='lat' dir='ltr'>subiectum</span> <span class='ocrx_word' id='word_1_371' title='bbox 547 4335 589 4400; x_wconf 91' lang='lat' dir='ltr'>sit</span> <span class='ocrx_word' id='word_1_372' title='bbox 603 4353 708 4417; x_wconf 88' lang='lat' dir='ltr'>causa,</span> <span class='ocrx_word' id='word_1_373' title='bbox 732 4356 789 4402; x_wconf 90' lang='lat' dir='ltr'>cur</span> <span class='ocrx_word' id='word_1_374' title='bbox 811 4338 968 4403; x_wconf 90' lang='lat' dir='ltr'>obiectum</span> <span class='ocrx_word' id='word_1_375' title='bbox 992 4336 1142 4415; x_wconf 87' lang='lat' dir='ltr'>patiatur.</span> <span class='ocrx_word' id='word_1_376' title='bbox 1168 4334 1200 4400; x_wconf 89' lang='lat' dir='ltr'>Si</span> <span class='ocrx_word' id='word_1_377' title='bbox 1215 4333 1295 4399; x_wconf 86' lang='lat' dir='ltr'>baec</span> 
     </span>
    </p>
   </div>
   <div class='ocr_carea' id='block_1_4' title="bbox 0 0 1568 5075">
    <p class='ocr_par' dir='ltr' id='par_1_5' title="bbox 0 0 1568 5075">
     <span class='ocr_line' id='line_1_42' title="bbox 0 0 1568 5075; baseline 0 2"><span class='ocrx_word' id='word_1_378' title='bbox 0 0 1568 5075; x_wconf 95' lang='lat' dir='ltr'> </span> 
     </span>
    </p>
   </div>
  </div>
 </body>
</html>
