3125 5075
212 388 252 447 72
635 370 793 413 suasum.
813 367 877 408 cap.
891 367 930 408 111.

299 548 330 612 k.
364 547 432 613 Nec
461 552 584 613 tantum
615 562 767 627 praesens
795 548 922 621 tempus
952 539 1019 604 sive
1045 538 1093 619 id,
1126 540 1213 619 quod
1242 541 1284 605 ad
1307 560 1375 606 rem

212 652 418 727 praesentem
441 645 573 724 attinet,
601 643 662 709 hoc
683 641 778 706 modo
805 640 1009 720 designatur,
1036 636 1094 701 sed
1124 638 1220 702 etiam
1243 644 1374 719 praete·

211 746 321 821 ritum,
343 743 429 823 quod
452 741 648 824 cogitatione
670 737 845 805 attrahitur
865 743 898 802 et
918 733 1121 815 praesentiae
1141 736 1233 814 quasi
1253 736 1376 803 lumine

210 841 426 909 collustratur.
471 840 577 918 Quare
603 842 651 901 hic
672 855 730 918 pro
753 842 815 898 tam
837 834 898 899 dici
921 832 1113 915 putabimus.
1150 833 1247 899 Ennii
1268 835 1375 901 annul.

211 940 269 1006 inc.
292 938 377 1004 sedis
398 938 510 1020 fragm.
534 944 563 1003 3.

298 1036 318 1102 l.
345 1036 390 1101 Et
411 1054 509 1117 quum
533 1042 595 1098 tum
617 1031 713 1098 etiam
734 1031 774 1095 de
795 1028 892 1095 rebus
911 1025 1029 1093 futuris
1044 1027 1180 1108 dicatur,
1204 1030 1304 1094 etiam
1326 1033 1377 1093 laic

212 1152 283 1201 cum
306 1133 415 1199 futuro
438 1131 587 1213 coniungi
608 1135 724 1212 potest.
769 1127 823 1193 Sic
845 1125 972 1191 Terent.
995 1127 1092 1190 Andr.
1117 1125 1159 1207 ΙΙ,
1182 1132 1212 1206 3,
1239 1134 1296 1194 15;
1325 1132 1375 1191 tric

210 1236 320 1296 reddes
341 1236 441 1294 omnia
462 1236 536 1295 cett

298 1347 340 1393 m.
374 1329 518 1408 Utraque
534 1327 621 1393 notio
644 1331 678 1392 et
700 1323 856 1405 temporis
871 1328 905 1388 et
919 1322 1109 1389 conditionis
1131 1323 1178 1388 rei
1193 1322 1282 1389 haud
1297 1343 1373 1391 raro

211 1426 415 1507 coniungitur
435 1424 468 1489 iu
490 1444 553 1491 uno
575 1423 729 1490 vocabulo
752 1426 819 1485 hic:
856 1421 941 1501 quod
967 1420 1118 1502 explicari
1139 1426 1256 1501 potest,
1282 1444 1371 1501 quum

209 1544 261 1587 res
283 1544 319 1586 eo
343 1528 409 1586 loco
432 1527 485 1599 sit,
515 1544 603 1601 quum
626 1527 670 1585 ita
692 1542 724 1584 se
747 1540 797 1584 ree
820 1523 944 1594 habeat,
975 1522 1031 1582 hoc
1058 1538 1159 1582 rerum
1182 1528 1274 1583 statu.
1319 1520 1373 1587 Sic

209 1620 314 1687 Plaut.
338 1620 432 1685 Most.
456 1639 485 1685 v.
511 1625 582 1685 107.
759 1623 767 1632 '

296 1737 327 1783 n.
360 1717 466 1795 Quum
481 1717 615 1783 Romani
630 1716 764 1782 dicendo
785 1721 932 1780 amarent
946 1732 1012 1794 eas,
1034 1731 1117 1795 qnae
1138 1732 1196 1795 per
1216 1716 1372 1783 adverbia

214 1816 436 1896 exprimendae
459 1820 566 1881 esseut
594 1813 790 1880 conditiones
818 1831 941 1892 rerum,
975 1812 1016 1877 ad
1042 1812 1129 1892 ipsas
1155 1831 1209 1877 res
1236 1818 1272 1878 et
1297 1832 1372 1895 per-

212 1930 307 1978 sonas
329 1911 451 1978 relerra
474 1917 507 1978 et
528 1911 685 1977 adiectiva
711 1911 814 1977 forma
840 1911 988 1989 iuduere,
1022 1910 1207 1991 saepissime
1236 1915 1285 1973 hic
1314 1912 1371 1977 ad·

211 2009 358 2074 veroium
385 2030 405 2075 a
431 2010 557 2075 nomine
582 2009 806 2074 attrahebatur
834 2014 960 2074 etcum
983 2008 1170 2088 pronomine
1192 2015 1370 2073 commuta-

213 2106 317 2173 batur.
363 2107 466 2188 Saepe
498 2112 605 2172 tamen
640 2107 731 2172 nobis
761 2125 845 2173 nunc
877 2106 1028 2187 ambigua
1059 2105 1220 2170 videbitur
1253 2106 1367 2186 torma,

210 2204 312 2270 veluti
334 2206 420 2286 apud
442 2204 591 2270 Plautum
614 2204 711 2270 Marc.
736 2204 777 2277 ΙΙ,
803 2210 832 2284 3,
856 2209 910 2270 32:
935 2208 1025 2267 Pater
1047 2209 1095 2267 hic
1116 2208 1237 2283 quidem
1259 2216 1366 2270 meust.

211 2302 337 2368 Terent.
360 2304 441 2369 Eun.
464 2303 507 2383 ΙΙ,
531 2309 560 2384 2,
583 2307 619 2368 8:
653 2307 715 2366 Hic
737 2323 792 2380 ego
814 2306 896 2365 illum
925 2309 1091 2381 contempsi
1118 2323 1192 2380 prae
1221 2324 1284 2381 me,
1314 2304 1369 2370 ubi

210 2405 318 2466 tamen
340 2407 487 2481 praestat
509 2421 567 2483 pro
589 2401 743 2467 adverbio
764 2400 919 2479 accipere.

294 2502 366 2563 Ill—ic
384 2500 453 2566 sive
474 2502 531 2562 illi.
577 2499 700 2565 lterum
722 2516 841 2580 sequar
863 2497 1120 2565 distributionem
1142 2500 1270 2567 Handii.

293 2616 322 2662 a.
345 2601 418 2660 Illic
440 2604 491 2663 est
512 2599 544 2662 in
566 2598 622 2663 illo
637 2598 717 2677 loco,
741 2597 796 2677 qui
812 2604 863 2662 est
876 2615 897 2660 a
910 2597 1061 2677 loquente
1080 2606 1232 2666 remotus
1262 2600 1368 2667 Plaut.

208 2695 324 2762 Bacch.
352 2695 391 2774 V,
421 2700 450 2774 2,
474 2701 529 2762 35:
565 2698 642 2772 Quid
665 2699 736 2759 illuc
758 2700 821 2760 iilic
841 2701 871 2759 in
895 2701 1021 2759 consilio
1049 2700 1125 2759 duae
1148 2708 1268 2761 secreto
1296 2720 1364 2762 con·

209 2795 343 2856 saltant?
386 2792 470 2858 Men.
492 2793 531 2870 V,
555 2800 584 2875 7,
607 2798 643 2859 8:
668 2797 738 2871 quid
759 2798 822 2858 illic
851 2799 984 2857 homines
1013 2798 1051 2857 ad
1079 2814 1126 2856 me
1157 2807 1283 2859 currunt
1305 2799 1368 2859 —?

209 2889 307 2957 Stich.
324 2897 447 2956 v.471:
470 2893 580 2955 Cenem
599 2896 648 2954 illi
669 2901 744 2970 aput
765 2895 817 2955 te?
861 2891 958 2959 Stich.
975 2892 1013 2972 V,
1040 2899 1069 2973 3,
1094 2898 1127 2957 2:
1150 2898 1204 2957 illi.
1249 2894 1365 2960 Pseud.

207 2986 267 3068 111,
290 2993 319 3069 2,
346 2993 421 3054 10οε
442 2993 505 3052 illic
527 2994 627 3055 habito
650 3011 714 3069 ego.
751 2991 848 3056 Most.
865 2990 924 3070 ΙΙΙ,
944 2997 970 3069 Ι,
988 2996 1044 3056 76:
1067 2997 1186 3056 Faenus
1207 2993 1279 3063 illic,
1302 2994 1365 3056 fae·

207 3106 263 3149 nus
285 3090 340 3151 hic.
393 3092 518 3167 2,100.
550 3094 623 3153 105:
648 3093 701 3152 illi.
746 3087 835 3154 Pera.
859 3089 902 3167 ΙΙ,
925 3095 954 3169 2,
977 3092 1010 3154 8:
1034 3094 1087 3154 illi.
1134 3109 1162 3155 v.
1186 3097 1215 3156 9.
1252 3089 1309 3169 IV,
1332 3096 1362 3170 9,

208 3187 323 3249 9:1111.
367 3185 465 3251 Marc.
489 3204 517 3250 v.
541 3191 612 3252 373.

291 3283 322 3350 h.
353 3283 491 3350 Additur
512 3303 626 3350 nomen
648 3285 709 3351 loci
734 3284 784 3349 vel
807 3285 958 3366 regionis,
983 3290 1018 3350 ut
1040 3284 1221 3351 distinctior
1243 3286 1289 3351 sit
1310 3287 1366 3352 de·

205 3380 351 3462 signatio.
397 3382 501 3449 Plaut.
525 3383 623 3448 Poeu.
651 3384 731 3463 prol.
754 3403 784 3449 v.
810 3389 863 3449 78:
898 3387 927 3447 Ia
949 3388 1013 3448 illic
1041 3389 1219 3448 adulescens
1247 3389 1365 3449 habitat

203 3482 237 3541 ia
257 3482 350 3543 illisce
371 3483 500 3545 aedidm
545 3480 642 3547 Marc.
673 3482 699 3562 I,
725 3491 753 3562 l,
773 3486 829 3549 96:
852 3487 882 3545 in
906 3494 995 3560 portu
1016 3487 1072 3545 illi.
1118 3482 1198 3547 Rud.
1223 3483 1304 3563 prol.
1333 3502 1361 3546 v.

204 3581 253 3643 34.
277 3577 391 3659 Amph.
413 3579 493 3658 prol.
517 3598 544 3643 v,
572 3584 646 3645 133:
681 3585 763 3656 Quae
786 3584 835 3644 dli
855 3585 896 3643 ad
917 3584 1058 3658 legionem
1080 3584 1161 3644 facta
1184 3593 1270 3656 sunt,
1299 3601 1361 3645 me·

203 3686 300 3738 morat
322 3686 418 3754 pater.
464 3676 591 3743 Terent.
615 3677 693 3744 Hac.
716 3679 742 3758 Ι,
766 3685 795 3758 2,
820 3684 872 3746 19:
900 3684 976 3742 Nam
998 3682 1047 3741 illi
1069 3683 1146 3742 haud
1170 3682 1282 3742 licebat
1305 3683 1363 3742 nisi

202 3776 362 3851 praefinito
385 3779 468 3851 loqui
491 3781 566 3840 cett

288 3890 313 3938 c.
348 3871 482 3937 Ponitur
502 3876 566 3936 illic
587 3891 646 3954 pro
668 3876 724 3944 idi,
747 3874 844 3953 idque
859 3873 905 3954 fit,
928 3875 1055 3954 quando
1080 3893 1193 3940 nomen
1215 3874 1276 3940 loci
1298 3876 1362 3940 iam

201 3974 275 4034 aute
291 3970 489 4051 propositum
505 3976 565 4050 est,
585 3976 642 4037 aut
656 3972 781 4037 accedit
795 3972 899 4037 altera
920 3991 995 4054 pars
1018 3974 1196 4038 sententiae
1217 3972 1361 4038 relativa

199 4064 304 4132 Plaut.
329 4067 444 4134 Bacch.
467 4068 510 4148 ΙΙ,
534 4074 563 4149 3,
589 4075 643 4136 73:
668 4074 724 4146 Qui
746 4073 809 4133 illic
831 4074 971 4135 sacerdos
995 4081 1043 4133 est
1062 4075 1177 4134 Dianae
1199 4075 1361 4149 Ephesiae.

200 4165 315 4245 Amph.
337 4184 366 4230 v.
389 4170 466 4232 249:
489 4171 623 4245 Namque
646 4189 701 4246 ego
724 4170 767 4231 fui
786 4172 839 4231 illi.
875 4187 903 4233 v.
926 4173 1002 4233 253:
1027 4173 1081 4231 illi.
1120 4169 1202 4253 Mpn.
1223 4169 1306 4250 prol.
1332 4189 1360 4232 v.

201 4265 260 4326 68:
284 4266 313 4326 Is
335 4267 398 4326 illic
420 4268 543 4328 habitat.
579 4266 621 4345 ΙΙ,
647 4271 675 4346 2,
697 4271 752 4332 34:
776 4273 826 4344 qui
846 4270 910 4330 illic
933 4270 1076 4329 habitant.
1115 4267 1209 4331 Most.
1233 4286 1262 4330 v.
1286 4271 1358 4333 836.

198 4357 315 4425 Pseud.
338 4361 380 4442 Il,
404 4369 435 4444 4,
458 4367 514 4427 68:
535 4368 591 4427 illi.
635 4364 719 4430 hlen.
744 4364 781 4446 V,
810 4371 839 4445 5,
864 4370 919 4430 53:
953 4370 1014 4427 lam
1038 4384 1094 4443 ego
1116 4367 1178 4427 illic
1200 4365 1268 4429 faxo
1292 4369 1359 4429 erit
