3125 5075
526 328 645 368 nonunn
680 329 787 370 annuc.
821 327 1032 386 annualium·
1294 337 1358 399 225

202 525 360 594 spectator
383 520 466 579 aiem.
510 516 626 582 Heaut.
649 515 699 590 11,
721 522 755 593 3,
782 523 858 586 129:
886 522 1005 584 Petram
1034 520 1142 594 nometi
1164 518 1207 596 ¹acl
1234 519 1289 580 hee
1310 535 1363 602 rep

200 633 293 691 quem
316 617 357 676 nit
378 618 547 691 perspicax.
592 634 621 679 v.
649 620 722 681 13οε
750 620 816 693 Ego
838 627 869 680 te
897 627 997 680 entem
1019 621 1087 680 novi
1113 634 1201 694 quem
1225 633 1291 677 eene
1314 635 1363 679 eo-

201 716 271 776 leae
294 714 445 788 inpotens.
488 711 587 776 Andr.
611 712 675 793 ΙΙΙ,
699 718 735 791 2,
762 717 821 779 23ι
848 717 916 776 Non
938 718 1013 780 eatir
1034 732 1081 778 me
1103 715 1238 791 pernosti
1262 716 1363 789 etiem,

201 809 391 887 oannem.
434 807 539 873 Puut
562 809 677 876 Bacch.
701 810 755 890 IV,
780 817 809 890 7,
832 815 890 878 28:
915 815 1010 888 Quom
1031 814 1115 874 illum
1139 814 1287 887 rescisces
1304 816 1362 873 cri·

202 911 382 972 mmaeoram
412 925 508 968 meum
533 910 650 983 Quanto
677 912 708 970 in
730 913 846 986 periclo
876 916 909 970 et
934 920 1046 988 quante
1073 911 1106 970 in
1132 912 1266 985 pernicie
1295 911 1362 978 siet,

201 1003 335 1070 Tamne
357 1001 434 1068 Hec.
450 1002 507 1083 iv,
535 1008 634 1084 1,52:
657 1010 683 1070 si
704 1010 801 1084 ipsam
823 1027 896 1083 rom,
920 1015 953 1069 nt
974 1009 1042 1083 niet,
1065 1009 1229 1080 resciverit.
1257 1005 1363 1072 Plaut

204 1104 263 1167 Aa.
279 1099 306 1181 Ι,
324 1106 354 1180 Ι,
376 1105 417 1165 98
439 1117 501 1181 sip:
522 1104 663 1166 Profecto
686 1113 803 1167 nemost
824 1124 911 1183 quem
934 1107 993 1167 itm
1016 1106 1123 1167 dehinc
1138 1112 1267 1166 metuam
1283 1105 1363 1179 milri,

204 1200 327 1277 linquid
349 1217 457 1262 nocere
479 1204 584 1276 possit.
620 1200 703 1265 Men.
727 1201 770 1280 H,
795 1207 823 1280 3,
847 1206 904 1267 66;
930 1193 1008 1264 hunc
1030 1204 1197 1266 metuebam
1220 1220 1257 1263 ne
1279 1219 1363 1272 mane

204 1300 304 1361 Uxori
325 1300 513 1359 renuntiaret
534 1302 572 1360 dc
594 1301 676 1375 palla
698 1310 730 1360 et
751 1302 788 1361 de
811 1302 946 1377 prandio.
990 1298 1029 1379 V,
1053 1303 1081 1369 2,
1106 1302 1182 1363 108;
1206 1300 1284 1362 Sane
1308 1318 1363 1380 ego

167 1395 170 1399 ’
205 1399 294 1458 illum
318 1402 432 1469 metuo,
455 1403 489 1457 nt
509 1399 652 1471 minatur,
680 1416 717 1458 no
740 1400 810 1474 qnid
833 1402 910 1460 male
937 1398 1013 1459 laxit
1040 1400 1120 1459 mihi.
1166 1394 1231 1461 uu.
1255 1395 1310 1474 IV,
1334 1399 1364 1466 2,

203 1495 242 1557 6:
266 1496 329 1556 Eae
349 1511 430 1554 nnnc
453 1495 586 1555 hominen
608 1502 708 1557 meino
731 1515 767 1557 ne
791 1500 891 1572 opsint
913 1498 985 1556 mihi
1005 1513 1079 1556 nene
1102 1503 1224 1570 opstent
1239 1497 1363 1570 capiam.

205 1588 307 1654 Marc.
331 1587 390 1667 111,
414 1593 442 1668 3,
467 1592 522 1652 25;
547 1593 650 1653 Metuo
673 1610 727 1668 ego
750 1596 808 1654 iem
832 1612 969 1670 uxorem,
997 1612 1065 1655 cras
1088 1594 1113 1655 si
1136 1611 1205 1654 rure
1228 1594 1363 1667 redierit,

205 1690 256 1750 Ne
283 1690 366 1749 illam
392 1690 441 1748 hic
468 1689 607 1750 offendat.
652 1689 768 1754 Pseud.
796 1688 852 1765 IV,
876 1694 910 1767 3,
938 1695 970 1754 3;
1004 1693 1156 1766 Nimisque
1189 1708 1243 1767 ego
1271 1692 1364 1750 illunc

208 1788 358 1847 hominem
385 1796 484 1847 metuo
513 1795 544 1845 et
570 1787 696 1849 formido
725 1792 817 1862 male,
845 1790 890 1848 Ne
920 1793 1014 1850 malus
1041 1791 1111 1850 item
1142 1807 1214 1865 erga
1241 1806 1285 1847 me
1314 1789 1362 1848 sit

207 1902 238 1946 v.
261 1888 295 1948 9:
316 1884 445 1944 Primum
467 1886 594 1945 omnium
622 1888 680 1946 inm
709 1888 786 1946 hunc
809 1905 968 1960 conpotem
997 1894 1096 1948 metuo
1125 1904 1221 1947 meum
1243 1887 1288 1944 Ne
1313 1887 1363 1944 de·

205 1991 292 2042 serat
314 1998 360 2040 me
384 1990 472 2055 eterne
496 1980 592 2057 [hinc]
619 1982 658 2041 ad
681 1984 775 2044 hostis
803 1992 945 2044 transeat.
988 1981 1117 2047 Terent
1147 1981 1227 2045 Eun.
1253 1979 1310 2051 ΙΙΙ,
1334 1986 1364 2060 5,

209 2083 254 2142 62
268 2093 331 2157 aa:
354 2088 455 2140 metuo
478 2077 602 2138 fratrem
625 2081 670 2138 Ne
693 2081 773 2140 intus
797 2084 846 2141 sit.
892 2080 929 2157 V,
952 2085 983 2156 2,
1009 2084 1064 2144 16:
1089 2085 1173 2142 Hanc
1197 2082 1303 2156 metui,
1328 2097 1364 2139 ne

207 2195 259 2238 me
283 2177 493 2236 criminaretur
515 2177 579 2236 tibi.
625 2173 752 2238 Phorm.
776 2175 835 2252 ΙΙΙ,
861 2182 890 2256 2,
914 2179 942 2241 6.
965 2175 1069 2241 Plaut.
1092 2176 1174 2241 Rud.
1196 2175 1238 2251 11,
1263 2180 1291 2251 3,
1315 2180 1364 2240 53.

208 2277 270 2338 6οι
300 2291 366 2334 eum
395 2283 514 2334 voretur
536 2274 582 2333 Nc
612 2277 746 2348 perierit.
792 2273 864 2338 Ter.
889 2274 965 2339 Hec.
989 2272 1045 2352 IV,
1071 2279 1098 2353 l,
1122 2279 1178 2337 60:
1202 2277 1294 2335 Simul
1316 2292 1363 2334 ve·

210 2390 282 2433 reor
306 2369 503 2448 Pamphilum,
528 2388 564 2431 ne
588 2378 674 2431 orata
696 2381 800 2434 nostra
822 2380 952 2449 nequent
974 2375 1083 2434 diutine
1107 2374 1223 2434 Celare.
1260 2369 1363 2433 Plani.

208 2466 238 2532 F
241 2484 343 2548 ragm.
368 2463 583 2531 cieteuariae:
613 2470 711 2544 Quid?
737 2479 817 2531 tuam
841 2474 928 2532 times
952 2473 1092 2547 emicem,
1115 2489 1152 2531 ne
1176 2478 1206 2531 ta
1228 2472 1366 2530 manuleo

210 2567 321 2629 Oniet?
363 2565 435 2630 Ter.
458 2565 539 2629 Eun.
563 2565 593 2645 Ι,
618 2571 653 2645 2,
676 2570 717 2631 80
740 2584 802 2646 sq.:
831 2580 862 2630 et
883 2572 970 2631 istam
998 2587 1077 2629 nnnc
1099 2570 1186 2630 times
1210 2571 1292 2643 Quae
1313 2568 1365 2628 nd·

210 2673 339 2737 nectent,
362 2683 400 2725 ne
416 2666 498 2725 illum
515 2669 604 2725 talem
620 2669 788 2742 praeripiat
803 2667 867 2740 tibi,
889 2665 930 2730 ad
953 2683 982 2745 q.
1005 2664 1024 2728 l.
1050 2663 1173 2729 Ruhuk.
1185 2687 1191 2725 :
1204 2692 1247 2713 =
1262 2663 1366 2741 times,

209 2779 254 2825 ne
284 2761 348 2826 icta
376 2759 466 2824 illum
495 2761 591 2824 talem
619 2762 797 2842 praeripiat
818 2763 886 2828 tibi.
932 2762 1048 2827 Heaut.
1070 2761 1101 2841 1,
1125 2767 1161 2839 2,
1186 2766 1244 2826 15;
1269 2765 1366 2822 Timet

208 2862 321 2932 omnia,
345 2863 440 2935 patrie
462 2862 537 2920 iram
560 2871 590 2920 et
613 2864 740 2921 animum
764 2863 876 2923 amicae
901 2881 933 2923 se
956 2881 1027 2938 erga
1049 2871 1082 2922 ut
1104 2865 1144 2923 sit
1159 2879 1240 2921 anae.
1263 2858 1365 2921 Plaut

209 2957 268 3021 Aa.
292 2955 349 3035 ΙΙΙ,
373 2963 401 3034 3,
429 2961 503 3020 141:
527 2961 612 3018 Nunc
635 2977 697 3018 rem
721 2972 753 3020 ut
775 2967 822 3019 cet
845 2960 1025 3034 eloquamur.
1072 2956 1152 3021 Men.
1170 2956 1228 3036 111,
1252 2961 1281 3035 2,
1307 2964 1365 3020 53:

209 3057 308 3118 Uxori
330 3073 392 3115 rum
416 3072 531 3116 omnem
555 3059 622 3130 iam,
646 3065 679 3116 nt
701 3060 740 3118 sit
762 3065 856 3131 gesta,
881 3074 936 3132 ego
960 3059 1091 3131 eloquar.
1137 3053 1222 3118 Trin·
1238 3074 1265 3117 v.
1283 3059 1362 3119 236:

208 3155 342 3215 omnium
366 3154 494 3228 primum
516 3154 634 3213 Amoris
662 3156 736 3214 artis
767 3156 904 3230 eloquar,
935 3170 1089 3229 quemnam
1121 3155 1158 3212 ad
1186 3153 1301 3212 modum
1333 3170 1365 3214 se

207 3252 383 3326 expediant.
429 3246 499 3312 Aul.
522 3247 580 3327 ΙΙΙ,
604 3252 633 3327 6,
658 3253 692 3312 6;
722 3253 910 3312 meminerint
937 3267 1003 3311 sese
1026 3251 1103 3310 unde
1131 3251 1247 3310 oriundi
1279 3253 1364 3310 sient.

211 3345 269 3421 IV,
293 3350 322 3425 6,
345 3352 381 3410 4;
411 3348 507 3407 Nimia
535 3350 638 3409 hercle
667 3367 721 3423 ego
749 3352 832 3410 illum
863 3367 982 3410 corvom
1010 3349 1046 3407 nd
1071 3365 1117 3408 me
1147 3349 1245 3407 veniat
1267 3349 1365 3407 velim.

208 3442 327 3507 Pseud.
349 3442 405 3523 lv,
429 3449 458 3521 5,
485 3447 536 3506 10:
566 3447 652 3506 Nunc
676 3465 730 3520 ego
753 3449 902 3507 Simonem
924 3447 964 3504 mi
987 3446 1024 3506 cb
1047 3447 1122 3506 viam
1146 3446 1246 3504 veniat
1269 3446 1365 3505 velim.

210 3541 308 3604 Poen.
325 3538 364 3621 V,
382 3545 412 3620 2,
432 3544 504 3605 106;
527 3544 645 3603 Patrem
663 3553 750 3619 atque
774 3553 898 3604 matrem
922 3546 1056 3603 viverent
1079 3545 1185 3602 vellem
1209 3544 1271 3601 tibi.
1295 3539 1366 3603 Aul.

206 3637 265 3716 iv,
289 3644 316 3708 7,
341 3642 380 3702 16
403 3655 466 3717 alp:
488 3658 612 3710 ,servom
642 3660 737 3701 meum
766 3645 926 3703 Strobilum
955 3643 1046 3700 miror
1074 3640 1124 3698 ubi
1154 3641 1201 3698 ait.
1247 3638 1367 3700 Memo-

208 3733 320 3799 rabilis
343 3734 502 3800 antiocus
526 3735 617 3814 Capi.
640 3736 682 3814 Il,
707 3744 735 3816 3,
763 3741 818 3801 16;
843 3741 900 3812 Qui
917 3756 962 3798 me
978 3738 1048 3811 qnid
1064 3755 1162 3796 rernm
1186 3738 1235 3796 hic
1258 3739 1367 3812 agitem

208 3844 240 3895 et
263 3834 649 3910 quicfieriveum,1³acri
672 3853 739 3898 meo
763 3839 867 3898 ordine
898 3852 1013 3896 omnem
1043 3852 1106 3892 rem
1128 3837 1199 3894 illuc
1222 3833 1367 3911 perferat,

206 3931 249 3994 ad
282 3946 312 4009 q.
337 3927 358 3992 1.
386 3929 639 3996 Lindemannus:
671 3932 823 4010 „Graeca
852 3929 977 3994 dicendi
999 3927 1102 3992 forma
1130 3947 1188 4009 pro
1217 3949 1254 3992 eo
1282 3928 1367 4009 quod

208 4026 397 4091 dicendum:
425 4029 495 4107 qui,
525 4031 600 4108 quid
623 4048 674 4103 epo
697 4047 804 4093 rerum
838 4028 888 4091 hic
911 4027 1039 4106 agitem.
1085 4026 1161 4090 Eius
1185 4032 1366 4091 structurae

208 4123 354 4203 exempla
377 4125 462 4205 apud
479 4125 628 4190 Plautum
653 4131 685 4189 ct
706 4126 890 4191 Tonantium
914 4123 1074 4203 permulta
1095 4128 1210 4187 extant.
1233 4124 1367 4191 Plautus

207 4221 269 4285 hoc
291 4219 429 4300 amplius
451 4224 667 4289 accusativum
691 4223 851 4304 duplicem
874 4222 991 4301 posuit,
1015 4226 1048 4285 et
1062 4240 1174 4282 ommm
1193 4242 1254 4283 rem
1268 4239 1366 4302 appo·

207 4319 282 4383 sitio
314 4322 365 4382 est
390 4319 639 4400 adaupcriora:
673 4341 719 4383 me
749 4324 820 4398 qnid
842 4324 965 4396 agitem,
996 4339 1041 4380 me
1065 4320 1135 4394 quid
1157 4321 1224 4380 fieri
1248 4320 1366 4382 velim.“

259 4416 344 4466 noma,
358 4417 469 4468 aynau..
495 4421 525 4460 11,
1121 4424 1158 4483 15
