3125 5075
503 415 592 455 CASUB
607 414 874 456 ΒΠΒΒΤΑΙΙΤΝΟΒΙΙΙΙ.
888 436 912 444 -
927 417 1063 458 ACCUSAT.
1291 427 1353 484 259

199 589 274 650 lette
295 589 390 666 toqui
423 607 455 652 v.
471 591 549 654 119:
571 591 614 650 Et
634 597 666 652 te
685 592 801 651 muneri
824 609 891 651 uum
915 592 997 653 neria
1020 591 1079 664 laic
1095 585 1210 669 AOgl‘l
1236 587 1353 654 Bacch.

200 681 259 764 ΙΙΙ,
274 689 306 764 3,
320 689 382 750 48:
405 689 487 750 lleua
508 689 658 764 propitiae
680 705 726 748 me
750 689 851 748 videre
875 707 961 765 quum
984 690 1066 750 illum
1090 687 1170 766 [beu]
1198 692 1355 750 mavellem

203 785 279 844 ussei.
299 781 421 848 Bacch.
442 800 474 848 ν.
489 787 566 848 460:
589 787 677 846 illum
701 803 797 846 meum
820 789 928 846 melum
951 795 1123 860 promptare
1144 789 1244 848 malim
1268 805 1355 864 quam

205 883 359 956 peeullum.
402 879 521 946 Bacch.
544 879 600 960 Ν,
623 885 654 960 8,
679 884 733 945 18:
755 884 838 944 Nihil
861 891 908 944 est
930 885 1006 943 lucri
1029 883 1107 958 quod
1130 901 1175 944 me
1199 885 1287 946 hodie
1310 883 1355 944 la·

207 995 268 1040 rere
290 981 441 1040 mavelim.
484 977 611 1059 Fragm.
627 977 753 1042 Kakiat.
776 995 807 1059 p.
828 983 901 1057 481,
925 995 952 1042 v.
980 984 1011 1040 l:
1035 983 1113 1040 malo
1136 980 1214 1041 hune
1237 983 1356 1057 alligari

210 1077 242 1137 ad
260 1079 366 1138 erim.
410 1069 579 1141 vidularia
599 1093 631 1157 p.
653 1077 733 1154 484,
754 1094 783 1139 v.
809 1080 862 1140 15:
896 1078 998 1136 Malim
1028 1079 1132 1138 moriri
1158 1097 1239 1140 meos
1267 1097 1355 1156 quam

212 1175 410 1238 meudlearier.
455 1171 527 1238 Cea.
547 1171 592 1252 11,
612 1178 644 1252 4,
670 1177 723 1236 ll:
747 1181 846 1235 utrum
868 1207 911 1217 -
933 1176 1078 1235 coelibem
1101 1175 1150 1236 ted
1174 1191 1240 1236 erae
1263 1177 1357 1237 mavia

214 1272 343 1348 merum,
377 1277 426 1334 Au
454 1274 592 1333 maritum
624 1289 741 1333 aeruom
771 1281 901 1333 aetatem
937 1272 1046 1348 degere
1074 1283 1105 1332 et
1133 1281 1239 1347 guutua
1268 1271 1357 1333 tuoe?

217 1365 313 1434 Paul.
337 1368 394 1448 Ν,
419 1373 449 1448 5,
472 1373 506 1432 6:
543 1371 708 1444 conceptis
735 1370 837 1429 hercle
868 1369 968 1430 verbis
992 1371 1064 1430 autia
1093 1376 1177 1430 certo
1207 1370 1269 1430 seio
1290 1371 1355 1446 ego

173 1505 175 1560 3
215 1469 353 1539 aalma
374 1486 421 1528 me
441 1469 594 1528 mavellem
615 1469 733 1528 miliens
749 1466 844 1541 Quam
859 1468 930 1526 mihi
946 1467 1031 1527 illum
1053 1469 1144 1528 verbe
1165 1485 1221 1543 per
1243 1468 1353 1527 deridi-

173 1565 177 1580 '
220 1567 295 1626 etium
316 1567 402 1628 dure.
447 1562 534 1628 Pers.
557 1563 612 1643 Ν,
642 1568 673 1642 4,
697 1566 752 1626 52:
787 1569 835 1624 eet
859 1582 914 1640 ego
941 1575 971 1625 te
1001 1567 1079 1626 malo
1102 1573 1201 1626 tamen
1224 1565 1356 1639 Eumpee

221 1661 292 1725 adire.
336 1658 507 1739 Tibulli,
530 1665 560 1740 2,
583 1665 641 1726 3οι
663 1663 767 1722 Malim
791 1663 926 1724 inimicos
949 1665 989 1723 mi
1011 1663 1155 1736 invidere,
1179 1679 1267 1737 quam
1288 1660 1357 1720 med

221 1759 325 1823 irinieia
352 1761 439 1821 meis.
483 1755 555 1834 Aul.
578 1756 633 1836 IV,
661 1763 691 1833 5,
716 1762 749 1821 l:
772 1761 964 1820 Eumortuom
987 1777 1042 1834 ego
1064 1777 1111 1820 me
1134 1761 1270 1819 mavelim
1294 1760 1356 1819 leto

221 1859 337 1935 urle.·')
382 1853 574 1933 Asiam,
603 1859 679 1919 108:
717 1857 821 1916 moriri
845 1874 910 1918 sese
934 1859 1041 1918 misere
1065 1859 1202 1917 mavolet
1247 1853 1302 1930 IV,
1327 1857 1357 1931 2,

223 1956 242 2016 1.
258 1959 289 2020 2:
311 1956 407 2016 emori
419 1955 598 2022 Memulim,
621 1971 708 2030 quem
729 1955 804 2014 haee
825 1972 882 2015 uon
904 1956 967 2014 eius
990 1957 1071 2014 uxori
1097 1956 1235 2014 iudicem.
1259 1948 1356 2015 Stich.

218 2055 301 2116 edd:
324 2055 359 2114 Si
377 2069 500 2113 manere
523 2053 571 2112 hie
595 2068 662 2112 sese
684 2052 790 2111 malint
813 2053 912 2127 potius
929 2070 1015 2126 quem
1032 2055 1091 2112 elio
1107 2052 1228 2111 nubere.
1259 2047 1355 2112 Poeu.

217 2144 281 2228 Li,
303 2152 362 2214 88:
396 2153 480 2210 Beue
512 2150 579 2210 med
607 2150 726 2226 iugenio
755 2167 822 2210 esse
853 2158 989 2208 ornatum
1017 2167 1062 2208 me
1092 2165 1157 2209 esae
1181 2149 1271 2208 nimio
1295 2147 1355 2206 diei

215 2248 320 2311 marulo.
365 2265 396 2310 v,
416 2249 474 2312 90:
498 2249 609 2308 Bonam
631 2265 687 2324 ego
710 2264 797 2322 quam
821 2247 939 2307 beatam
962 2263 1009 2306 me
1032 2263 1098 2307 esse
1120 2248 1210 2306 nimio
1231 2247 1357 2306 mavolo.

173 2363 177 2368 ·
213 2342 310 2426 tuph.
334 2341 396 2423 ΙΙΙ,
424 2348 455 2422 2,
479 2349 534 2408 ll:
567 2346 600 2405 si
622 2363 668 2406 me
690 2346 770 2404 illam
794 2350 942 2403 amantem
970 2344 1096 2403 adsere
1121 2343 1254 2403 studeam
1277 2343 1355 2402 reei-

214 2459 283 2517 pere.
327 2440 419 2506 Asin.
442 2438 469 2520 Ι,
495 2447 522 2520 l,
543 2447 600 2506 52:
630 2446 728 2518 Atque
751 2459 797 2501 me
821 2441 851 2499 id
873 2440 973 2502 faeere
997 2441 1112 2501 studeo.
1158 2436 1253 2504 Stich.
1277 2435 1302 2515 Ι,
1328 2441 1356 2516 1,

214 2544 415 2618 51:1tequest
436 2559 512 2617 quer
532 2542 667 2603 studeam
689 2542 744 2601 has
766 2541 887 2615 nuptiae
909 2542 1062 2599 mutarier.
1108 2533 1193 2601 Trin.
1210 2535 1236 2614 Ι,
1252 2540 1283 2615 2,
1301 2540 1355 2599 16:

213 2640 344 2702 duribus
366 2642 471 2701 amic-ia
494 2640 572 2715 quod
594 2640 696 2700 mihist
725 2640 814 2713 cupio
842 2653 909 2697 esse
935 2639 1016 2697 item.
1062 2632 1177 2698 Pseud.
1201 2631 1227 2712 Ι,
1250 2638 1279 2711 5,
1304 2636 1358 2697 53:

213 2737 291 2813 crpla
319 2755 367 2797 me
397 2753 464 2797 ease
490 2754 627 2811 nequam.
671 2733 787 2797 Pseud.
813 2732 837 2812 Ι,
861 2737 891 2812 2,
916 2737 969 2797 17;
1004 2732 1141 2794 Officium
1168 2740 1300 2793 vostrum
1324 2740 1358 2791 ut

212 2850 253 2893 aaa
271 2836 351 2896 maia
373 2834 502 2909 cupiatis
522 2834 731 2893 eoumenerier.
776 2830 873 2895 Mete.
890 2829 915 2909 Ι,
940 2833 968 2904 2,
993 2834 1047 2894 37;
1071 2832 1134 2905 Ego
1156 2831 1273 2902 bouum,
1296 2846 1361 2888 ma·

215 2930 262 2991 lum
282 2950 343 3009 quo
365 2934 494 3005 accedit,
518 2932 589 2991 mihi
612 2930 677 2990 duri
699 2930 757 2989 lmu
782 2930 931 2990 desidero.
962 2925 1059 2991 Stich.
1076 2924 1131 3004 Ν,
1151 2930 1178 3004 1,
1200 2929 1249 2988 ΙΟ;
1271 2928 1357 2985 Nune

214 3044 251 3087 ue
268 3032 396 3105 gratiam
419 3048 474 3105 aps
496 3037 526 3089 te
549 3029 625 3089 iuire
649 3027 746 3087 uerbis
769 3028 811 3087 nil
835 3026 983 3086 desidero.
1028 3020 1123 3086 Most.
1139 3022 1165 3099 Ι,
1183 3028 1212 3101 2,
1229 3026 1283 3085 47:
1303 3025 1357 3083 Ni·

218 3132 304 3189 turtur
327 3136 361 3187 ut
391 3130 444 3189 alii
466 3128 522 3187 eibi
544 3143 611 3187 esse
634 3126 752 3186 illorum
775 3126 881 3185 similis
905 3130 1055 3199 expetant.
1099 3118 1292 3197 ΗΙ,1,97;
1328 3122 1360 3180 id

173 3240 179 3346 *ι
221 3240 255 3283 ue
272 3228 350 3287 seire
379 3232 498 3301 expeto.
522 3220 749 3285 Tri11.v.365:
773 3224 918 3281 Multarst
941 3236 1050 3295 operae
1074 3236 1149 3292 opua
1171 3216 1288 3290 fictura,
1310 3217 1360 3289 qui

175 3351 182 3391 ·.
226 3324 394 3387 relatorem
415 3323 541 3399 probum
563 3322 651 3381 Vitae
675 3320 809 3395 agundae
833 3337 898 3380 esse
923 3318 1046 3392 expetit
1092 3310 1159 3375 Mil.
1176 3310 1230 3389 Ν,
1246 3316 1276 3389 3,
1300 3314 1357 3374 42:

179 3408 184 3445 ³
226 3416 280 3481 Nam
300 3439 375 3499 quoa
397 3420 501 3483 videre
523 3436 570 3479 me
593 3419 771 3493 exoptabam
794 3433 940 3476 maxume.
984 3409 1101 3476 Bacch.
1117 3407 1159 3488 ΙΙ,
1176 3413 1206 3487 3,
1229 3412 1262 3473 3;
1285 3412 1361 3469 Nam

230 3526 287 3579 leur
311 3517 457 3581 formidat
479 3519 608 3590 auimua,
641 3522 775 3577 uestrum
804 3521 865 3574 tum
888 3514 939 3572 diu
962 3511 1007 3569 lbi
1034 3510 1170 3570 desidere
1194 3524 1290 3582 neque
1313 3522 1362 3566 re-

234 3607 274 3675 dre
294 3618 396 3681 lilium.
434 3612 501 3677 Mil
518 3611 577 3693 111,
595 3616 623 3690 1,
639 3615 680 3676 23
693 3627 775 3691 sqq.:
800 3611 877 3684 Quid
899 3610 929 3669 id
953 3606 1099 3682 estquod
1123 3604 1256 3666 cruciat?
1279 3604 1363 3664 cedo.

234 3698 272 3775 PL
294 3716 342 3777 bie
366 3716 423 3775 tibi
445 3714 523 3773 iatue
545 3712 655 3772 aetalia
677 3712 789 3771 homiui
811 3710 945 3768 leuiuora
966 3706 1095 3781 puerilia

293 3814 420 3873 Obicere
445 3808 504 3887 [et]
527 3826 624 3886 ueque
647 3817 677 3869 te
701 3809 813 3868 decora
835 3821 930 3878 neque
954 3805 1013 3862 tuis
1036 3802 1195 3862 virtutibus

294 3914 372 3971 dte
395 3916 556 3984 expetere:
580 3925 617 3967 ex
637 3906 743 3982 opibua
767 3904 888 3963 summis
911 3902 969 3959 mei
992 3905 1022 3958 te
1045 3900 1167 3959 honoris
1190 3897 1287 3971 gratia

294 4008 426 4083 Mihique
448 4008 562 4068 amant-i
583 4006 628 4067 ire
652 4005 829 4079 opitulatum
863 4006 952 4073 atque
981 4014 1018 4056 eu
1040 4004 1069 4055 te
1093 3995 1193 4055 lacere
1220 3993 1365 4065 facinora,

298 4106 376 4179 Quae
397 4106 496 4166 lataee
519 4110 603 4163 aetas
626 4100 729 4178 fugere
752 4098 835 4159 faeta
856 4097 949 4171 magis
973 4110 1059 4168 quum
1082 4093 1193 4154 sectari
1215 4093 1302 4163 solet,

292 4337 319 4403 “l
336 4340 450 4395 Pureua:
471 4334 523 4404 „Iu
535 4333 568 4388 V.
583 4332 611 4387 C.
629 4330 708 4388 initio
727 4328 780 4385 luit
794 4331 853 4385 luel.
873 4332 973 4397 postea
991 4338 1008 4378 o
1026 4338 1111 4393 aupra
1129 4321 1227 4375 lineum
1246 4319 1367 4391 positum

246 4418 330 4475 imru
346 4438 398 4478 uun
416 4417 564 4477 admodum
581 4411 696 4470 veteri.“

1068 4496 1128 4555 17*
