3125 5075
211 366 273 425 324
637 359 794 400 sonentur.
808 359 872 401 cae.
887 360 928 402 ru.

210 535 268 608 Qui
290 535 381 593 animi
404 542 571 609 compotem
594 554 674 610 case,
698 555 734 597 uc
758 537 832 611 quta
851 539 972 610 fraudis
993 539 1149 613 stuprique
1174 536 1290 600 ferocia
1313 560 1362 616 pa-

212 632 280 693 riat.
303 628 385 693 Livii
407 632 578 696 Andronici
601 631 749 713 Aegisthi
777 632 815 697 l'r.
838 642 871 698 4:
909 654 996 697 nemo
1020 638 1094 697 haec
1116 642 1252 697 vostrum
1274 641 1362 699 rumi-

208 738 296 790 netur
326 730 453 790 mulieri.
479 729 547 795 Liv.
571 731 670 795 Andr.
693 728 808 813 Odyss.
830 750 880 811 ap.
904 730 1027 796 Charis.
1050 749 1080 811 p.
1097 736 1152 796 64:
1175 736 1248 809 quid
1271 740 1362 797 verbi.

207 825 322 891 Naevii
343 826 534 892 Dementes:
558 833 678 891 melmae
701 834 897 905 pauxillulum
920 834 950 890 in
967 850 1013 893 me
1029 833 1120 892 habet
1143 832 1198 906 (=
1213 831 1362 909 habitat).

207 922 306 989 Naev.
329 923 367 989 fr.
390 925 451 991 ino.
482 944 559 991 com.
587 931 623 991 8:
658 934 756 989 utrum
780 931 923 1004 scapulae
946 932 1013 1004 plus
1036 948 1074 989 au
1097 932 1193 991 collus
1209 933 1283 992 colli
1305 936 1362 994 iarn

207 1026 330 1100 habeat,
363 1029 474 1087 nescio.
519 1024 564 1088 ΙΙ).
587 1024 626 1088 fr.
655 1031 708 1089 ll:
753 1028 951 1087 Pessimorum
972 1030 1111 1101 pessime.
1158 1025 1240 1092 Cato
1264 1028 1302 1092 R.
1327 1029 1362 1095 R.

206 1139 232 1185 c.
259 1128 312 1186 17:
336 1124 452 1199 quidvis
476 1127 547 1184 anni
568 1127 668 1201 legero
691 1128 799 1201 possis.
844 1128 919 1185 Item
942 1126 1061 1200 quidvis
1084 1129 1153 1186 auni
1173 1136 1294 1189 matura
1311 1139 1362 1190 est.

209 1218 290 1283 Cato
312 1219 349 1284 R.
374 1219 411 1283 R.
435 1238 460 1285 c.
485 1226 517 1285 2:
541 1233 627 1298 roget
649 1224 719 1299 quid
742 1225 843 1299 operis
867 1225 925 1283 siet
948 1221 1068 1283 tactum.
1099 1221 1147 1286 ib:
1170 1228 1300 1299 etquid
1322 1230 1362 1288 lu-

209 1326 288 1379 ctum
310 1320 383 1393 vini,
405 1321 549 1392 frumenti
571 1323 760 1397 altorumque
782 1339 886 1381 rerum
907 1323 1046 1384 mnium.
1071 1318 1105 1383 0.
1130 1324 1185 1383 24:
1217 1326 1362 1400 Quicquid

210 1418 275 1477 viui
300 1417 475 1482 defrutabis.
499 1417 532 1483 G.
558 1422 613 1482 38:
635 1420 702 1479 Hoc
722 1420 802 1492 aiom
824 1422 892 1492 erit,
915 1421 965 1479 ubi
988 1423 1056 1480 calx
1079 1428 1166 1480 cocta
1189 1424 1259 1500 erit,
1285 1445 1358 1483 suru-

204 1532 268 1576 moa
291 1516 408 1591 lapides
432 1525 534 1579 coctos
564 1534 631 1578 esse
654 1518 816 1592 oportebit.
859 1514 895 1578 C.
919 1519 954 1578 6:
1004 1519 1100 1591 Quam
1130 1536 1232 1579 earum
1262 1523 1293 1580 in
1319 1526 1359 1582 his

205 1614 280 1674 lotia
303 1616 445 1688 optimam
468 1617 569 1676 dicent
591 1632 667 1678 esse.
693 1612 726 1677 Ο.
744 1618 780 1678 3:
804 1615 908 1674 domm
930 1616 1005 1673 nihil
1026 1617 1087 1675 erit
1110 1634 1146 1675 ex
1168 1626 1357 1693 tempestate.

204 1706 239 1774 0.
263 1714 322 1774 22:
367 1714 413 1773 Eo
436 1715 546 1788 sumpti
574 1730 648 1787 opus
672 1718 718 1773 eat
747 1713 769 1785 †
791 1713 813 1785 †
833 1715 898 1775 LX.
942 1709 1022 1775 Coto
1052 1712 1086 1775 iu
1107 1712 1128 1775 l.
1151 1712 1168 1776 Ι
1190 1714 1357 1795 Originum

202 1803 298 1883 (Gell.
322 1813 406 1874 noct.
430 1810 495 1872 Ata.
519 1808 545 1885 1,
571 1813 620 1888 16,
644 1806 661 1889 ᾗ
684 1807 733 1889 4);
773 1811 846 1871 lude
870 1819 917 1870 est
939 1808 1033 1871 ferme
1060 1813 1140 1872 mille
1156 1831 1292 1886 posswn.
1323 1812 1356 1878 cl.

206 1902 349 1970 Bolhuis.
366 1925 397 1987 p.
417 1910 472 1971 21:
494 1907 564 1987 „Ex
586 1906 647 1972 hoc
670 1912 703 1973 et
724 1906 795 1971 aliis
818 1906 897 1971 locis
919 1908 1014 1971 docet
1035 1907 1168 1984 Gellius,
1192 1913 1275 1972 mille
1297 1915 1356 1975 siu·

203 2001 306 2081 gulari
329 2022 461 2071 numero
484 2006 557 2087 poni
581 2005 730 2071 debere.“
769 2003 803 2069 G.
826 2010 860 2069 4:
889 2004 980 2068 fructi
1001 2010 1070 2081 plus
1094 2011 1204 2083 capies.
1245 2007 1279 2073 C.
1304 2016 1356 2074 32:

201 2103 303 2175 quood
322 2107 386 2167 eiua
408 2106 509 2166 lacere
531 2109 654 2181 poteris.
701 2103 735 2169 C.
759 2109 813 2169 33:
847 2107 945 2180 quoad
968 2108 1031 2167 eius
1054 2108 1177 2182 poteris.
1225 2104 1306 2172 Cato
1328 2110 1356 2172 iu

202 2202 283 2263 orat.
308 2217 368 2280 pro
391 2201 511 2268 Rhod.:
534 2209 633 2282 Atque
655 2205 729 2263 haut
751 2206 813 2264 scio
836 2222 874 2263 au
892 2204 1006 2276 purtim
1027 2222 1128 2263 eoram
1151 2203 1275 2283 fuerint,
1300 2211 1354 2284 qui,

202 2314 231 2360 v.
255 2296 400 2365 Bolhuis.
424 2320 454 2382 p.
468 2305 517 2365 86.
541 2300 629 2366 Orat
654 2301 694 2365 de
708 2316 745 2364 re
759 2298 870 2363 Flou'a
891 2316 942 2379 ap.
960 2297 1042 2363 Gell.
1065 2299 1105 2376 X,
1125 2305 1163 2365 13
1179 2299 1222 2381 (v.
1239 2302 1355 2383 Meyer.

202 2399 251 2463 ed.
273 2397 316 2479 ΙΙ,
339 2417 370 2479 p.
390 2404 478 2471 126):
500 2404 545 2462 Ibi
566 2420 622 2478 pro
645 2406 747 2461 scorto
770 2398 840 2472 fuit,
863 2401 894 2458 iu
918 2399 1086 2459 cubiculum
1108 2401 1320 2463 subrectitavit
1341 2423 1354 2462 c

201 2500 345 2576 convivio,
369 2517 435 2562 cum
452 2503 569 2576 purtim
591 2500 631 2574 (v.
655 2494 799 2561 Bolhuis.
817 2511 847 2573 p.
874 2497 951 2570 139)
977 2498 1095 2558 illorum
1118 2499 1177 2558 iam
1206 2518 1298 2577 saepe
1322 2504 1356 2563 ad

201 2598 327 2658 eundem
350 2602 467 2661 modum
491 2608 565 2660 erat.
610 2595 705 2660 Ennii
736 2594 841 2660 annal.
863 2596 883 2660 l.
907 2591 947 2671 X,
969 2590 1007 2657 fr.
1032 2602 1060 2672 5,
1082 2615 1110 2660 v.
1135 2601 1211 2660 341:
1241 2601 1358 2674 Ecquid

199 2698 259 2761 erit
275 2699 419 2773 praem?
441 2695 592 2761 Hectoris
614 2695 717 2761 lustra
739 2693 776 2759 fr.
804 2701 838 2759 5:
863 2699 940 2772 Quid
964 2700 1020 2757 hoc
1043 2699 1092 2757 hic
1115 2697 1264 2765 cumeris,
1288 2699 1355 2774 quid

201 2797 258 2856 hoc
281 2798 331 2856 hic
353 2797 473 2858 tumulti
495 2796 561 2857 cst?
583 2827 627 2838 —
649 2798 719 2873 quid
741 2797 773 2855 in
796 2798 904 2857 caetris
925 2796 1041 2868 strepiti
1063 2795 1135 2854 eat?
1172 2792 1355 2875 Iphigeniae

198 2887 237 2954 fr.
263 2895 295 2956 1:
319 2894 399 2967 Quid
419 2897 513 2955 noetio
534 2896 651 2955 videtur
673 2895 702 2954 iu
726 2895 855 2954 altisono
876 2894 960 2954 Caeli
984 2893 1103 2967 clipeo?
1140 2891 1234 2954 Ennii
1257 2899 1354 2956 satur.

199 2987 351 3070 1.vl‚v.
376 2995 431 3058 30:
470 2994 547 3067 Quid
570 3010 676 3054 censes
705 2994 824 3052 domiuo
848 3009 914 3052 esee
943 2991 1058 3050 animi?
1095 2987 1298 3054 Euhemerus
1319 2990 1354 3054 ir.

200 3090 232 3168 3,
258 3091 312 3154 11:
333 3093 359 3153 ai
381 3093 454 3167 qaid
476 3094 600 3155 liberum
622 3093 718 3151 virilis
741 3108 830 3151 sexus
853 3092 881 3149 ei
904 3098 1006 3150 uatum
1028 3097 1118 3150 esset.
1151 3088 1263 3151 huual.
1287 3088 1309 3152 l.
1332 3089 1354 3166 1,

199 3182 239 3252 fr.
262 3190 321 3270 46,
347 3207 378 3252 v.
403 3195 460 3255 65:
506 3191 673 3266 Respondit
701 3192 775 3249 luno
806 3189 947 3248 Saturnia
974 3192 1076 3248 sancta
1107 3188 1232 3245 deorum
1261 3185 1309 3262 (h.
1331 3205 1354 3250 e.

205 3287 428 3363 sanctissima).
452 3287 472 3351 l.
496 3286 520 3364 Ι,
544 3285 581 3349 fr.
607 3290 663 3349 20:
687 3286 831 3346 Constitit
851 3286 920 3345 inde
946 3286 1003 3344 loci
1024 3292 1151 3359 propter
1174 3302 1223 3345 sos
1246 3285 1355 3344 diade·

200 3401 298 3447 orum.
322 3385 436 3450 Annel.
457 3385 600 3449 incertae
624 3382 710 3447 sedis
732 3380 770 3446 fr.
793 3386 849 3446 33:
871 3386 993 3459 Optima
1015 3385 1190 3443 caelicolum
1215 3383 1355 3442 Saturnia

199 3502 307 3560 magua
329 3488 459 3548 dearum.
481 3481 519 3546 fr.
546 3486 582 3546 2:
605 3485 732 3543 maxime
755 3482 862 3542 divum.
891 3478 985 3543 Ennii
1007 3477 1161 3542 Hecubae
1182 3476 1221 3540 fr.
1245 3483 1282 3542 8:
1305 3483 1354 3540 Ni-

201 3585 292 3646 mium
312 3584 380 3644 toni
401 3592 456 3659 est,
480 3584 528 3642 cui
551 3584 591 3641 nil
616 3589 663 3642 est
686 3580 730 3657 [iu
753 3577 844 3653 diem]
867 3579 949 3637 ntuli.
973 3575 1157 3656 iphigeniae
1180 3575 1217 3639 fr.
1235 3583 1270 3639 4:
1287 3581 1355 3652 plna

201 3683 299 3757 nepoti
321 3683 421 3744 habet.
443 3677 554 3743 huual.
571 3677 592 3740 l.
615 3675 669 3751 vl,
692 3676 730 3740 fr.
749 3681 803 3740 14:
828 3679 893 3751 Quo
917 3677 1000 3735 vobis
1022 3685 1137 3734 mentes
1161 3684 1263 3735 rectae
1281 3694 1354 3753 quaa

199 3788 283 3843 utare
306 3782 443 3842 solebant
466 3779 617 3856 Antehac,
641 3778 788 3837 dementis
812 3793 878 3836 ease
901 3772 1012 3833 flexere
1036 3772 1114 3833 viai?
1159 3771 1274 3835 Annal.
1298 3774 1354 3836 inc.

198 3877 283 3943 sedis
303 3875 416 3956 fragm.
441 3879 496 3939 62:
533 3878 607 3937 luda
630 3876 690 3935 loci
711 3877 804 3936 lituus
826 3875 940 3935 sonitus
964 3871 1068 3930 effudit
1090 3877 1204 3932 acutos.
1250 3869 1355 3934 Satur.

199 3973 220 4037 l.
244 3972 286 4053 11,
308 3972 346 4036 ir.
368 3981 400 4037 l:
424 3976 496 4034 Inde
519 3977 588 4036 locl.
612 3971 798 4052 Iphigeniae
820 3967 857 4032 ir.
881 3973 915 4032 6:
939 3986 1063 4043 usquam
1086 3970 1228 4043 gentium.
1252 3966 1353 4032 Plaut

202 4071 297 4137 Most.
322 4070 348 4150 Ι,
373 4077 402 4150 3,
428 4075 501 4135 123:
527 4075 636 4132 Verum
657 4073 727 4130 illut
748 4085 814 4129 esec
839 4085 975 4129 maxuma
997 4068 1071 4127 adeo
1093 4084 1166 4139 para
1188 4074 1355 4128 vostrorum

200 4173 359 4247 intellegit,
382 4197 425 4217 =
448 4174 598 4231 vestrum.
643 4164 758 4230 Pseud.
782 4163 808 4243 Ι,
833 4168 862 4240 2,
887 4169 941 4226 77:
979 4165 1084 4239 quoius
1111 4171 1263 4225 amatores
1287 4167 1355 4228 olivi

202 4270 350 4329 Dunamiu
374 4269 452 4328 domi
475 4268 587 4327 habeut
608 4282 781 4326 maxumam.
827 4259 897 4326 Cas.
920 4259 958 4354 Y,
983 4264 1011 4337 2,
1029 4265 1084 4325 33:
1108 4281 1167 4323 uon
1191 4263 1250 4323 init
1272 4265 1352 4340 quid-

202 4385 289 4442 quam
311 4371 433 4430 olerum.
456 4363 537 4428 Rud.
561 4361 603 4431 ll.
631 4368 655 4438 l,
682 4366 730 4426 12.
754 4356 868 4424 Bacch.
893 4357 948 4437 IV,
972 4363 1001 4437 9,
1028 4364 1103 4424 113:
1127 4362 1178 4421 Nil
1192 4362 1353 4423 —conaili
