3125 5075
501 345 649 386 nocuum
683 344 915 385 Puuutouteauu.
940 402 943 407 Ι
1223 351 1284 413 335

215 530 238 596 l.
282 532 322 596 ld
358 534 549 614 praesertim
579 534 612 597 in
638 533 799 613 responsis
824 531 865 595 iis
891 537 1042 612 apparet,
1076 530 1192 610 quibus
1222 547 1285 594 non

181 635 257 722 otum
278 629 327 709 id,
355 630 441 710 quod
462 630 503 695 ab
526 630 630 695 altero
652 628 901 709 colloquentium
923 628 1044 693 dictum
1067 632 1151 706 erat,
1174 643 1287 693 conce·

181 733 231 809 dr,
253 726 312 792 sed
331 732 390 793 aut
412 728 542 793 additur
563 726 683 807 aliquid
706 728 810 792 maius
833 731 867 792 et
889 726 1019 806 gravius
1034 729 1092 791 aut
1106 722 1287 789 distinctius

181 823 456 902 tdconstituitur,
488 830 660 904 utrumque
688 830 799 890 autern
827 824 883 887 uni
911 822 1038 902 aequali
1064 821 1181 886 rationi
1211 819 1286 886 suh

181 920 272 988 ttitur
300 921 457 994 (Handius
486 940 516 1001 p.
540 925 627 997 467).
654 921 757 987 Plaut
780 921 896 987 Bacch.
918 919 983 999 Ill,
1006 924 1043 998 6,
1067 924 1101 985 9:
1131 922 1285 996 Numquae

181 1023 302 1082 venienti
324 1024 480 1099 aegritudo
503 1020 672 1082 obiectast?
717 1018 791 1083 MN.
823 1022 922 1095 Atque
944 1036 1108 1081 acerruma.
1152 1016 1238 1082 Mau.
1261 1016 1287 1095 I,

182 1120 242 1181 40:
264 1121 381 1197 Ecquid
404 1121 496 1182 audes
517 1120 555 1180 de
577 1127 629 1179 tuo
651 1121 729 1181 istuc
751 1116 885 1180 addere?
929 1114 1024 1181 PEN.
1048 1117 1146 1190 Atqac
1168 1118 1288 1177 hilaris·

181 1232 225 1278 re.
256 1213 324 1278 Mil.
348 1213 392 1295 11,
416 1222 445 1293 3,
469 1220 521 1279 66.
541 1221 572 1293 4,
599 1219 647 1277 15.
676 1213 792 1279 Pseud.
817 1214 861 1294 11,
883 1222 914 1293 4,
937 1219 995 1280 49:
1019 1214 1137 1288 Ecquid
1160 1212 1286 1291 [summ]

181 1327 221 1374 no
242 1314 334 1373 hebet
355 1316 436 1374 aceti
458 1316 488 1374 iu
511 1313 655 1389 pectore?
700 1309 766 1375 cH.
789 1313 889 1386 Atque
911 1314 1090 1374 acidissumi.
1135 1309 1225 1375 Pars.
1248 1309 1287 1387 V,

186 1413 245 1474 49:
269 1412 407 1472 hiccine
430 1414 579 1487 geminust
600 1410 705 1473 frater.
749 1408 818 1473 ΒΟ.
842 1407 997 1473 Hicinestl
1041 1406 1106 1473 TO.
1127 1409 1175 1471 Ac
1196 1409 1288 1484 gemi-

182 1524 290 1569 rumus.
327 1505 457 1571 Terent.
480 1506 577 1572 Andr.
601 1505 644 1585 ll,
668 1510 776 1585 1,3a:
807 1508 889 1585 fugin
912 1509 1002 1569 hino?
1039 1504 1105 1569 BY.
1129 1508 1194 1579 Ego
1217 1523 1289 1567 vero

188 1605 305 1666 lubens.
356 1602 437 1666 Eun.
460 1603 499 1683 V,
523 1607 560 1681 3,
584 1607 617 1666 6:
640 1603 704 1668 PY.
735 1608 837 1667 Iamne
867 1607 1026 1668 ostendisti
1048 1606 1134 1679 signa
1156 1601 1289 1664 nutrici?

182 1697 199 1764 l.
223 1702 339 1763 Omnia
382 1699 446 1764 PY.
469 1703 599 1776 Amabo,
622 1703 692 1777 quid
715 1702 780 1763 att?
808 1703 1019 1779 cognoscitna?
1064 1698 1131 1764 CH.
1160 1701 1207 1761 Ac
1229 1718 1289 1761 me-

182 1799 278 1876 -rlter,
301 1797 334 1861 id
358 1801 422 1868 cst,
450 1798 607 1877 quomodo
631 1796 820 1864 Schuetnius
852 1798 1007 1879 explicat:
1033 1814 1097 1860 uou
1124 1796 1289 1877 cognoscit

182 1911 255 1973 um,
278 1894 454 1959 sedetiam
477 1896 662 1961 memoriter
692 1896 865 1976 cognoscit.
888 1895 1032 1961 Ruhnk:
1062 1897 1129 1973 „Ac
1154 1893 1293 1960 intendit

182 1990 323 2070 adonem,
345 1992 437 2072 quasi
459 1992 548 2057 dicas
570 1995 669 2063 ettam,
690 1996 752 2071 oct,
774 1999 803 2055 et
824 1996 970 2069 quidm

218 2105 250 2169 g.
295 2088 368 2154 Non
389 2088 519 2153 diversa
542 2095 593 2154 est
615 2108 677 2170 res,
700 2090 755 2155 ubi
777 2090 887 2156 addita
908 2090 972 2156 alia
985 2090 1114 2155 notione
1137 2107 1185 2168 ea,
1208 2106 1290 2168 quae

182 2186 309 2265 tccadlt,
340 2186 483 2266 pressius
512 2186 677 2266 magisque
703 2184 869 2253 definitur:
898 2187 983 2266 quod
1010 2187 1171 2251 interdurn
1193 2186 1291 2250 etiam

183 2288 308 2358 ratque
336 2286 409 2345 odeo
439 2285 635 2364 exprimitur.
684 2283 752 2350 Nec
784 2285 919 2351 multum
946 2285 980 2349 id
1001 2281 1110 2349 differt
1135 2302 1155 2348 a
1183 2284 1291 2348 verbis

194 2381 322 2456 quidm.
367 2380 474 2458 Quare
502 2382 609 2461 ipsum
635 2384 752 2457 quidem
780 2383 876 2449 adiici
901 2387 1019 2464 potest.
1054 2380 1170 2458 (Hand
1197 2380 1218 2445 l.
1241 2380 1291 2461 c.).

183 2481 242 2543 tut
269 2476 604 2560 lein.111,s‚1ao:
640 2484 804 2543 Fortunam
832 2488 920 2557 atquc
947 2485 1178 2558 Opsequentam.
1222 2477 1292 2545 Cas.

183 2574 335 2655 2,c,12=
368 2579 434 2654 Ego
457 2579 579 2640 servos?
623 2577 681 2643 ST.
712 2582 811 2654 Accae
832 2598 924 2643 meus.
968 2577 1061 2658 Epid
1084 2576 1152 2654 III,
1176 2585 1215 2658 4,
1238 2583 1293 2644 34:

183 2692 236 2751 gese
257 2677 302 2735 lta
321 2675 468 2753 prolecto,
490 2683 525 2736 ut
542 2693 608 2737 eam
632 2693 669 2737 ex
691 2680 748 2739 lroc
771 2696 917 2741 exoneres
939 2695 1020 2754 agro.
1050 2674 1165 2740 Bacch.
1187 2674 1247 2754 III,
1263 2679 1293 2755 6,

210 2784 275 2851 sq:
309 2774 411 2847 Quid?
445 2792 526 2835 amas
567 2773 760 2837 Bacchidem.
811 2773 864 2838 Pl.
903 2777 986 2838 Duas
1019 2793 1091 2851 ergo
1130 2775 1181 2835 hio
1212 2776 1293 2837 intus

183 2886 228 2939 ru
256 2871 432 2935 Bacchides.
476 2869 550 2935 MN.
580 2874 673 2949 Quid,
695 2874 794 2935 duae?
838 2870 890 2935 ΡΙ.
919 2873 1018 2947 Atque
1037 2875 1139 2936 ambae
1162 2890 1292 2935 sorores.

220 2964 253 3029 h.
296 2964 335 3030 In
369 2967 677 3048 comparationibus,
706 2969 782 3047 quia
811 2985 865 3032 res
892 2968 975 3035 duae
1002 2987 1042 3035 ax
1071 2969 1180 3049 aliqua
1201 2973 1294 3049 parta

184 3063 401 3144 quiperantur,
435 3066 596 3145 propriam
630 3063 739 3130 sedem
771 3070 908 3145 occupat
934 3072 1040 3146 oque,
1073 3067 1128 3132 ubi
1156 3066 1221 3130 alia
1255 3083 1295 3130 ex

184 3161 262 3226 ione
285 3180 374 3237 qaam
396 3160 523 3226 dicitur.
568 3159 722 3227 Sulficare
749 3162 1017 3242 potentioris,
1049 3180 1200 3242 expresso
1223 3162 1292 3242 ipso

184 3258 355 3325 nllitudinis
393 3259 538 3338 nomine,
582 3260 719 3340 simplas
756 3257 915 3338 particula
955 3259 1151 3339 copulativa:
1193 3276 1293 3338 quare

184 3357 256 3423 ascl
278 3356 375 3421 etiam
397 3361 450 3418 καί
470 3359 678 3437 usurpabant.
723 3356 795 3422 Non
825 3358 902 3423 item
925 3357 1040 3422 Latini.
1084 3357 1218 3421 lionim
1240 3373 1294 3421 ne

184 3453 313 3521 starium
340 3455 496 3533 putabant
527 3455 728 3535 aequationis
750 3454 941 3536 particulam
970 3461 1004 3520 et
1026 3455 1066 3518 ad
1095 3454 1179 3519 hunc
1202 3472 1294 3519 usum

184 3551 335 3617 ‘mitatis
358 3568 485 3632 quoque
513 3558 547 3617 et
569 3551 838 3618 dissimilitudinis
867 3553 1136 3633 comparationem
1166 3569 1294 3618 revoca·

184 3652 229 3728 nt,
251 3653 420 3728 utramque
447 3650 559 3715 codam
574 3650 667 3716 modo
683 3667 742 3729 per
756 3650 947 3731 particulam
969 3657 1057 3724 atquc
1079 3649 1293 3730 designantes.

184 3745 254 3811 und.
277 3764 307 3827 p.
331 3748 395 3810 468
417 3753 484 3827 sq).
529 3748 582 3814 Sic
603 3747 735 3828 ponitur
763 3754 851 3823 atquc
878 3752 953 3829 post
980 3752 1128 3822 aequest
1154 3750 1294 3824 adrogat

185 3851 243 3910 tut.
264 3842 354 3924 Gapt.
378 3843 417 3919 V,
439 3850 473 3922 4,
496 3849 530 3910 3;
560 3865 661 3909 serum
684 3849 835 3909 enimvero
858 3850 940 3908 nulla
962 3847 1124 3920 odocqutst
1138 3849 1295 3909 Acheruns

185 3960 239 4019 gae
261 3944 311 4005 ubi
334 3962 388 4020 ego
411 3943 454 4004 fui
476 3946 507 4004 in
530 3946 707 4020 lapicidinis.
731 3941 861 4007 Terent.
869 3942 976 4023 Andr.
999 3941 1056 4017 IV,
1080 3945 1115 4018 2,
1143 3947 1197 4008 19:
1222 3946 1295 4018 Quis

185 4041 265 4105 leor?
308 4038 374 4104 cll.
397 4045 505 4115 Miser,
531 4046 731 4115 atqueatquc
753 4060 816 4118 ego.
863 4039 1180 4117 Phorn.1‚2,lc:
1212 4061 1294 4102 num-

185 4158 228 4203 tm
251 4157 341 4214 oeque
356 4172 396 4182 -
413 4156 448 4200 ao
470 4142 557 4200 modo
579 4142 745 4215 Paupertas
768 4141 841 4199 milri
863 4158 937 4200 onus
956 4141 1080 4200 visumst
1102 4147 1134 4199 et
1155 4141 1295 4199 miserum

191 4256 291 4316 grave
336 4235 392 4313 IV,
419 4241 453 4313 l,
480 4241 534 4298 15:
563 4239 604 4296 Te
627 4239 700 4297 mihi
722 4238 841 4298 fidelem
865 4255 931 4298 esse
958 4253 1050 4310 oeque
1071 4242 1157 4310 atque
1179 4247 1296 4312 egomet

185 4337 300 4397 nmihi
324 4336 450 4397 Scibam.
475 4368 516 4377 -
539 4340 612 4413 post
630 4335 707 4394 idem
729 4332 810 4398 Cato
833 4333 870 4396 R.
894 4332 930 4397 Pe
947 4351 972 4398 c.
989 4337 1040 4412 48,
1066 4337 1099 4396 l:
1122 4335 1296 4395 cumdem
