3125 5075
201 372 239 432 12
628 361 754 403 VERBUM.
784 361 847 403 ΟΑΡ.
862 362 921 402 vm.

198 551 229 616 h.
255 570 280 616 e.
302 551 388 616 male
410 550 612 630 mulcebitur,
635 551 752 615 malum
776 549 909 615 habebit
931 545 1068 628 (Parin).
1114 545 1244 611 Phorm.
1270 547 1306 627 V,
1319 550 1344 626 6,

202 653 256 714 10:
302 653 368 711 Nun
391 651 513 711 manes?
556 648 623 714 GE·
651 653 775 725 Vapetu.
821 647 887 711 AN.
933 651 965 709 Id
989 648 1106 723 quidem
1131 649 1187 708 tibi
1209 650 1270 707 ium
1292 646 1346 708 fiet

75 788 84 801 .
199 747 248 812 De
272 745 481 810 intransitivis
501 766 610 815 naam,
636 749 730 817 bmeo,
752 752 847 808 metuo
869 745 940 810 vide
962 743 1104 808 Perizon.
1128 742 1169 806 ud
1193 741 1302 808 Senot.
1322 759 1347 822 p.

201 847 273 909 356.
318 842 421 907 Plaut.
452 842 544 909 Truo.
568 844 623 923 IV,
648 850 675 920 3,
700 849 755 908 35:
786 849 892 924 metuo,
918 853 1021 921 patres
1052 850 1124 918 quot
1153 842 1270 903 fuerint
1299 846 1349 908 ise.

199 940 293 1006 huius
327 941 442 1022 puerit.
494 959 523 1003 v.
559 947 615 1006 46:
667 944 775 1017 Timeo,
810 962 895 1018 quam
930 961 997 1003 uuor
1032 943 1178 1001 nominer.
1225 937 1351 1003 Terent

200 1038 297 1103 Andr.
328 1039 353 1117 1,
382 1042 411 1117 2,
440 1042 472 1103 5:
527 1043 656 1102 Verebar
686 1059 824 1117 quorsum
856 1042 1005 1101 evaderet.
1057 1036 1082 1115 I,
1111 1042 1140 1116 5,
1171 1041 1231 1099 29:
1261 1039 1352 1114 timeo,

199 1141 345 1199 incertum
370 1140 426 1198 hoe
450 1156 589 1214 quorsum
613 1140 738 1200 aecidat.
785 1136 910 1201 Phorm.
935 1135 989 1215 IV,
1015 1140 1044 1214 3,
1069 1140 1102 1199 3:
1149 1138 1248 1209 Quum
1272 1137 1355 1195 1111111

200 1237 344 1298 aduentus
372 1237 458 1296 huius
489 1254 546 1311 quo
576 1238 702 1312 inpellat
729 1244 854 1313 patrem.
901 1236 980 1299 Eun.
1005 1233 1061 1312 IV,
1085 1238 1114 1312 3,
1138 1238 1171 1296 2:
1203 1234 1265 1295 hoo
1290 1234 1355 1309 quid

200 1335 241 1394 sit
262 1350 373 1394 vereor.

285 1428 388 1509 Saepe
412 1430 542 1495 verbum
562 1429 763 1494 transitivum
779 1433 949 1502 redemtorem
964 1426 1229 1511 significationem
1247 1428 1354 1506 induit,

200 1526 232 1590 in
255 1543 318 1607 qua
341 1532 448 1591 tumen
470 1546 506 1591 re
529 1528 701 1593 euveudum
727 1535 776 1593 est
799 1547 839 1593 ue
855 1528 980 1607 ellipsin
996 1534 1142 1591 stuatuas
1159 1526 1354 1606 pronominis

201 1622 348 1705 reflexim,
383 1626 538 1704 siquidem
570 1625 638 1691 sola
671 1626 823 1707 cogitatio
857 1626 990 1691 actionis
1020 1625 1123 1690 auimo
1154 1624 1350 1690 obversatur.

200 1724 250 1787 De
277 1722 409 1788 Graecis
438 1724 509 1788 vide
538 1725 654 1790 Bernh.
683 1743 713 1804 p.
742 1730 803 1790 339
833 1741 899 1804 sqq.
945 1723 1024 1789 Catu
1054 1721 1345 1803 fr.orig.l.1ap.

201 1818 283 1885 Gell.
300 1819 419 1900 XVIII,
441 1826 487 1901 12,
511 1823 580 1899 §72
604 1842 640 1885 eo
664 1844 713 1886 res
735 1843 837 1885 eorum
858 1826 952 1885 erexit.
996 1821 1089 1885 Ennii
1110 1819 1184 1883 119
1208 1816 1345 1900 Telephi:

201 1921 242 1980 Et
272 1922 422 1981 civitatem
453 1924 538 1982 video
566 1926 705 1999 Argivum
730 1923 887 2001 incendere
917 1920 967 1993 [Ν.
992 1940 1019 1985 v.
1049 1919 1187 1998 civitas),
1216 1921 1259 1984 ad
1288 1936 1314 1998 q.
1331 1915 1348 1979 l.

201 2016 308 2080 Both:
354 2016 427 2097 „Sic
450 2017 532 2097 libri,
561 2019 736 2099 accipiente
760 2018 1084 2084 Meroeruincendere
1105 2017 1237 2097 passiva
1262 2016 1349 2097 signi·

201 2110 358 2194 damtione,
381 2121 418 2179 ut
433 2116 557 2195 vehere,
582 2126 717 2194 vertere,
739 2122 873 2196 mutare,
896 2134 1034 2185 movere,
1050 2114 1223 2193 insinuare,
1241 2131 1351 2195 suppe-

202 2211 315 2292 ditare,
337 2230 477 2294 aequare
500 2221 561 2280 cet.
606 2214 703 2280 Soriv.
737 2222 845 2279 tamen
871 2214 1042 2278 seeundum
1072 2212 1152 2276 alios
1173 2212 1351 2274 ismendier.“

200 2310 303 2376 Plant.
332 2310 447 2377 Bacch.
477 2312 514 2392 V,
545 2319 572 2393 1,
597 2316 652 2377 20:
698 2317 785 2376 Unde
813 2314 911 2389 netad,
943 2310 971 2375 h.
996 2330 1022 2376 u.
1047 2311 1115 2391 ogis
1139 2316 1181 2389 te,
1205 2329 1236 2372 r.
1259 2310 1352 2373 adno-

201 2410 355 2474 tationem
383 2409 588 2476 Tanbmunni.
635 2410 723 2491 Capt.
752 2410 812 2488 III,
844 2417 870 2487 1,
894 2416 950 2473 37:
983 2422 1029 2472 est
1058 2413 1103 2471 illi
1131 2413 1170 2471 mi
1197 2430 1260 2472 uua
1288 2428 1350 2484 spus

203 2512 353 2571 cenatica:
409 2512 440 2571 si
477 2529 513 2572 ea
546 2510 701 2586 meetabet,
739 2511 843 2572 redibo
879 2514 935 2571 huo
970 2512 1007 2570 ad
1041 2527 1155 2582 senem,
1194 2508 1235 2572 ad
1271 2526 1299 2588 q.
1332 2504 1350 2569 1.

201 2605 357 2672 Ground:
408 2608 674 2688 „Intelligendum
704 2626 875 2684 pronomen
903 2628 946 2669 se:
984 2608 1029 2671 sie
1056 2607 1154 2686 igitur
1180 2625 1247 2682 spes
1276 2609 1352 2667 deuo

201 2707 253 2774 lut,
280 2723 394 2786 nempe
418 2724 451 2769 se
474 2705 586 2785 ipsam,
609 2723 690 2785 quae
706 2706 826 2783 defluit,
850 2705 969 2783 interit,
992 2704 1202 2769 sublabitur.“
1248 2704 1350 2768 Lind:

202 2803 302 2882 „Spes
335 2806 468 2865 deuoture
501 2803 631 2882 dicitnr,
666 2821 761 2884 quum
796 2802 886 2868 fallit.
938 2802 1069 2883 Proprie
1104 2802 1186 2865 enirn
1222 2805 1351 2865 deaotme

201 2900 337 2965 activum
362 2906 411 2964 est
432 2900 580 2980 idemque
607 2903 692 2980 quod
714 2922 769 2979 per
791 2907 887 2965 colum
910 2907 1124 2963 transmittere.
1169 2900 1252 2963 Turn
1277 2916 1348 2964 veru

202 2998 394 3062 intransitivi
417 2999 577 3063 notionem
601 3000 726 3080 accipit,
749 3006 786 3064 ut
807 3000 879 3064 Cas.
904 2999 945 3078 11,
966 3007 995 3078 4,
1021 3003 1077 3062 28:
1115 3001 1146 3060 Si
1169 3019 1234 3061 sors
1256 3008 1349 3060 auten

201 3098 360 3161 deeolessit.
409 3101 458 3160 Sic
488 3102 576 3175 plane
608 3108 771 3163 nostrates:
822 3095 884 3162 &ie
914 3095 1085 3179 hohuuuq.
1116 3098 1174 3158 bah
1204 3090 1289 3158 ssoob
1319 3090 1350 3171 id

201 3193 450 3279 butdpqtiusstn.“
496 3195 560 3260 Mil.
584 3195 638 3274 lv,
656 3202 684 3276 3,
701 3202 755 3259 37:
781 3200 927 3273 Numquid
952 3199 1067 3257 videtur
1089 3199 1240 3255 demutare
1265 3205 1349 3271 utque

201 3300 234 3355 ut
271 3297 387 3371 quidem
426 3298 494 3356 Dixi
533 3315 599 3357 esse
637 3298 719 3357 vobis
757 3297 865 3355 dudum
903 3298 980 3356 hune
1018 3297 1171 3354 moechum
1208 3292 1349 3354 militem?

201 3390 355 3457 Lindem:
379 3397 561 3469 „Demutsre
584 3392 786 3456 intrunSItiva
808 3394 943 3462 notione,
967 3396 1042 3453 alius
1058 3410 1134 3464 esse,
1160 3395 1236 3452 alius
1257 3391 1350 3452 fieri.“

201 3486 273 3552 Cae.
301 3489 343 3568 ΙΙ,
368 3496 396 3569 5,
420 3497 473 3556 30:
519 3495 664 3567 Opinione
697 3494 803 3552 melius
834 3510 883 3553 res
912 3495 967 3552 tibi
998 3492 1104 3550 habeat
1130 3498 1190 3549 tua
1238 3487 1346 3567 Amph.

200 3584 295 3666 11,2‚
322 3593 394 3652 170:
439 3592 563 3653 hauan.
609 3587 681 3651 AM.
727 3591 813 3666 Quid,
838 3599 993 3665 postquam
1017 3589 1098 3646 levi?
1143 3585 1346 3664 11111113,

201 3702 230 3750 v.
257 3693 356 3751 1-4:

330 3788 422 3847 Piscis
445 3805 499 3862 eqo
523 3788 622 3859 eredo,
646 3789 695 3861 qui
718 3803 811 3862 usque
837 3787 904 3845 dnm
928 3787 1035 3855 vivont,
1059 3785 1171 3857 biberet,

330 3886 428 3946 Minus
453 3885 502 3945 diu
525 3888 635 3952 lauare,
658 3904 745 3959 quarn
769 3886 842 3944 haee
867 3885 949 3943 levat
974 3883 1175 3943 Phronesium.

329 3983 359 4042 Si
382 3986 508 4059 proinde
531 3992 666 4044 amentur
689 3984 839 4054 mulieres,
864 3983 913 4047 diu
936 3997 1022 4054 quam
1047 3981 1157 4047 moeret,

329 4084 438 4142 Omnes
462 4090 595 4142 amantes
619 4082 810 4142 balneatores
835 4081 922 4150 sient,

200 4177 241 4242 ed
264 4194 292 4256 q.
317 4178 336 4240 1.
361 4177 545 4242 Turnebus:
592 4177 746 4256 „Plautus
769 4176 946 4240 aVarrone
969 4175 1082 4239 leviter
1097 4173 1349 4254 reprehenditur,

202 4276 256 4354 qui
293 4282 404 4340 eontra
440 4275 617 4356 analogiam
656 4275 782 4340 loeutus
820 4273 862 4338 sit
899 4279 931 4337 ut
971 4277 1073 4334 lavore
1110 4272 1245 4337 dixerit.
1282 4289 1348 4335 eum

200 4372 365 4438 debuisset
388 4376 512 4438 lavari.“
556 4373 602 4438 Ib.
626 4373 667 4454 11,
691 4381 722 4453 1,
746 4378 800 4437 27:
845 4375 963 4435 1111111
986 4374 1064 4432 iam?
1109 4370 1237 4435 Terent.
1255 4370 1347 4434 Andr.
