3125 5075
252 279 316 338 268
678 271 833 312 nunaunt.
855 273 918 313 cnl’.
932 273 972 314 ΙΙΙ.

251 448 384 508 infirmas
406 448 526 522 nuptias
548 448 647 509 Hasee
670 465 747 511 esse.
785 443 902 510 fleant
926 444 983 524 IV,
1008 449 1035 526 l,
1059 449 1115 510 53:
1137 447 1205 508 Non
1229 449 1298 510 lieet
1320 449 1415 510 555ιί-

250 561 320 606 aean
340 560 403 606 esse
425 563 515 621 saepe
539 549 581 608 its
603 553 637 607 ut
658 549 731 608 volt.
769 543 887 609 Heaut.
909 539 966 621 IV,
990 547 1020 620 2,
1044 547 1076 607 5:
1100 545 1125 606 si
1147 547 1221 607 lieet
1241 563 1291 608 me
1315 551 1412 610 latere

251 649 337 704 tenta
365 643 538 704 abscedere·
582 642 700 708 Heaut.
740 641 784 722 ΙΙ,
806 649 837 721 4,
861 646 895 706 8:
940 642 1072 717 Expedit
1098 641 1192 706 bonas
1222 661 1291 706 esse
1318 647 1412 708 vobis

249 736 377 803 Phorm.
408 739 447 818 V,
469 743 499 820 2,
525 745 560 805 l:
604 749 638 803 nl
659 745 755 804 malos
777 741 919 817 expediat
940 755 1016 802 esse.
1061 737 1177 804 Heaui.
1211 737 1272 819 ΙΙΙ,
1298 745 1328 821 2,
1352 745 1410 808 25;

249 839 334 900 Haeo
350 838 431 900 iacta
452 841 490 899 ab
512 841 566 902 illo
588 842 757 916 oportebat,
780 841 865 915 Syre.
890 833 1022 916 Adelph.
1043 835 1085 915 ΙΙ,
1103 841 1131 915 2,
1156 839 1188 900 6:
1212 840 1412 903 Adulescenti

250 953 362 997 morem
384 943 501 1012 gestum
524 939 667 1014 oportuit.
705 935 786 1000 And.
810 933 835 1014 I,
859 939 889 1012 5,
911 941 946 998 4:
975 937 1081 997 Nonne
1103 938 1187 1012 prius
1209 940 1411 1000 eommunice-

249 1038 312 1094 tunn
335 1037 471 1110 oportuit
486 1036 560 1111 (esse
582 1033 649 1098 sive
674 1035 769 1108 stesso
794 1033 947 1096 omissum
970 1036 1035 1110 est,
1072 1051 1102 1097 v.
1122 1031 1227 1097 Rudd.
1265 1051 1297 1113 p.
1321 1033 1410 1110 208).

250 1129 349 1194 Andr.
379 1130 405 1207 Ι,
429 1135 458 1209 5,
482 1135 540 1196 3οτ
584 1135 643 1193 Sed
667 1150 746 1192 nune
768 1139 915 1207 peropust
936 1141 988 1191 aut
1017 1133 1096 1191 hune
1119 1148 1185 1192 eum
1207 1133 1276 1208 ipsu
1298 1141 1352 1195 sut
1373 1135 1409 1195 de

251 1230 307 1293 illa
320 1247 368 1290 me
383 1231 542 1291 advorsum
557 1232 636 1292 hune
652 1231 743 1306 loqui.
767 1226 902 1306 Adelph.
925 1225 968 1306 II,
983 1233 1013 1306 4,
1030 1231 1059 1292 8.
1073 1231 1109 1292 9:
1134 1231 1199 1290 Hoe
1221 1231 1295 1292 mihi
1317 1231 1410 1310 dolet,

248 1345 304 1390 nos
326 1345 395 1388 sero
417 1329 545 1389 rescisse
568 1337 600 1388 et
621 1345 716 1403 paene
744 1329 774 1387 in
798 1345 864 1387 eum
887 1345 950 1388 rem
979 1330 1076 1388 locum
1099 1327 1239 1403 Redisse,
1278 1337 1312 1390 ut
1335 1332 1407 1394 eeit.

247 1421 330 1488 Eun.
374 1421 434 1502 111,
457 1429 487 1502 2,
510 1429 565 1488 33:
609 1427 746 1501 Adparet
773 1442 889 1486 servom
918 1426 996 1486 hune
1024 1442 1092 1487 esse
1122 1426 1232 1487 domini
1255 1429 1406 1503 pauperia

247 1521 326 1587 Hec.
347 1520 408 1601 ΙΙΙ,
432 1525 461 1595 5,
483 1528 522 1586 4:
546 1525 666 1584 Certum
688 1522 838 1584 offirmare
862 1530 910 1583 est
931 1524 1007 1584 viam
1029 1541 1086 1585 me.
1112 1521 1189 1588 Hee.
1211 1521 1273 1602 ΙΙΙ,
1299 1529 1328 1606 l,
1351 1527 1406 1590 46:

249 1623 370 1682 Perisse
392 1639 440 1681 me
464 1639 523 1682 una
545 1623 623 1682 hand
652 1623 811 1682 dubiumst
855 1618 988 1700 Adelph.
1032 1618 1087 1700 IV,
1112 1625 1141 1700 5,
1164 1625 1219 1685 52:
1265 1625 1407 1702 virginem

250 1721 373 1796 vitiasti,
398 1739 484 1796 qnam
507 1727 537 1780 te
560 1739 618 1780 nou
642 1722 687 1780 ius
713 1719 812 1782 iuerat
834 1727 966 1795 tangere.
990 1716 1124 1798 Adelph.
1147 1716 1174 1795 I,
1198 1723 1227 1798 2,
1252 1723 1310 1786 32;
1341 1723 1406 1784 Non

249 1828 297 1883 est
318 1821 465 1894 flagitium
488 1816 590 1878 iacere
613 1819 688 1878 haee
711 1817 988 1879 adulescentulum?
1023 1815 1121 1882 Andr.
1143 1815 1201 1898 IV,
1226 1825 1254 1898 l,
1279 1823 1298 1884 7
1305 1839 1313 1884 :
1338 1823 1406 1883 Post

250 1919 302 1980 ubi
324 1923 456 1992 tempnst
478 1917 626 1991 promissa
652 1917 710 1976 iarn
738 1916 853 1991 perlici.
897 1914 975 1979 Hee.
1021 1914 1215 1993 111,1,33:
1262 1919 1405 1980 Fortasse

250 2033 344 2076 anam
365 2015 486 2088 aliqtaod
506 2016 628 2075 verdariae
650 2015 802 2075 intereas
823 2017 897 2075 iram
913 2016 991 2076 hane
1013 2011 1180 2084 55555555εὲ,
1203 2032 1264 2078 ere.
1288 2013 1405 2080 Heleni.

246 2110 304 2192 IV,
326 2115 357 2192 8,
382 2116 438 2176 16:
484 2113 608 2174 Scilicet
631 2115 787 2174 Daturum.
833 2109 1069 2192 Heaut.11,3,
1095 2117 1169 2178 118:
1208 2115 1405 2176 scilieetl's·

248 2219 363 2275 eturum
386 2229 433 2272 me
458 2228 535 2273 esse.
557 2209 596 2287 V,
624 2215 650 2288 l,
676 2215 731 2274 19:
755 2212 903 2272 continuo
926 2211 1065 2273 iniecisse
1087 2213 1179 2274 verba
1201 2213 1257 2274 tibi
1280 2213 1406 2275 Dromo·

247 2329 316 2373 nem
338 2313 466 2373 seilicet.
510 2307 617 2372 Etiam
647 2325 667 2370 n
689 2306 840 2372 Terentio
873 2325 937 2372 aec.
967 2325 991 2371 e.
1016 2306 1070 2372 ini.
1095 2307 1242 2388 plurimis
1271 2307 1353 2374 loeis
1374 2309 1411 2374 in

250 2406 506 2498 interrogatione
530 2410 564 2468 et
587 2403 817 2470 exclamatione
839 2409 977 2486 ponitur.
1000 2409 1118 2473 Heaut.
1141 2406 1200 2486 ΙΙΙ,
1226 2413 1255 2486 l,
1279 2413 1337 2474 94:
1360 2411 1414 2471 lta

249 2514 454 2583 comparatam
483 2523 549 2566 esso
577 2505 729 2567 hominum
757 2515 893 2569 naturam
925 2511 1070 2583 omnium,
1107 2510 1213 2569 Aliena
1239 2515 1275 2569 ut
1300 2509 1417 2571 melius

247 2606 368 2668 videant
390 2614 422 2666 et
444 2606 609 2667 diiudicent
631 2607 725 2678 Quam
748 2607 822 2666 sua?
845 2605 944 2670 Andr.
967 2604 1010 2684 ΙΙ,
1034 2610 1063 2683 5,
1090 2610 1143 2671 14:
1164 2608 1296 2668 Nullane
1318 2608 1350 2667 in
1372 2624 1417 2667 re

249 2720 317 2765 esse
341 2704 499 2778 quoiquam
522 2704 633 2763 homini
656 2703 759 2767 iidem!
804 2702 863 2781 III,
888 2708 917 2781 5,
942 2708 973 2765 3:
1018 2706 1130 2766 Servon
1157 2704 1295 2767 fortunas
1322 2722 1446 2765 mesffi

245 2818 293 2861 me
317 2802 501 2862 commisisse
524 2800 632 2860 futtili!
660 2798 715 2878 lV,
739 2804 769 2880 2,
793 2804 825 2865 6:
849 2804 930 2863 Siein
952 2820 999 2863 me
1020 2811 1109 2879 atque
1132 2804 1213 2865 illam
1237 2819 1334 2877 opera
1354 2810 1473 2864 tun-

246 2916 326 2960 nane
349 2900 475 2959 miseros
496 2900 668 2959 sollicitari!
713 2902 742 2976 3,
769 2903 800 2963 1:
844 2902 933 2961 Nilne
962 2918 1028 2961 esso
1051 2903 1203 2977 proprium
1225 2890 1477 2977 quoiquam?

245 2996 327 3059 Eun.
373 2992 415 3071 ΙΙ,
440 3000 467 3075 1,
493 3000 547 3059 19:
592 2997 688 3057 adeon
712 2998 848 3058 homines
871 3000 1048 3059 inmutarier
1070 3000 1117 3059 Ex
1139 3014 1248 3060 umore.
1292 3002 1323 3075 3,
1349 3000 1482 3063 695

247 3111 443 3170 numquamne
476 3096 565 3154 etiam
596 3112 643 3156 me
671 3097 752 3155 illam
780 3095 933 3169 vidissel,
970 3094 1055 3175 quod
1086 3099 1138 3159 est
1163 3092 1484 3159 stomachanlisae·

243 3190 326 3255 Eun.
349 3187 410 3266 ΙΙΙ,
434 3194 463 3268 5,
488 3194 522 3253 5:
552 3192 612 3251 Sed
633 3194 819 3253 neminemne
843 3194 991 3254 curiosum
1014 3196 1196 3255 intervenire
1220 3212 1300 3255 nune
1325 3194 1394 3255 mibi
1445 3220 1488 3241 Α

243 3286 361 3353 lleaut.
398 3286 441 3368 ΙΙ,
463 3293 495 3365 4,
518 3292 574 3353 21:
609 3291 705 3350 Hoein
728 3308 775 3351 me
798 3293 938 3352 miserum
962 3310 1020 3351 non
1043 3293 1135 3353 lieere
1157 3309 1224 3354 meo
1248 3294 1338 3355 modo
1359 3294 1490 3353 lnae-

242 3388 360 3463 genium
383 3386 468 3448 frui?
490 3383 550 3463 ΙΙΙ,
576 3391 603 3463 l,
626 3392 681 3451 94:
705 3389 752 3447 lta
775 3396 977 3464 comparatum
1000 3406 1066 3450 esse
1091 3390 1240 3450 hominnm
1265 3388 1490 3452 natumst:

245 3486 374 3545 omnium
399 3486 472 3547 cett.
517 3481 555 3561 V,
583 3488 609 3561 l,
632 3488 688 3548 48:
733 3486 814 3545 Tene
837 3488 914 3546 istae
937 3487 1038 3563 loqui?
1081 3484 1197 3551 fleant.
1228 3484 1268 3565 V,
1291 3490 1323 3567 2,
1346 3490 1419 3551 27:
1484 3484 1490 3527 ἶ

241 3582 347 3643 Adeon
369 3598 433 3641 rem
455 3582 590 3643 rediisse.
614 3580 754 3661 Adelph.
778 3580 804 3661 Ι,
831 3587 857 3659 l,
885 3586 937 3645 13:
962 3602 1176 3660 quemquamne
1199 3584 1350 3647 hominem
1372 3582 1490 3647 affl

241 3681 370 3740 animum
391 3680 551 3739 instituere
574 3687 626 3741 aut
647 3682 704 3742 sibi
727 3682 838 3741 Parare
868 3682 947 3756 quod
972 3684 1013 3741 sit
1034 3684 1134 3743 carius
1155 3700 1243 3757 quum
1266 3686 1334 3759 ipse
1356 3684 1469 3745 es'
1483 3669 1490 3719 ¹

241 3776 322 3839 sibi?
357 3773 484 3839 Phorm.
508 3773 569 3851 ΙΙΙ,
596 3781 622 3853 l,
646 3782 680 3840 2:
705 3781 790 3839 Itane
814 3784 843 3837 te
867 3779 935 3838 hine
959 3780 1058 3841 abisse
1082 3787 1113 3841 et
1134 3783 1225 3841 vitam
1249 3788 1332 3843 tusrn
1354 3790 1490 3841 tuf

240 3876 360 3937 undam
384 3876 451 3936 aliis
474 3875 614 3935 dedisse?
656 3872 734 3938 Hee.
767 3872 823 3949 IV,
846 3880 876 3953 4,
900 3879 955 3939 23:
992 3879 1093 3938 Nosne
1124 3878 1181 3938 hoe
1204 3880 1319 3939 celatos
1343 3872 1490 3939 nard

240 3972 316 4034 diu?
359 3970 456 4035 Andr.
489 3968 516 4048 Ι,
540 3976 569 4051 5,
596 3973 647 4035 1οτ
679 3972 785 4033 Adeon
804 3974 952 4034 hominem
980 3990 1047 4035 esse
1070 3978 1258 4037 invenustum
1281 3983 1334 4037 sut
1356 3977 1489 4035 inf

242 4069 361 4131 felicem
385 4088 571 4147 quemquam,
598 4077 630 4129 at
653 4088 707 4145 eqo
731 4070 819 4131 sum?
863 4068 903 4133 ad
926 4088 955 4151 q.
979 4069 1000 4133 l.
1025 4070 1250 4136 Ruhnkenius:
1289 4064 1486 4149 „hieess

238 4163 412 4231 infinitivus
434 4165 513 4229 nihil
535 4164 642 4245 habet,
679 4182 783 4246 aqna
807 4167 956 4247 pendeat,
994 4169 1051 4233 sed
1074 4168 1119 4233 sie
1141 4174 1270 4234 veteres
1292 4166 1476 4233 indui-f

242 4260 309 4326 tivo
330 4264 378 4327 uti
400 4262 505 4329 solent
527 4262 560 4327 in
582 4263 846 4329 admirationibus
869 4271 901 4330 ot
922 4264 1210 4347 indignationibus,
1241 4266 1470 4332 subintel!
