3125 5075
277 362 345 426 mo
645 343 856 390 *amm
872 361 895 373 ··
910 343 974 388 w.
986 339 1045 384 ΙΝ.

277 542 473 619 mailliapar
487 538 616 615 perdidi·
645 533 713 610 (sm
728 534 889 616 sagaciter
903 530 1207 610 monomachias,
1230 543 1333 610 quum
1347 522 1437 605 wiso

277 635 459 717 lugeretur:
493 637 562 711 plna
593 636 696 697 donam
727 635 827 711 pondo
863 634 974 694 amorio
1003 649 1032 707 p.
1063 633 1147 707 pand.
1194 623 1321 707 AOpg:
1353 627 1435 686 moria

277 734 459 811 pausiliipor
486 733 625 808 perdidi).
655 728 770 794 Caedi.
786 728 867 794 sut.
890 727 928 792 fr.
951 726 1157 792 Falluciue‘it
1181 728 1274 790 rolin
1290 724 1437 801 pauiiw

280 832 476 907 (cooperiri.
501 860 540 873 -
567 824 769 904 Quantiapari
793 858 831 871 -
855 828 922 887 Non
939 826 1013 900 piar
1034 825 1177 887 iriam
1209 822 1347 887 Terent.
1361 817 1438 889 iim.

278 925 376 1005 11,1‚
406 930 460 991 32:
488 928 559 988 Plus
587 929 714 989 miliana.
766 921 902 1003 Adelph.
930 921 982 1002 ΙΙ,
1009 925 1042 1001 1,
1063 925 1123 987 46:
1157 921 1237 983 Pica
1269 921 1439 995 maior

281 1025 422 1099 wodor
442 1023 567 1099 infregit
586 1026 668 1085 mihi.

365 1117 600 1199 Nonnunquam
622 1117 773 1184 aPlauio
795 1135 886 1192 oeque
907 1116 959 1182 uel
980 1118 1115 1191 odom
1128 1131 1202 1179 cnm
1223 1111 1440 1196 comparativo

280 1214 494 1297 coniungitur.
539 1215 591 1281 sic
613 1214 705 1295 capt.
726 1214 788 1295 ΙΙΙ,
811 1222 846 1294 5,
868 1217 927 1279 42:
958 1234 1054 1291 aequo
1082 1216 1197 1274 meiius.
1245 1210 1439 1290 1v‚u‚48:

281 1315 480 1388 uninomina
504 1313 680 1392 [homiuum]
707 1315 839 1387 Maroae
864 1330 952 1374 nomo
978 1314 1050 1373 vivit
1070 1311 1277 1385 (mmor,
1305 1307 1349 1372 ad
1370 1305 1439 1387 (ai

280 1408 536 1475 Lindemanuus:
571 1411 699 1490 „Aeon
721 1428 793 1476 cum
816 1409 1032 1489 comparativo
1055 1411 1106 1471 est
1135 1408 1254 1469 uniat
1283 1401 1439 1488 giriden

281 1502 602 1587 meridiandum,
627 1508 657 1571 h,
680 1526 707 1572 o.
731 1511 860 1572 caetera
881 1504 909 1570 ai
931 1506 995 1570 sint
1017 1504 1118 1584 paria.
1148 1501 1330 1567 Lambinus
1352 1502 1442 1565 aliter

281 1601 430 1683 explicat.
487 1602 605 1670 Ionon
628 1603 695 1670 aine
717 1604 786 1669 veri
808 1604 916 1684 specie
937 1607 1031 1685 putat
1053 1599 1133 1665 duna
1156 1617 1279 1679 euaquc
1299 1599 1439 1663 diversas

281 1704 460 1766 auucturaa
486 1700 520 1764 in
547 1718 642 1766 unam
665 1699 814 1766 confusas
836 1717 924 1780 ease,
952 1701 999 1790 iia
1025 1703 1061 1764 ut
1090 1700 1225 1773 adam
1252 1699 1441 1771 semotior

281 1795 325 1864 aii
346 1798 532 1871 fortunatior
554 1803 588 1863 et
610 1816 700 1874 arcae
721 1799 903 1872 sortiamini.
939 1797 1040 1861 Nemo
1062 1795 1225 1859 homiuum
1250 1812 1359 1875 neque
1380 1791 1440 1857 for·

281 1892 424 1957 iunctior
445 1912 549 1974 nequo
570 1912 673 1975 acque
700 1894 882 1959 fortunatus
905 1894 998 1972 vivit,
1027 1910 1122 1973 quam
1145 1890 1228 1956 ille.“
1276 1892 1379 1957 Mero.
1401 1889 1439 1967 IL

282 1995 312 2070 3,
337 1996 373 2054 1;
401 1996 497 2055 Homo
520 2013 565 2055 me
588 1995 725 2055 miserior
749 1996 848 2055 nuilus
874 2003 923 2055 aot
949 2009 1049 2067 mque.
1100 1990 1145 2053 Et
1174 1989 1220 2054 sic
1255 1991 1302 2067 (v.
1330 1988 1440 2053 Fleck-

282 2087 379 2152 eisen.
411 2088 459 2153 ed.
486 2088 590 2154 Plaut.
617 2088 652 2154 T.
676 2089 692 2154 1
720 2107 751 2170 p.
775 2088 831 2169 26)
864 2090 960 2155 etiam
993 2087 1058 2152 Mil.
1088 2104 1118 2152 r.
1147 2090 1210 2151 552
1238 2085 1438 2171 ambrosiani

283 2185 444 2267 scriptura
465 2192 553 2252 recte
576 2205 611 2251 so
632 2186 745 2252 nabet:
772 2190 849 2249 Nam
877 2206 913 2249 ex
937 2206 996 2249 uno
1017 2196 1108 2264 puteo
1130 2185 1262 2245 similior
1285 2201 1438 2261 numqua!

281 2287 362 2361 potia
388 2288 476 2360 aqua
496 2302 588 2359 orooro
610 2289 685 2346 sumi
709 2283 808 2365 (vulg.
834 2302 932 2359 oquae
956 2301 1015 2364 pro
1037 2302 1144 2358 ocum,
1167 2279 1307 2345 Bothius
1328 2281 1438 2357 aquai).

369 2378 488 2445 Omnes
510 2388 576 2444 troo
599 2380 719 2461 gradus
733 2381 978 2462 comparationis
1000 2386 1158 2461 apparent
1174 2376 1267 2457 cnm
1283 2376 1348 2458 111,
1366 2383 1393 2453 1,
1409 2383 1437 2440 l:

347 2480 444 2540 Mirer
467 2481 594 2556 honoro,
617 2482 668 2557 qui
690 2482 773 2556 ipaua
796 2482 854 2543 sibi
876 2482 955 2556 qnod
978 2482 1040 2542 edit
1052 2481 1173 2556 quaerit
1200 2483 1231 2539 et
1255 2478 1288 2536 id
1309 2494 1400 2554 aegra

932 2582 1053 2641 invonit

348 2675 401 2734 Set
422 2675 506 2735 illest
526 2675 677 2751 miserior,
701 2678 751 2751 qni
774 2685 806 2736 et
828 2694 916 2752 aegro
940 2679 1110 2753 quaeritet
1133 2675 1207 2734 nihil
1230 2673 1358 2735 invenit„

287 2820 290 2825 .
347 2773 404 2831 Illo
426 2773 637 2833 accurramus
667 2784 729 2840 ost,
756 2776 821 2851 qui,
849 2793 936 2849 quom
966 2792 1034 2834 osso
1061 2775 1172 2849 cupiit,
1208 2772 1289 2846 quod
1317 2771 1381 2831 cdii

912 2872 1092 2931 nonhabet.

283 2958 530 3040 comparativus
566 2969 600 3028 et
636 2965 854 3046 superlativus
894 2967 1019 3032 Torani.
1059 2963 1194 3043 Adelph.
1233 2962 1278 3041 V,
1309 2966 1348 3031 8,
1385 2965 1436 3025 18:

280 3062 363 3137 Age,
398 3063 469 3137 quid
502 3064 598 3139 siquid
622 3067 771 3126 tamaium
795 3067 880 3127 oret?
923 3064 981 3128 Ml.
1018 3067 1109 3140 Quasi
1139 3081 1197 3123 non
1228 3063 1289 3123 hoo
1316 3065 1356 3123 nii
1378 3077 1436 3120 roc·

280 3174 413 3219 numum.

368 3255 576 3329 Superiotioca
603 3255 643 3319 de
670 3256 795 3320 duobus
824 3264 999 3338 usurpatus
1026 3265 1077 3323 ost
1102 3257 1161 3320 Ad.
1186 3255 1224 3335 V,
1252 3263 1290 3336 4,
1320 3261 1378 3319 27:
1409 3254 1436 3316 id

283 3368 351 3412 man
372 3357 500 3412 minume
524 3370 557 3412 re
581 3353 651 3427 fert,
674 3358 725 3429 qui
747 3374 812 3416 aum
835 3367 905 3417 natu
920 3374 1087 3424 maxumus,
1103 3382 1142 3406 =
1159 3354 1276 3431 maior3
1301 3351 1436 3432 loquitur

282 3446 366 3510 onim
397 3449 517 3511 Demea
543 3449 667 3514 ratione
694 3449 806 3514 habito
835 3452 942 3515 fratria
971 3453 1123 3516 Minionis.
1151 3486 1194 3496 -
1220 3450 1279 3514 Vis
1312 3449 1437 3512 additur

283 3543 479 3624 superlativo
507 3543 648 3623 praefixo
677 3564 745 3612 voc.
772 3550 871 3624 ionae,
901 3558 937 3613 ut.
961 3550 1052 3613 Ennii
1079 3547 1182 3613 annal.
1214 3549 1234 3612 Ι.
1258 3546 1295 3626 Ι,
1321 3543 1361 3611 ir.
1388 3549 1434 3620 57,

283 3655 314 3702 v-
337 3645 388 3704 94.
431 3638 535 3704 Plano.
557 3640 653 3707 Most.
679 3643 739 3718 ΙΙΙ,
763 3646 797 3716 3,
821 3652 854 3709 8:
877 3651 980 3722 Loaye
1001 3650 1128 3708 omnium
1152 3649 1378 3721 lonqiaaumoat„

366 3735 471 3815 Saepe
509 3739 723 3817 superlativus
756 3740 829 3805 aliis
866 3743 1009 3808 formulis
1047 3744 1341 3821 circumscribitur,
1378 3753 1436 3821 quo

278 3830 444 3913 pertinent
478 3835 524 3894 m'i
552 3853 659 3911 supra,
697 3855 806 3919 praep.
840 3847 962 3914 praeter
991 3860 1061 3905 cum
1093 3842 1154 3905 adi.
1188 3860 1290 3903 omres
1324 3838 1377 3904 vel
1399 3854 1436 3898 α-

279 3931 337 4017 acri
382 3929 567 4009 coniuncta,
604 3932 741 4012 deniquo
785 3939 869 3997 houd
907 3941 971 3999 vidi
1010 3942 1115 4014 mcum.
1175 3938 1307 4002 Tcrcni.
1344 3934 1435 4001 Andr.

277 4020 314 4117 Ι,
339 4031 372 4104 1,
396 4030 451 4090 93:
475 4037 506 4088 et
528 4031 625 4103 voltu,
653 4034 749 4110 Sosin,
772 4037 856 4095 Adeo
879 4042 1026 4111 modesto,
1055 4046 1088 4098 ut
1108 4040 1156 4097 nil
1180 4055 1283 4110 cupra.
1307 4030 1435 4112 Adcipio

275 4118 326 4199 11,
356 4126 389 4202 3,
422 4127 475 4187 ll:
503 4126 560 4184 Nil
586 4131 665 4200 potia
694 4148 797 4204 cupra.
842 4130 948 4195 Plani.
986 4134 1097 4213 Amph.
1128 4134 1238 4212 11‚2,
1272 4137 1326 4197 10:
1354 4145 1433 4209 quen

278 4237 335 4295 ogo
371 4238 437 4282 anuo
464 4227 587 4296 praeeo
619 4228 724 4289 omnia.
769 4226 835 4290 Mil.
865 4226 923 4308 lv,
951 4237 985 4308 9,
1014 4237 1047 4295 o:
1075 4238 1202 4306 practer
1231 4236 1343 4291 ceteros
1373 4231 1433 4287 Duo

277 4315 310 4403 di
341 4335 430 4391 quem
464 4329 578 4381 curant.
623 4317 750 4387 Terent..
787 4325 886 4389 Andr.
923 4324 957 4399 Ι,
992 4335 1023 4408 1,
1057 4338 1112 4393 31:
1151 4333 1266 4391 Horum
1305 4329 1355 4387 ilio
1396 4324 1431 4382 nil
