3125 5075
499 394 590 437 cesta
604 395 874 437 superaffluentia
889 417 913 427 -
928 398 1066 437 ACCVSAT.
1295 407 1359 464 283

201 573 234 634 ez
252 569 345 632 tiodo
366 570 405 632 ot
426 573 597 649 obsequens
618 571 733 633 hilarus
756 575 849 634 comis
866 573 1046 647 Communis,
1071 603 1109 616 —
1134 573 1202 634 dum
1225 574 1258 633 id
1278 575 1358 652 quod

197 669 268 748 petit
286 669 417 746 potitur.
454 667 573 734 caecil.
596 667 678 734 Stat
701 667 740 734 ir.
764 669 1025 750 Harpazomeues
1041 671 1077 733 5:
1101 671 1159 745 Qut
1181 671 1270 734 homo
1292 673 1356 734 ine-

197 767 352 846 pttudinia
373 769 555 844 cumulatus,
578 767 691 829 saltam
710 767 828 829 otlits's
849 769 915 827 -i
957 764 1101 831 Plocium
1122 765 1160 830 ir.
1181 771 1209 848 l,
1231 785 1260 829 v.
1279 771 1358 832 1472

196 865 269 928 om
291 867 360 928 eiua
379 871 504 926 moriem
526 865 620 927 inhio.
663 863 728 929 Ine.
751 862 815 928 iab.
838 862 878 929 ir.
902 867 1088 942 Assequere
1110 883 1167 929 me.
1211 864 1356 932 Plocium

196 959 231 1028 ir.
251 965 287 1026 t:
323 965 521 1040 consequitur
541 981 641 1024 eomes
660 965 810 1024 insomsdo
837 965 913 1038 (aee.
942 961 1052 1038 Pium).
1096 961 1276 1028 Polumenis
1313 967 1356 1026 At

194 1063 242 1140 pei
262 1077 322 1140 ego
350 1079 449 1140 neque
471 1061 577 1123 dorem
600 1078 697 1138 neque
719 1060 830 1123 flocces
852 1063 919 1123 volo
941 1063 1023 1140 mihi,
1045 1064 1144 1122 sinum
1167 1065 1244 1124 eolo.
1287 1059 1354 1126 Ino.

195 1155 253 1224 fab.
278 1155 396 1240 men.
420 1165 455 1224 5:
487 1159 521 1220 Si
543 1160 751 1221 confidentiam
775 1160 914 1234 adhibes,
943 1159 1055 1232 confide
1081 1161 1190 1219 omnia
1234 1156 1271 1221 ir.
1295 1163 1353 1222 al:

196 1257 377 1320 diroatram
398 1257 503 1320 fidem!
547 1253 790 1336 Hurpazomene
812 1255 851 1320 ir.
875 1259 909 1319 6:
942 1259 1012 1334 quid
1041 1259 1096 1319 tibi
1124 1260 1283 1334 aucupatio
1305 1265 1353 1318 est

195 1353 412 1430 deponentem
432 1355 498 1414 -i
540 1352 606 1418 Ine.
629 1351 692 1418 tab.
713 1350 752 1417 fr.
776 1357 831 1417 312
861 1358 884 1418 0
909 1358 1011 1417 tristes
1034 1357 1179 1433 ineptias!
1223 1353 1350 1417 Terent.

196 1451 290 1516 Andr.
314 1449 376 1528 III,
399 1455 429 1532 3,
452 1455 486 1516 2:
519 1455 643 1530 Aliquot
669 1469 717 1514 me
745 1453 892 1514 adierunt.
938 1451 1016 1517 Hae.
1039 1451 1081 1532 ΙΙ,
1105 1455 1134 1530 2,
1158 1457 1193 1516 9:
1227 1453 1297 1513 Adii
1318 1459 1349 1512 te

196 1549 256 1612 ieri
277 1549 316 1612 de
337 1549 410 1612 nlla
454 1547 688 1628 Pharsalia,
711 1551 767 1612 17:
790 1553 814 1612 0
837 1552 995 1626 Phaedria,
1018 1553 1232 1624 incredibileet,
1257 1567 1349 1624 quau·

196 1653 252 1710 tun
272 1665 358 1710 mm
380 1655 450 1710 uate
470 1667 504 1712 ao
525 1651 683 1726 sapientia.
728 1645 807 1712 Hec.
829 1645 889 1726 ΙΙΙ,
914 1651 942 1722 3,
970 1651 1020 1713 18:
1049 1651 1106 1711 iam
1129 1656 1163 1709 nt
1184 1650 1274 1709 limen
1297 1663 1348 1707 ex-

194 1746 272 1820 nen,
292 1747 332 1808 ad
354 1763 453 1823 qaum
475 1749 595 1810 accidit.
640 1743 739 1808 Andr.
760 1743 788 1824 Ι,
812 1751 841 1825 3,
868 1749 922 1809 18:
945 1747 974 1808 Is
997 1747 1070 1808 obiit
1092 1754 1227 1809 mortem.
1265 1743 1346 1808 Eun.

195 1839 242 1919 ΙΙ,
256 1847 287 1920 2,
307 1847 361 1910 182
384 1847 495 1906 Villam
517 1853 677 1923 praetereo
699 1847 807 1908 solens.
851 1842 977 1908 Phorm.
994 1843 1018 1923 Ι,
1043 1850 1072 1922 4,
1096 1849 1154 1908 25:
1176 1845 1263 1905 sortis
1284 1841 1344 1904 lor-

195 1949 258 2002 tma
278 1943 410 2004 adiuret.
447 1941 547 2006 Andr.
563 1941 590 2021 I,
611 1947 641 2021 3,
662 1947 697 2006 4:
718 1943 946 2016 Pamphilamne
969 1943 1098 2004 adiutare
1120 1961 1158 2003 an
1182 1942 1345 2002 auscultem

195 2040 257 2100 aui
302 2035 430 2103 Phorm.
453 2038 479 2116 I,
503 2045 533 2121 2,
555 2043 613 2110 ae;
647 2043 753 2117 Neque
772 2059 816 2084 ·-
842 2043 1003 2116 Quisquam
1034 2042 1154 2116 aderat,
1190 2041 1240 2116 qni
1261 2039 1348 2099 udie-

195 2139 262 2197 teret
280 2137 385 2210 suasa.
420 2135 556 2218 Adelph.
572 2135 654 2217 prol.
669 2155 699 2202 v.
717 2139 773 2201 16:
797 2139 932 2199 homines
956 2140 1064 2199 nobilis
1087 2141 1170 2200 Eum
1192 2137 1338 2197 adissem

193 2231 480 2313 dealitate:
510 2237 556 2296 Tu
576 2238 680 2314 pueris
703 2253 805 2309 eurre,
837 2237 998 2309 Parmeno,
1032 2237 1147 2297 obviam
1178 2241 1267 2310 atque
1297 2235 1342 2295 eie

194 2349 275 2394 enam
296 2333 409 2394 adiuta
451 2331 534 2395 Eun.
557 2331 596 2408 V,
619 2337 649 2411 2,
675 2335 729 2396 162
761 2335 847 2394 Hane
876 2329 969 2393 moini
996 2350 1033 2393 ne
1063 2351 1109 2394 me
1133 2335 1342 2394 criminaretur

195 2427 249 2490 tini.
292 2425 371 2492 ileo.
394 2425 434 2504 V,
458 2432 488 2504 2,
511 2433 546 2493 6:
572 2433 637 2494 Nee
660 2433 711 2506 poi
733 2433 811 2491 istae
835 2439 969 2493 metuont
992 2432 1073 2504 deos,
1096 2447 1192 2506 neque
1217 2431 1270 2491 has
1294 2447 1343 2492 re·

196 2526 301 2601 meere
328 2527 404 2589 deos
433 2529 549 2604 opinor.
593 2527 676 2593 Eun.
699 2525 759 2606 ΙΙΙ,
785 2531 876 2597 562
904 2543 964 2606 sq:
997 2538 1098 2591 metuo
1135 2527 1259 2590 fratrem
1296 2531 1344 2591 Ne

196 2622 264 2687 iuius
288 2626 338 2686 eit.
383 2622 664 2705 Heaut.1,a,15;
686 2628 785 2688 Timet
805 2629 917 2689 omnia:
940 2630 1036 2703 patris
1059 2630 1143 2702 iram,
1167 2635 1198 2689 et
1213 2631 1342 2688 animum

195 2722 295 2783 amirae
317 2741 352 2784 se
374 2740 448 2797 erga
467 2731 502 2784 ut
523 2728 563 2786 sit
584 2743 665 2788 suae.
709 2723 790 2788 Eun.
808 2721 833 2799 Ι,
850 2727 878 2798 2,
900 2726 957 2787 80:
981 2732 1013 2785 et
1035 2728 1121 2786 istam
1144 2744 1222 2787 nune
1245 2728 1341 2800 times,

196 2818 266 2893 duaa
287 2820 462 2895 mseetast,
495 2840 533 2883 ue
556 2824 639 2885 illum
662 2824 752 2884 talem
774 2824 942 2898 praeripiat
968 2824 1032 2886 tibi.
1076 2823 1174 2888 Andr.
1198 2820 1224 2900 I,
1253 2827 1282 2899 3,
1306 2828 1342 2888 b:

194 2914 317 2981 tulum
345 2918 498 2997 relinquo,
532 2924 597 2982 eius
620 2922 698 2982 vitae
726 2922 829 2981 evaeo:
867 2921 912 2980 sin
941 2924 1085 2997 opitulor,
1120 2924 1207 2985 huius
1234 2924 1340 2986 minae.

193 3008 257 3081 dte.
279 3012 338 3094 IV,
364 3021 391 3079 l.
414 3020 471 3081 60:
504 3018 597 3082 Simul
623 3036 731 3080 uereor
752 3018 943 3093 Pamphilum
973 3037 1011 3080 ue
1039 3028 1126 3082 orata
1155 3028 1259 3082 nostra
1289 3038 1339 3083 ne·

192 3120 270 3189 queat
291 3114 404 3176 diutius
427 3116 544 3178 Celere.
589 3114 649 3181 Ad.
672 3114 731 3195 ΙΙΙ,
755 3118 785 3195 2,
809 3120 842 3179 2:
876 3122 974 3192 Atque
1006 3119 1073 3177 huie
1103 3122 1184 3180 malo
1212 3121 1341 3180 salutem

192 3220 336 3287 querant.
380 3210 500 3278 Heaut.
529 3212 585 3294 IV,
613 3216 651 3292 8,
675 3218 708 3275 3:
745 3217 788 3275 'Pe
823 3217 919 3291 ipsum
949 3218 1142 3292 quaerebam,
1187 3216 1339 3280 Chremes.

191 3302 306 3375 monn.
329 3308 370 3387 V,
398 3314 426 3389 1,
450 3314 485 3375 1:
518 3331 577 3389 quo
599 3314 725 3375 consilia
746 3314 822 3373 haee
850 3312 999 3373 referam?
1042 3311 1139 3377 Andr.
1163 3310 1222 3390 ΙΙΙ,
1251 3318 1282 3391 4,
1305 3314 1340 3375 6:

190 3420 233 3469 ros
252 3408 362 3469 celavi.
392 3406 473 3471 Eun.
490 3408 533 3489 II,
549 3414 578 3488 3,
595 3412 649 3475 55:
671 3412 803 3472 Comites
827 3412 922 3471 secuti
945 3413 1064 3472 scilieet
1086 3418 1155 3472 sunt
1177 3412 1341 3485 virginem?

187 3502 256 3567 iiiia
269 3506 357 3581 sequi
368 3502 496 3595 Ruhuk.
520 3506 561 3571 ad
577 3506 676 3572 Andr.
689 3506 745 3586 IV,
762 3512 791 3585 5,
811 3512 858 3572 16.
882 3508 980 3572 Andr.
994 3506 1049 3587 IV,
1067 3514 1096 3578 4,
1117 3510 1174 3570 25:
1197 3508 1245 3568 dio
1261 3509 1340 3585 quod

186 3618 258 3683 roqo.
304 3600 438 3683 ideal,
461 3607 490 3683 2,
514 3608 548 3669 2ε
581 3608 679 3668 Senex
697 3609 724 3668 si
746 3615 870 3683 quaeret
892 3626 953 3685 me,
980 3610 1069 3672 modo
1096 3609 1155 3668 isse
1179 3607 1270 3667 dieite
1292 3606 1340 3667 Ad

183 3706 295 3775 portum
318 3709 528 3777 percontatum
547 3706 705 3766 adveutum
726 3706 885 3780 Pamphili.
917 3705 1015 3770 Andr.
1037 3705 1116 3786 proi.
1136 3722 1164 3769 v.
1178 3709 1236 3769 2οε
1260 3706 1338 3779 Quo·

183 3814 241 3885 ran
257 3801 410 3860 melosa·
425 3807 549 3876 exoptat
563 3804 781 3878 neglegentiam
801 3804 903 3864 Potius
926 3822 1012 3881 quam
1036 3807 1159 3866 istorum
1182 3806 1338 3864 obscuram

184 3894 375 3975 diligentiam.
419 3896 501 3961 Eun.
517 3896 557 3978 V,
573 3902 603 3978 5,
626 3904 659 3963 d:
682 3901 775 3975 Quem
797 3904 994 3979 praestolare,
1018 3906 1173 3978 Parmeno,
1195 3904 1245 3962 hic
1268 3906 1338 3961 aute

183 3994 311 4057 eadum?
354 3992 436 4059 Eun.
460 3992 499 4072 V,
524 3998 552 4071 5,
576 4001 612 4059 72
647 4000 741 4072 Quem
763 4001 974 4075 praestolare?
1016 4000 1175 4065 Donatus:
1209 3998 1340 4077 „Inquit

183 4106 269 4167 nere,
289 4110 372 4159 non:
408 4094 465 4155 Gai
482 4096 682 4167 praestolare,
712 4094 768 4161 sed
791 4115 876 4171 quern
898 4095 985 4161 dixit
1033 4096 1136 4162 Aliter
1155 4094 1280 4160 Tullius
1305 4095 1337 4160 in

183 4184 363 4255 catilinam:
386 4186 450 4267 Qui
472 4189 530 4254 tibi
554 4191 595 4256 ad
617 4190 723 4257 iorum
738 4193 904 4259 Aurelium
928 4196 1211 4275 praestolarentur.
1246 4196 1338 4257 Prae-

184 4288 282 4347 meare
301 4294 354 4353 est
373 4292 506 4369 praesto
529 4305 601 4355 esse
623 4295 658 4354 et
679 4308 854 4372 apparere,
876 4289 936 4358 hoc
959 4298 1024 4371 est,
1048 4292 1210 4375 obsequi.“
1254 4292 1337 4360 Vide

187 4380 275 4450 etiam
296 4384 519 4469 Eugraplsinm
543 4390 576 4452 et
597 4384 731 4453 Taubm.
754 4388 795 4455 ad
811 4388 915 4455 Plaut.
931 4388 1024 4456 Tine.
1040 4390 1082 4471 11,
1100 4396 1129 4471 3,
1148 4397 1195 4457 15.
1218 4392 1337 4458 Heant.
