3125 5075
535 361 684 404 DOCTRIM
710 360 942 403 rharlcuuaamr.
1223 368 1285 431 359

130 553 234 630 ,paim
255 548 284 612 h.
308 549 326 613 l.
351 556 401 615 est
427 550 650 631 indignantis.“
685 549 818 631 Adelph.
847 549 901 624 IV,
929 555 958 629 5,
990 553 1043 613 22:
1074 552 1152 627 Quid
1181 553 1287 628 ipsae?

129 651 205 725 quid
229 651 327 709 aiunt?
371 648 431 713 Mi.
454 652 530 724 Quid
552 652 620 712 illas
644 650 770 712 censes?
792 654 834 711 nil
857 651 944 710 enim.

220 745 249 808 h.
294 745 337 809 Et
359 751 465 825 potest
487 746 551 810 alia
573 747 733 812 sententie
759 746 922 812 contraria
951 745 1077 827 opponi.
1114 745 1153 810 Id
1173 745 1284 811 distin·

133 843 218 908 etius
241 843 429 923 exprimitur
450 846 538 906 imore
560 848 646 908 carim.
691 843 753 909 Sed
783 842 916 923 simplex
939 846 1018 905 enim
1048 844 1143 909 etiam
1172 844 1219 908 ita
1240 845 1287 910 in-

132 939 254 1020 sertur,
277 946 314 1004 ut
336 959 375 1005 eu
397 941 617 1008 sententiaeb
639 943 741 1007 altero
765 940 1013 1020 colloquentium
1035 942 1200 1023 proposita
1221 942 1285 1007 alia

132 1039 348 1103 constituatur
375 1038 550 1119 sententia,
580 1057 662 1120 quae
695 1038 738 1104 sit
771 1038 938 1104 contraria
988 1037 1109 1113 (Hand.
1140 1056 1169 1120 p.
1200 1044 1285 1116 395.)

133 1136 239 1200 Plaut.
269 1136 382 1200 Pseud.
411 1138 442 1206 1.
469 1142 501 1216 l,
530 1142 583 1203 29:
614 1141 694 1213 Lege
724 1141 769 1200 vei
798 1140 925 1199 tabellas
952 1139 1054 1198 reddo.
1101 1134 1160 1201 PS.
1190 1140 1287 1199 Immo

131 1239 211 1297 enim
233 1240 389 1311 perlegam.
433 1235 523 1315 Ling.
547 1242 667 1315 quaest.
691 1234 795 1298 Pluut.
818 1252 849 1314 p.
873 1238 913 1299 38
937 1234 976 1299 de
997 1232 1028 1298 h.
1050 1233 1086 1299 l.:
1110 1238 1234 1315 „Eninq
1250 1241 1287 1300 ut

130 1331 189 1412 γάρ
213 1332 243 1396 in
266 1333 473 1413 responsione
497 1338 685 1414 usurpatur,
709 1332 763 1397 sed
790 1349 852 1396 non
874 1330 1006 1396 utemur
1040 1330 1166 1397 Terent
1186 1333 1284 1399 Andr.

131 1430 169 1500 V,
197 1436 222 1507 1,
246 1437 279 1494 4:
302 1434 398 1493 Immo
420 1436 497 1492 enim
520 1451 596 1493 nuuc
619 1450 706 1509 quom
721 1449 855 1493 maxume
871 1434 924 1493 aba
940 1439 970 1492 te
985 1433 1105 1507 postulo
1120 1440 1209 1508 atque
1222 1452 1284 1511 oro,

130 1529 173 1592 ad
190 1545 218 1607 q.
235 1527 255 1591 l.
281 1528 421 1593 Ruhnk.:
445 1534 558 1608 „Enim
578 1528 707 1609 ponitur
729 1546 789 1607 pro
811 1526 910 1591 varo.“
953 1526 1058 1594 Plaut.
1079 1525 1166 1593 Pers.
1182 1527 1237 1607 IV,
1254 1536 1284 1609 4,

134 1632 209 1690 119:
224 1630 323 1688 etium
346 1647 401 1705 pro
424 1632 608 1691 vestimentis
632 1631 688 1689 huo
709 1629 812 1689 deeam
831 1628 976 1689 accedent
990 1628 1097 1687 minae·
1134 1625 1201 1692 DO.
1223 1628 1287 1690 Ab·

129 1726 248 1787 seedeot
269 1728 360 1803 outre,
384 1746 440 1787 uon
465 1727 617 1788 accedent.

218 1822 236 1885 i.
282 1822 332 1887 Ita
353 1820 389 1886 fit
410 1824 505 1887 etiam
523 1823 556 1886 in
576 1822 617 1887 iis
639 1822 818 1902 responsis,
846 1822 878 1885 in
906 1820 1024 1901 quibus
1053 1839 1124 1886 oum
1147 1820 1285 1901 quadem

131 1917 324 1985 confidentia
347 1920 546 1986 concluditur
576 1938 614 1985 ex
641 1937 677 1984 re
703 1918 789 1984 haud
817 1918 930 1999 dubia,
960 1926 1017 1985 aut
1042 1917 1200 1983 dubitanti
1226 1919 1280 1984 de·

130 2023 329 2082 monstratur
351 2036 404 2083 res
427 2017 614 2098 conspicua·
648 2015 767 2098 (Haud.
799 2017 820 2081 l.
844 2036 870 2082 e.
898 2015 1044 2082 Schuetz.
1075 2020 1176 2086 doctr.
1199 2028 1282 2101 part.

130 2135 160 2197 p.
190 2115 273 2194 159.)
328 2116 454 2181 Terent.
488 2115 622 2195 Adelph.
653 2114 708 2192 IV,
736 2121 768 2194 7,
796 2120 851 2179 12:
883 2118 961 2192 Quid
989 2137 1066 2180 nune
1102 2120 1284 2185 futurumst?

130 2213 190 2278 Ml.
215 2217 248 2274 ld
270 2217 348 2275 enim
370 2218 446 2291 quod
470 2235 520 2277 res
542 2218 609 2291 ipse
628 2216 697 2276 fert
742 2212 795 2278 Sic
816 2211 953 2280 formula
974 2216 1072 2277 deam
1093 2219 1171 2278 mim
1182 2216 1284 2282 Pluut.

130 2310 201 2375 Cae.
226 2310 275 2388 ΙΙ,
306 2317 341 2390 6,
371 2316 428 2376 2οε
460 2315 569 2374 Πίσωνι
594 2315 686 2389 mim,
714 2330 783 2372 mea
808 2314 913 2373 mulsa.
957 2310 1053 2378 Most.
1081 2312 1136 2392 lv,
1165 2319 1201 2394 2,
1229 2320 1283 2380 27:

132 2414 190 2485 Qui
213 2412 363 2485 parasitus
386 2413 451 2487 Ego
474 2411 559 2472 sum?
602 2407 699 2473 ADV.
725 2410 815 2486 [ribi]
838 2411 1048 2473 eremeticam:
1071 2414 1138 2474 eiho
1159 2415 1285 2489 perduci

129 2513 244 2587 poteria
268 2510 379 2586 quovis.
425 2505 489 2572 Mil.
511 2506 576 2587 111,
602 2512 634 2586 1,
659 2510 735 2572 213:
759 2510 824 2584 Ego
846 2509 924 2570 enim
944 2509 1049 2572 dicum.

217 2607 246 2671 k.
293 2604 371 2670 Cum
394 2606 466 2672 aliis
486 2605 653 2688 particulis
675 2608 753 2667 enim
782 2604 1002 2686 coniungitur,
1030 2612 1064 2672 et
1090 2625 1187 2688 saepe
1216 2609 1285 2690 qui·

130 2705 204 2768 deru
228 2723 298 2768 eum
323 2705 540 2771 adversatiris.
585 2704 638 2770 Sic
660 2707 810 2782 atenim,
832 2705 883 2774 aad
903 2707 999 2784 enim,
1022 2724 1124 2769 vemet
1145 2710 1231 2778 enim,
1253 2726 1283 2774 v.

131 2804 151 2877 ᾗ
176 2805 226 2863 39.
250 2806 299 2864 42.
322 2807 374 2865 44.
420 2806 503 2864 Certa
515 2807 594 2866 enim
614 2803 698 2868 idem
715 2799 971 2883 significatquod
989 2806 1143 2866 enimuero.
1167 2804 1283 2880 (Hand.

129 2913 160 2974 p.
188 2894 273 2970 396.)
308 2892 413 2961 Plaut.
441 2899 555 2980 Amph.
578 2900 604 2975 Ι,
629 2905 665 2977 1,
695 2905 768 2965 175:
799 2903 882 2964 dere
908 2904 985 2962 araim
1012 2905 1061 2965 hie
1088 2906 1191 2967 nescio
1218 2907 1284 2980 quia

130 2995 272 3068 loquitur.
317 2992 366 3073 ΙΙ,
391 2998 424 3074 2,
449 2999 505 3060 26;
531 2999 715 3058 ememor
735 3016 781 3059 me
806 3001 850 3059 ilii
874 3008 1063 3075 expectatum
1087 3010 1191 3079 optato
1212 3021 1283 3063 ven·

130 3101 228 3153 turum
252 3094 328 3165 scio,
352 3092 391 3156 ad
416 3108 445 3170 q.
469 3092 489 3156 l.
512 3092 674 3157 Lindem.:
698 3097 814 3173 „Enim
828 3094 861 3158 in
876 3093 1066 3163 affirmativa
1077 3098 1283 3177 responsione

130 3189 222 3268 quasi
244 3189 400 3255 rationem
422 3191 528 3256 reddit
550 3208 741 3272 suppressae
760 3188 993 3272 affirmationis,
1017 3210 1116 3274 quare
1135 3212 1194 3275 pro
1214 3195 1285 3274 ipsa

130 3286 339 3352 affirmatione
363 3297 412 3354 est
434 3289 484 3353 rel
506 3287 726 3354 affirmativam
741 3289 931 3355 sententiam
947 3291 1095 3357 astruit“
1118 3291 1206 3357 hain.
1221 3290 1281 3371 ΙΙΙ,

130 3390 165 3463 3,
190 3390 246 3448 24:
272 3389 356 3449 Certe
376 3390 454 3450 eodm
476 3399 508 3451 tu
531 3391 602 3449 mihi
624 3386 720 3450 vita'e.

217 3482 235 3546 l.
281 3488 375 3546 Eorum
397 3486 527 3566 antiquo
550 3493 696 3566 tempore
718 3502 781 3548 nou
803 3502 898 3550 unam
920 3485 953 3550 in
975 3485 1086 3551 ordine
1109 3485 1282 3550 verborum

130 3580 271 3646 habebat
292 3582 416 3662 sedem,
439 3584 497 3648 sed
520 3590 553 3650 et
575 3584 616 3650 ab
639 3583 729 3649 initio
751 3584 931 3664 ponebatur
953 3589 1075 3664 etpost
1097 3583 1160 3648 alia
1177 3583 1282 3649 verba.

130 3678 194 3745 Sed
215 3681 436 3760 postponitur,
460 3687 497 3747 ut
517 3680 710 3747 sententiam
739 3699 823 3746 nexu
849 3681 951 3762 megia
977 3681 1132 3748 adstricto
1161 3681 1283 3762 iungat

129 3777 259 3857 aliquod
293 3779 424 3843 verbum
459 3780 550 3858 quasi
582 3778 806 3859 complectens.
851 3777 925 3857 (Sic
957 3778 1102 3844 Handius
1134 3797 1165 3860 p.
1197 3782 1281 3856 397.)

129 3876 272 3941 Lindem.
296 3877 337 3941 ad
360 3876 461 3941 Plaut.
484 3877 598 3958 Amph·
622 3876 668 3956 ΙΙ,
693 3880 726 3957 2,
742 3881 799 3941 26:
822 3877 924 3957 „Tum
938 3883 1027 3942 reete
1042 3876 1186 3942 reiicitur
1205 3882 1283 3940 enim

129 3983 203 4054 post
236 3974 373 4038 alterum
407 3974 457 4038 vei
489 3975 620 4041 tertium
655 3974 860 4051 vocabulum,
895 3975 922 4039 si
943 3975 1052 4057 priora
1073 3992 1169 4040 unam
1191 3976 1282 4041 velut

129 4075 290 4137 notionem
314 4071 513 4138 conficiunt.“
548 4073 597 4137 Ab
620 4072 710 4138 initio
737 4078 788 4137 est
812 4073 951 4155 positum
975 4072 1070 4141 Ennii
1096 4071 1282 4154 Iphigeniae

129 4169 167 4234 fr.
191 4177 221 4250 4,
244 4189 272 4232 v.
297 4174 373 4235 257:
406 4175 483 4232 enim
512 4190 607 4248 neque
634 4174 814 4234 dominura
842 4191 896 4234 noa
924 4191 980 4233 nee
1013 4174 1136 4233 militiae
1172 4190 1280 4232 sumus.

128 4269 234 4332 Plaut.
258 4266 330 4332 Aur.
354 4266 420 4347 ΙΙΙ,
444 4273 477 4348 5,
500 4273 557 4337 26;
585 4271 679 4332 Enim
700 4271 773 4330 mihi
795 4271 912 4346 quidem
935 4278 1090 4346 aequomst
1118 4287 1282 4345 purpuram

127 4377 219 4444 atqua
244 4385 347 4429 aurum
376 4369 450 4430 dari.
496 4364 586 4447 eapt.
613 4365 681 4444 111,
708 4372 744 4448 4,
774 4371 829 4432 60:
857 4369 951 4430 Enim
978 4371 1036 4430 iam
1066 4384 1182 4445 nequeo
1210 4386 1281 4429 eon·
