3125 5075
201 361 263 419 380
649 349 774 391 Puoaou,
797 349 856 391 cnr.
871 349 909 390 vt.
958 349 967 360 ·’

202 542 260 598 uuo
290 522 352 588 hnc
378 523 520 604 pertinet
552 528 610 589 aut
634 542 695 604 per
723 542 758 590 se
788 523 930 605 positus,
958 527 1032 600 aut,
1055 520 1140 602 quod
1164 518 1354 600 frequentius

201 625 267 701 est,
290 620 476 687 coniunctus
505 640 576 686 curn
599 623 826 703 comparativo,
848 622 934 687 unde
957 620 1098 684 existunt
1118 618 1289 682 notissima
1310 617 1357 683 illa

200 739 257 794 quo
278 723 389 794 mupis,
411 739 468 794 quo
491 723 599 788 surinus,
623 719 694 784 alia.
738 720 843 783 Plaut.
866 719 938 784 Aul.
962 717 1042 795 prol.
1065 736 1094 781 v.
1122 722 1175 780 14:
1199 720 1275 794 Agri
1296 720 1358 779 reli·

201 820 266 894 quit
294 820 321 877 ei
352 836 409 878 uon
439 809 575 894 magnum
602 821 736 895 modum,
766 823 829 898 Quo
857 838 922 881 cum
946 820 1049 878 labore
1072 833 1178 891 magno
1201 822 1235 876 et
1257 819 1359 877 misere

200 918 323 977 vireret.
347 914 439 993 Epid.
462 914 507 994 ΙΙ,
530 920 559 992 2,
584 919 657 979 106:
696 921 759 995 Quo
781 921 864 978 illum
888 919 925 978 ab
948 919 1002 976 illa
1023 916 1195 991 prohibeas.
1234 910 1316 977 Rud.
1336 912 1360 991 Ι,

201 1016 231 1091 2,
255 1016 309 1076 23:
333 1016 380 1074 Au
403 1030 460 1086 quo
482 1014 611 1076 iuratum
633 1018 735 1077 venias
758 1018 888 1092 vestigas
911 1014 1002 1076 loco?
1024 1010 1153 1075 Terent.
1168 1009 1361 1090 Adelphii,

200 1114 237 1187 4,
269 1115 303 1173 6:
335 1115 380 1172 Ne
411 1114 440 1172 id
463 1114 640 1174 adsentandi
663 1115 756 1189 magis
780 1132 868 1189 quam
891 1119 948 1185 qa‘o
972 1112 1098 1171 habeam
1121 1115 1241 1185 gratum
1264 1109 1361 1170 iacere

202 1211 374 1271 existumes.
420 1208 501 1273 Eun.
538 1209 568 1289 I,
604 1215 640 1289 2,
670 1215 725 1274 to:
770 1212 881 1272 Adiuta
909 1229 973 1289 rus,
1011 1225 1068 1281 qao
1096 1208 1126 1267 id
1154 1206 1208 1267 fiat
1239 1206 1362 1269 facilius.

200 1305 300 1370 Andr.
323 1304 349 1385 Ι,
373 1310 401 1376 2,
424 1312 464 1371 25
487 1324 551 1387 sq.:
590 1313 615 1371 si
637 1328 761 1371 sensero
784 1310 872 1370 hodie
895 1310 1052 1384 quicquam
1074 1308 1105 1366 iu
1128 1306 1231 1366 histo
1255 1309 1362 1381 nuptiis

201 1406 353 1466 Fallaciae
377 1408 493 1481 conari,
517 1424 573 1479 quo
596 1409 669 1468 fiant
691 1409 797 1469 miuus.
841 1404 939 1470 Andr.
963 1404 1024 1484 IV,
1047 1408 1084 1479 2,
1111 1405 1166 1465 16:
1199 1403 1232 1463 Si
1256 1407 1362 1479 poterit

199 1502 276 1576 fieri,
301 1510 334 1563 ut
356 1522 393 1564 ne
415 1512 503 1579 pater
525 1523 581 1580 per
602 1523 649 1565 me
671 1507 792 1567 stetisse
816 1506 928 1579 credat,
952 1507 1015 1582 Quae
1037 1505 1136 1563 minus
1158 1501 1236 1561 baec
1259 1502 1361 1562 fierent

203 1602 339 1674 nuptiae,
363 1604 439 1664 volo.
485 1600 562 1665 Hec.
586 1601 647 1680 IV,
671 1608 706 1680 4,
730 1606 764 1665 7:
809 1604 867 1663 Dic
890 1603 969 1663 filiae
992 1622 1044 1662 rus
1060 1616 1275 1662 concessuram
1298 1601 1361 1660 binc

201 1699 380 1759 Sostratam:
403 1701 449 1760 Ne
472 1708 655 1775 revereatur,
679 1702 774 1761 miuus
797 1702 855 1760 iam
878 1716 934 1771 quo
957 1701 1062 1760 redeat
1084 1698 1211 1758 domum.
1249 1695 1356 1761 Heaut

200 1793 259 1873 111,
283 1799 312 1868 2,
336 1800 390 1859 31:
414 1799 472 1858 nisi
493 1799 564 1857 mibi
587 1800 704 1873 quidem
728 1800 813 1860 addit
835 1801 972 1875 animum,
995 1814 1053 1869 qao
1075 1798 1178 1856 lubeat
1198 1798 1308 1869 munis.

290 1895 321 1968 3)
343 1892 521 1957 Pronornen
543 1893 712 1959 relativum
728 1912 857 1961 causam
881 1891 1047 1975 significat,
1070 1891 1125 1956 ubi
1146 1895 1272 1957 etcum
1288 1890 1354 1955 iudi·

209 1989 322 2066 cativo,
345 1997 387 2068 et,
410 1991 494 2070 quod
517 1991 717 2071 frequentius
740 1997 807 2071 est,
832 2010 902 2056 cum
927 1989 1125 2055 coniunctivo
1149 1989 1356 2070 coniungitur,

203 2104 427 2167 nonnunquam
444 2090 541 2153 etiam
556 2090 603 2155 ita
617 2091 755 2170 ponitur,
778 2095 893 2154 utnon
916 2095 1042 2168 spectet
1061 2087 1102 2152 ad
1126 2088 1356 2153 substantivum

204 2186 346 2264 proxime
369 2206 607 2268 praegressum,
630 2188 686 2252 sed
710 2187 750 2251 ad
773 2188 871 2264 aliud,
895 2186 980 2265 quod
1003 2185 1097 2266 quale
1120 2184 1164 2249 sit
1183 2202 1223 2248 ex
1240 2190 1358 2249 senteu-

204 2283 249 2345 tia
280 2285 378 2349 totius
406 2284 468 2349 loci
492 2287 665 2350 eruendum
691 2291 749 2350 est.
796 2285 876 2350 Cato
906 2291 985 2348 orat.
1016 2288 1128 2347 contra
1154 2283 1197 2347 Μ.
1224 2282 1356 2347 Caelium

204 2399 253 2462 ap.
284 2382 365 2447 Geli.
389 2384 419 2462 I,
454 2388 506 2448 15:
534 2388 700 2461 Numquam
728 2394 825 2456 tacet,
853 2402 938 2459 quem
964 2384 1082 2444 morbus
1105 2389 1189 2444 tenet
1217 2383 1357 2459 loquendi

207 2478 365 2546 Weberus
399 2501 483 2557 quem
522 2481 660 2562 explicat
692 2500 763 2544 rrum
796 2501 870 2545 eum.
930 2480 1112 2547 Subiectum
1147 2483 1197 2544 est
1233 2478 1357 2544 Caelius

204 2577 307 2642 Plaut.
332 2579 397 2644 Mil.
426 2580 490 2659 ΙΙΙ,
522 2586 554 2655 l,
583 2586 659 2645 205:
689 2585 746 2659 Qui
775 2585 833 2643 nisi
861 2582 1009 2643 adulterio
1039 2581 1189 2640 studiosus
1222 2584 1268 2641 rei
1294 2581 1358 2640 nulli

202 2681 311 2738 aliaest
345 2682 503 2756 inprobus,
538 2678 592 2742 ubi
619 2678 723 2743 Lind.:
758 2683 837 2757 „Qu-i
871 2688 920 2742 est
947 2677 1065 2757 quippe
1097 2677 1168 2756 qui,
1205 2678 1282 2756 quia
1308 2676 1357 2739 is.“

202 2774 262 2850 IV,
285 2780 316 2852 1,
349 2782 402 2839 27:
425 2781 526 2854 Quaen
551 2779 686 2856 cupiatl,
715 2777 768 2841 ubi
792 2776 896 2841 Lind.:
924 2780 1028 2854 „Quae
1061 2780 1114 2838 est
1139 2778 1248 2850 quippe
1274 2793 1357 2849 quoq

202 2872 309 2951 quidni
332 2872 423 2953 velit,
448 2892 529 2954 quae
553 2873 683 2954 cupit?“
707 2894 734 2939 v.
761 2879 816 2939 38:
839 2894 916 2949 quac
937 2884 967 2935 te
984 2883 1133 2949 tamquam
1149 2877 1254 2935 oculos
1277 2881 1358 2944 umet,

203 2969 257 3032 ubi
287 2969 382 3034 Lind:
412 2992 471 3050 „ea
504 2973 588 3036 enim
614 2977 647 3036 te
676 2978 776 3051 amat,
805 2977 842 3036 ut
871 2971 998 3052 saepe.“
1044 2971 1138 3035 Truc.
1161 2969 1227 3049 ΙΙΙ,
1254 2977 1287 3049 1,
1310 2975 1358 3035 20:

207 3069 282 3141 Quid
298 3073 374 3131 istuc
398 3075 568 3148 alicnumst,
600 3074 713 3147 amabo,
738 3074 778 3131 mi
802 3073 938 3144 Strabax,
962 3071 1022 3148 Qui
1043 3089 1103 3131 non
1125 3074 1297 3146 extempulo
1319 3072 1358 3130 iu-

203 3168 289 3228 tres?
339 3166 399 3246 IV,
424 3175 460 3247 2,
493 3174 547 3233 17:
577 3172 691 3231 Stultus
719 3188 766 3244 es,
795 3172 846 3244 qai
873 3170 954 3230 iacta
986 3168 1100 3229 infecta
1132 3168 1236 3229 iacere
1267 3170 1359 3229 uerbis

205 3270 349 3341 postules.
395 3266 490 3332 Stich.
513 3266 568 3344 IV,
594 3273 622 3345 1,
645 3273 704 3332 49:
729 3269 879 3328 Videlicet
901 3285 1022 3342 parcum
1046 3267 1138 3327 luisse
1153 3269 1239 3328 illum
1256 3286 1360 3342 senem,

205 3367 256 3437 qcca'
281 3365 337 3442 [id]
354 3366 471 3428 dixerit.
497 3363 587 3445 Capt.
603 3364 646 3441 ΙΙ,
666 3369 766 3445 1,46;
791 3368 936 3439 Quoniam
960 3367 1045 3426 nobis
1062 3365 1090 3423 di
1107 3368 1284 3427 inmortales
1299 3368 1359 3426 aui·

204 3482 281 3523 mum
299 3466 496 3525 ostenderunt
511 3483 603 3537 suum,
622 3467 664 3527 Ut
677 3467 728 3538 qui
744 3483 827 3525 erum
842 3483 888 3523 rue
906 3467 958 3524 tibi
975 3465 1067 3524 luisse
1084 3470 1174 3539 atque
1197 3482 1266 3526 esse
1284 3482 1357 3526 nunc

201 3578 373 3622 conservom
391 3564 483 3624 velint
500 3563 555 3638 (=
570 3566 684 3641 utpote
707 3560 785 3641 qui).
836 3561 922 3626 Trin.
940 3561 999 3640 III,
1024 3565 1053 3638 2,
1080 3565 1134 3624 ll:
1150 3566 1198 3622 An
1215 3567 1240 3623 it
1256 3572 1302 3625 est
1317 3582 1361 3624 sa·

200 3676 288 3733 perc,
303 3665 338 3719 ut
352 3662 402 3733 qui
419 3661 595 3721 beneficium
620 3662 848 3722 abencvoleute
873 3661 1036 3737 repudies?
1066 3657 1180 3724 Bacch.
1198 3659 1243 3735 ΙΙ,
1261 3667 1290 3737 3,
1305 3664 1361 3724 49:

199 3758 303 3817 Adeon
317 3759 463 3820 metuisse
479 3759 599 3833 fungum
613 3767 645 3818 ut
656 3761 708 3830 qai
720 3762 764 3820 illi
781 3760 1008 3820 crederem—t
1020 3757 1105 3821 Trin.
1120 3756 1144 3837 Ι,
1159 3764 1188 3836 2,
1205 3763 1282 3822 126:
1295 3760 1362 3835 quid

200 3858 254 3917 tibi
267 3875 321 3932 ego
330 3858 594 3930 dicamlquc'illius
607 3860 784 3932 sapientiam
798 3892 836 3903 -
849 3858 1066 3933 pessumdedit,
1079 3855 1120 3920 de
1132 3873 1162 3935 q.
1178 3855 1362 3921 l.Lindem.:

199 3952 302 4033 „Fere
318 3952 401 4016 idem
415 3960 464 4019 est
479 3973 516 4020 ac
533 3954 559 4018 si
571 3953 714 4018 dixisset:
730 3957 785 4015 Hic
801 3958 968 4017 iam-ille
984 3959 1106 4031 ignarus
1121 3987 1164 3997 -
1179 3974 1280 4031 paene
1295 3973 1362 4031 pes

201 4073 264 4114 sum
282 4054 371 4115 dedit.
394 4051 456 4115 Pro
472 4055 520 4114 la'c
534 4053 615 4118 dixit
630 4057 694 4132 qui,
713 4058 750 4117 ut
762 4053 902 4131 aliquam
917 4057 1025 4119 tanmn
1041 4051 1081 4115 ad
1097 4052 1268 4132 superiora
1283 4052 1362 4117 rela-

200 4151 319 4214 tionem
342 4147 548 4231 siguificaret,
572 4156 722 4232 tanquam
746 4151 771 4216 si
799 4171 884 4227 uum,
901 4155 994 4228 mim,
1017 4149 1069 4215 vel
1090 4153 1208 4225 saltem,
1233 4150 1284 4215 vel
1300 4149 1362 4215 tale

199 4249 292 4328 quid,
322 4249 407 4328 quod
438 4266 581 4314 caussam
612 4249 744 4328 iudicet,
777 4248 1011 4330 apposuisset.“
1061 4246 1152 4328 Capt
1188 4246 1220 4327 I,
1246 4253 1284 4328 2,
1306 4254 1362 4312 44;

198 4348 270 4423 qnid
286 4365 331 4408 me
354 4357 472 4424 patrem
492 4366 549 4424 par
570 4349 711 4425 lacerest,
734 4350 805 4424 quoi
827 4351 909 4410 illest
938 4348 1061 4411 unicus?
1104 4346 1147 4427 ΙΙ,
1171 4351 1201 4426 2,
1223 4351 1263 4412 8:
1285 4350 1362 4426 Qua
