3125 5075
489 525 581 565 CAEUB
596 524 864 566 ennennnntvonun.
886 547 912 556 -
931 526 1036 566 Annon.
1293 538 1350 592 121

201 717 242 774 rgo
263 703 355 758 tantu
375 703 548 774 puerperam
570 719 625 775 per
647 702 745 760 dolum
763 704 902 774 pecunia.
947 700 1053 764 Etiam
1075 699 1208 764 verbum
1232 704 1355 761 circum·

201 798 300 865 dcem,
323 796 345 860 i.
368 814 399 860 e.
415 796 580 866 fraudare.
600 794 713 859 fraude
735 796 884 877 spoliare,
908 797 1080 863 ablativum
1102 798 1149 861 rei
1171 796 1356 862 adiunctum

201 892 292 972 unet,
316 894 415 957 euius
431 894 561 973 generis
577 893 722 973 exempla
737 895 847 959 attulit
861 897 1101 977 llampmannus
1122 895 1161 958 de
1177 899 1228 956 AB
1246 913 1355 975 praep.

200 1008 219 1071 p
237 997 267 1069 2,
292 991 409 1056 adnot.
435 997 465 1054 ὁ,
511 989 563 1055 Sit
585 990 681 1055 Puen.
695 992 732 1070 V,
758 1000 787 1069 5,
808 997 841 1057 8:
864 997 999 1056 Nanctus
1022 1003 1069 1055 est
1092 997 1249 1068 hominem,
1272 996 1355 1052 minu

201 1109 271 1167 quem
294 1092 423 1166 argenti
444 1091 675 1151 circumduceret
697 1088 805 1171 (Vulg.
822 1102 926 1153 tractus
944 1102 999 1167 est,
1022 1092 1078 1154 sed
1101 1090 1181 1169 nep
1204 1098 1354 1163 nunctust,

202 1204 268 1266 quoe
290 1185 401 1251 forma
425 1187 585 1266 antiquior
606 1187 806 1251 restituenda
829 1193 879 1252 eet
906 1207 966 1252 sec.
992 1187 1202 1252 Ritseltelium
1231 1186 1353 1265 proleg.

204 1283 425 1348 'u'l'rinumm
448 1303 478 1363 p.
506 1283 588 1362 102).
635 1284 724 1348 Adde
751 1284 867 1349 Pseud.
892 1285 916 1362 Ι,
942 1292 970 1363 5,
997 1291 1048 1349 ln:
1080 1290 1121 1345 Te
1151 1288 1227 1345 velle
1256 1304 1352 1343 amao-

206 1393 249 1442 nu
274 1392 408 1460 argento
441 1384 666 1443 circumducere.
712 1400 740 1444 v.
767 1389 841 1446 115:
877 1388 929 1445 Ea
952 1384 1169 1443 circumducunt
1192 1384 1289 1457 lepido
1314 1384 1356 1439 le-

210 1500 308 1543 nonem.
358 1478 402 1546 ΙΙ.
427 1484 456 1556 2,
482 1485 537 1543 39:
575 1483 666 1554 Quasi
689 1489 721 1540 tu
743 1483 825 1542 dicas
855 1500 901 1541 me
933 1492 962 1541 tc
990 1484 1066 1541 telle
1093 1486 1213 1553 eruente
1235 1481 1359 1538 eircum-

212 1579 308 1639 lttcere.
356 1576 475 1642 Bacch.
504 1576 542 1654 V,
572 1582 599 1652 2,
624 1580 678 1641 64:
716 1580 927 1655 Quadripertita
953 1580 1102 1651 Philippis
1129 1579 1207 1639 filius
1242 1596 1288 1635 me
1327 1582 1359 1635 et

215 1677 361 1737 tirusalus
378 1676 648 1736 circumduxerunt.
694 1674 872 1755 Cognatum
890 1681 940 1739 est
953 1679 1151 1736 intervertere.
1196 1671 1310 1736 Pseud.
1328 1689 1356 1735 v.

173 1759 176 1808 Ι
217 1776 273 1835 nn:
296 1776 339 1835 Ut
355 1792 413 1846 me,
438 1777 464 1834 si
479 1781 591 1849 posset,
613 1776 736 1835 muliere
749 1776 959 1835 intercurreret.
995 1771 1082 1836 Asin.
1098 1770 1139 1848 II,
1161 1774 1190 1847 2,
1214 1775 1269 1834 92:
1293 1773 1358 1844 Quo

218 1873 285 1930 nodo
307 1877 433 1944 cruento
454 1873 648 1930 intervortam
670 1880 701 1931 et
723 1874 917 1932 adventorem
940 1880 971 1932 et
994 1874 1145 1932 Sauream.
1191 1868 1278 1930 Asin.
1300 1865 1359 1944 ΙΙΙ,

225 1971 241 2042 Ι,
259 1972 294 2029 9:
317 1977 351 2028 ut
374 1972 426 2043 qni
449 1987 553 2041 erpere
575 1971 679 2029 matris
700 1970 835 2042 imperiis
860 1972 927 2031 sies.
973 1965 1085 2047 Amph.
1109 1966 1150 2043 ΙΙ,
1176 1970 1204 2043 2,
1229 1969 1284 2027 81:
1313 1968 1361 2026 Eo

223 2082 285 2124 nore
305 2073 455 2139 euperem
483 2076 513 2126 te
536 2068 645 2127 iactam
678 2068 839 2127 adveniens
870 2068 978 2127 aliendi
1008 2069 1095 2127 domi.
1141 2064 1229 2127 Pers.
1252 2061 1306 2140 lv,
1331 2067 1360 2141 3,

223 2165 261 2224 n:
293 2182 329 2223 ea
351 2183 401 2224 res
426 2182 472 2223 me
495 2164 580 2222 domo
602 2170 746 2237 expertem
768 2163 850 2224 facit.
895 2163 983 2227 Asin.
1008 2163 1033 2241 Ι,
1062 2170 1085 2240 l,
1111 2166 1164 2225 31:
1199 2169 1231 2222 ut
1259 2178 1361 2234 expers

224 2264 351 2323 euno.
397 2259 496 2324 Mene.
520 2279 548 2323 v.
572 2264 646 2324 881:
671 2262 791 2322 Caelum
816 2271 848 2320 ut
870 2269 917 2322 cst
937 2262 1089 2336 splendore
1105 2262 1235 2332 plenum.
1275 2256 1359 2320 Asin.

225 2352 266 2434 ΙΙΙ,
286 2363 314 2433 3,
337 2363 372 2420 8:
408 2376 498 2432 opera
527 2369 560 2419 ut
580 2360 684 2433 turnus
711 2367 758 2420 est
779 2365 933 2419 nocturna.
980 2357 1050 2421 Aul.
1074 2355 1116 2432 ΙΙ,
1146 2360 1174 2433 2,
1206 2362 1256 2418 14:
1291 2357 1360 2415 dote

226 2471 326 2529 cossam,
349 2454 381 2519 h.
408 2473 434 2519 e.
458 2462 628 2519 carentem.
673 2454 743 2518 Aul.
762 2454 798 2531 V,
820 2474 848 2519 v.
867 2461 900 2518 2:
924 2457 1142 2529 Quadrilibreiu
1168 2457 1263 2513 aulam
1287 2469 1363 2511 auro

225 2560 336 2612 uiuant
360 2557 467 2617 habeo.
513 2553 629 2617 Pseud.
653 2572 680 2616 v.
706 2558 782 2617 218:
812 2558 924 2615 amicos
947 2585 989 2595 —
1012 2555 1072 2612 olco
1095 2556 1221 2613 onustes.
1266 2547 1361 2612 Most.

228 2645 243 2725 Ι,
263 2655 287 2728 3,
309 2658 363 2715 77:
389 2656 430 2714 Ut
452 2671 507 2727 ego
529 2655 699 2713 culteredetn
719 2655 793 2714 nteit
815 2654 897 2712 bonis
920 2671 964 2711 me
988 2652 1105 2710 faciam.
1151 2646 1242 2726 Epid.
1267 2645 1309 2724 ΙΙ,
1334 2651 1363 2724 2,

231 2749 286 2810 nn:
315 2755 399 2810 Auro
428 2753 595 2824 opulentus.
642 2748 720 2814 cist.
746 2749 771 2827 Ι,
802 2755 829 2826 l,
854 2753 909 2812 72:
944 2769 1027 2809 amor
1049 2748 1133 2806 rnellc
1163 2753 1193 2805 et
1220 2746 1290 2818 selle
1320 2751 1367 2804 cst

228 2843 453 2910 imndueumus.
498 2847 644 2926 Aquilius
666 2847 800 2911 Boeotia
826 2846 864 2910 fr.
891 2851 917 2921 1,
946 2864 975 2908 v.
1000 2849 1035 2907 8:
1067 2847 1171 2919 ltaque
1200 2846 1275 2903 adeo
1306 2844 1362 2901 iam

228 2945 353 3015 mpetum
376 2947 547 3019 oppidumst
569 2948 696 3006 soleriis.
742 2944 869 3008 Terent.
887 2943 964 3006 Hec.
981 2940 1035 3017 IV,
1059 2945 1089 3018 4,
1113 2945 1168 3004 41:
1192 2944 1310 3002 Censen
1334 2947 1365 2999 to

227 3055 296 3110 posse
318 3045 454 3117 reperire
478 3045 568 3102 ullam
591 3047 754 3118 mulierem,
781 3047 864 3116 Quae
887 3046 987 3102 carcat
1009 3040 1117 3112 culpe?
1145 3037 1272 3100 Phorm.
1286 3035 1311 3114 Ι,
1336 3043 1365 3112 3,

229 3138 398 3199 llzdntore
420 3142 567 3216 abundus,
597 3143 739 3217 Antipho.
785 3139 901 3202 llenut.
924 3136 983 3214 ΙΙΙ,
1007 3141 1035 3214 2,
1063 3140 1116 3200 16:
1151 3139 1235 3212 quasi
1258 3137 1283 3195 is
1306 3153 1364 3194 non

226 3231 290 3296 ditiis
310 3237 461 3300 Abundct.
506 3236 622 3300 chnt.
647 3236 701 3314 IV,
729 3242 754 3313 l,
781 3240 833 3299 15:
869 3254 940 3312 ergo
963 3256 1031 3296 erus
1054 3237 1161 3293 domno
1183 3237 1287 3293 auctus
1315 3235 1365 3292 cst.

173 3344 175 3371 ³
226 3326 324 3396 Heaut.
349 3334 387 3411 V,
414 3341 440 3413 l,
466 3340 519 3397 72:
555 3345 588 3395 ut
611 3339 674 3395 eius
699 3338 842 3409 animum,
866 3338 914 3409 qui
939 3354 1016 3393 nuuc
1041 3334 1164 3393 luxurio
1192 3340 1221 3389 et
1244 3331 1367 3389 luscinio

226 3428 341 3507 Dt't‘dut't,
365 3434 531 3494 retundam.
576 3430 708 3511 Adelph.
726 3429 781 3509 IV,
806 3436 835 3500 5.
862 3434 912 3493 ln:
937 3436 1019 3491 llaec
1042 3434 1123 3505 virgo
1146 3430 1250 3486 orbttst
1266 3432 1364 3499 putre.

225 3526 333 3596 Phnrm.
356 3532 410 3609 lv,
434 3540 465 3608 4,
492 3536 522 3594 1:
546 3534 682 3591 Emunxi
707 3535 828 3603 arpenn>
850 3549 945 3590 senes.

291 3650 318 3695 e.
353 3632 489 3691 Ablatt'nt'
509 3632 610 3703 pretii.
656 3627 754 3691 Naev.
778 3625 815 3688 fr.
837 3631 855 3690 3
879 3622 1116 3689 Tunicularine:
1149 3627 1223 3682 Eius
1248 3631 1364 3682 noctem

226 3742 304 3789 unco
324 3730 440 3789 ducere.
486 3724 565 3788 Cato
587 3742 637 3804 ap.
661 3725 783 3788 Senec:
804 3723 896 3803 epist.
921 3728 976 3800 94,
1011 3721 1070 3785 eub
1098 3720 1179 3783 med.
1209 3717 1310 3792 (Lion.
1336 3735 1366 3794 p.

227 3825 257 3886 80
274 3827 371 3906 nqql:
395 3830 485 3886 nmos
508 3843 565 3884 non
585 3825 661 3900 quod
686 3843 760 3898 opus
784 3830 839 3895 est,
864 3825 916 3882 sed
940 3824 1018 3897 quod
1047 3839 1169 3880 necesso
1194 3827 1254 3889 θεῖς
1289 3817 1367 3892 quod

227 3938 363 4000 oonopus
386 3932 450 3996 est,
474 3940 660 3983 ottocarum
685 3931 739 3981 est.
785 3918 888 3982 Plaut.
911 3917 1022 3997 fragm
1047 3935 1075 3996 p.
1100 3922 1172 3994 487,
1195 3936 1223 3977 v.
1251 3919 1281 3976 l:
1306 3915 1368 3974 illic

230 4018 432 4094 landeperto
454 4024 511 4080 iam
534 4022 622 4079 homo
645 4021 760 4080 lumbos
783 4035 874 4077 meos.
912 4015 1000 4079 Pers.
1017 4015 1071 4090 ΙΙ,
1086 4023 1116 4090 4,
1139 4020 1192 4078 30:
1217 4013 1366 4088 Siquidem

229 4114 286 4180 lanc
307 4122 471 4181 vendidero
488 4119 586 4191 pretio
608 4136 669 4179 auo.
715 4115 802 4178 Asin.
827 4111 851 4190 I,
876 4119 904 4191 3,
929 4119 985 4178 95:
1019 4118 1093 4175 Nam
1122 4117 1147 4173 si
1170 4121 1286 4171 mutuae
1309 4128 1367 4168 nou

230 4224 324 4290 potero,
348 4226 495 4278 certumst
515 4235 625 4276 sumam
649 4215 827 4287 (tenuem)
872 4211 967 4274 Most.
991 4212 1016 4290 I,
1041 4216 1069 4289 3,
1098 4216 1171 4273 139;
1202 4212 1279 4270 istuc
1301 4227 1367 4269 ver·

229 4355 410 4374 ‘'Q——

285 4440 317 4507 ⁸⁶)
345 4443 391 4496 Sic
409 4440 581 4496 scribendum
600 4439 734 4511 praecipit
755 4438 923 4493 Ritscheliuo
942 4437 1090 4508 prolegom.
1116 4435 1151 4490 ad
1169 4435 1315 4489 Trinumm.
1341 4453 1367 4504 p.

231 4517 262 4586 97,
277 4538 326 4577 uon
341 4527 464 4592 femore.
