3125 5075
716 353 873 395 sonentur.
893 352 956 393 ΟΔΡ.
969 351 1012 392 ΙΙΙ.

461 526 519 600 Qui
540 525 611 586 hine
636 527 674 588 sd
695 526 793 590 iorum
815 529 898 602 abiit,
921 559 964 570 -

455 624 507 684 Ait
528 639 594 683 sese
617 615 816 686 ultro‘omnis
838 627 980 687 mulieres
1002 623 1158 685 sectarier.

373 717 435 784 Hie
458 720 527 780 inde
544 723 669 797 spectet
683 720 723 784 od
740 723 878 799 Ephesus
898 717 1129 801 significatione
1151 713 1223 793 loci,
1246 713 1293 779 itu
1316 721 1354 780 ut
1378 718 1450 778 inde

288 820 322 880 et
344 818 484 878 mulieres
506 832 605 879 unsm
629 813 767 882 efficiunt
794 818 986 883 notionem.-..
1007 816 1182 896 Perperem
1210 811 1450 879 Lindemonnus

287 915 356 976 inde
380 929 439 992 pro
462 920 524 974 tum
545 913 669 993 occipit
704 912 801 980 Stich.
825 914 850 991 Ι,
875 921 905 993 6,
929 920 958 979 9.
992 911 1107 978 Pseud.
1130 910 1168 989 V,
1194 916 1221 988 l,
1245 914 1297 975 35.
1332 909 1447 975 Bseeb

286 1007 329 1090 ll,
352 1014 381 1088 3,
405 1014 459 1073 81:
492 1013 545 1073 Set
566 1014 649 1073 nilne
675 1015 733 1073 lune
754 1016 900 1075 attulistis
920 1014 989 1073 inde
1011 1014 1079 1072 snri
1100 1009 1238 1072 domum?
1281 1006 1401 1072 Pseud.
1423 1006 1448 1086 Ι,

288 1112 318 1186 3,
342 1109 399 1171 98;
422 1110 533 1170 Lonios
555 1110 626 1170 inde
647 1128 808 1172 arcessam.
853 1128 882 1174 6.
906 1115 956 1176 99.
984 1107 1099 1173 Pseud.
1123 1105 1163 1184 ΙΙ,
1187 1106 1449 1184 66616666

286 1223 334 1265 me
356 1223 502 1268 arcessas.
537 1205 634 1270 Mero.
651 1205 677 1284 Ι,
702 1211 730 1285 1,
754 1209 804 1271 67.
838 1205 937 1273 Mers.
954 1204 1013 1283 ΙΙΙ,
1036 1211 1068 1285 4,
1091 1207 1141 1269 66.
1172 1202 1257 1267 Men.
1273 1202 1319 1281 ΙΙ,
1343 1206 1373 1281 3,
1397 1205 1446 1266 50.

288 1299 373 1366 Men.
390 1301 429 1379 V,
447 1306 476 1380 9,
494 1306 550 1366 54:
573 1304 752 1367 6661666661
797 1302 893 1369 Most.
909 1303 936 1383 I,
951 1309 981 1381 4,
1004 1307 1039 1368 3:
1063 1305 1138 1365 Nam
1161 1303 1207 1361 illi
1229 1304 1281 1363 nbi
1304 1300 1359 1375 fui,
1380 1301 1446 1362 s'sds

289 1399 379 1474 effugi
405 1399 495 1461 iores.
540 1398 669 1465 Terent.
692 1401 789 1465 Andr.
814 1401 840 1480 I,
866 1408 892 1480 Ι,
917 1406 992 1465 11οε
1024 1402 1126 1463 Redeo
1147 1400 1218 1463 inde
1239 1403 1337 1462 irstm
1360 1406 1445 1476 utque

287 1515 377 1573 segre
400 1497 509 1560 ferens.
1184 1527 1186 1531 ·

374 1593 404 1659 b.
437 1597 515 1657 1666
538 1598 594 1657 loes'
615 1596 664 1661 vel
688 1597 729 1662 de
751 1597 822 1662 loco
844 1596 895 1661 vel
917 1596 956 1660 de
979 1600 1123 1676 tempore
1150 1613 1208 1676 pro
1238 1599 1275 1659 sb
1298 1600 1353 1659 1116
1375 1604 1444 1658 tem·

286 1709 360 1768 pere
384 1691 509 1757 dieitur.
554 1693 606 1758 Sic
628 1694 668 1759 de
690 1694 759 1760 loeo
781 1694 876 1759 Ennii
898 1698 997 1759 satur.
1021 1694 1041 1758 l
1063 1691 1105 1771 11,
1127 1691 1165 1756 ir.
1190 1697 1217 1771 1,
1241 1693 1282 1760 de
1304 1698 1445 1774 ternpore

287 1789 392 1855 66661.
415 1788 434 1853 l.
458 1789 484 1868 Ι,
507 1790 547 1855 fr.
575 1795 602 1869 l,
626 1791 664 1856 ir.
689 1796 743 1869 20,
766 1791 931 1873 ambigue,
954 1797 1062 1857 utrum
1084 1790 1124 1854 de
1147 1791 1217 1856 loeo
1240 1808 1281 1854 en
1304 1790 1346 1855 de
1369 1795 1445 1855 tem·

286 1904 376 1969 pore,
400 1887 586 1954 66661166.
610 1889 696 1954 sedis
718 1888 831 1969 fragm.
855 1893 905 1952 62.

374 2002 399 2049 e
434 1984 484 2048 Ad
506 2003 560 2049 res
582 1985 731 2052 refertur.
775 1987 857 2052 Nsm
880 1986 1072 2067 intelligitur
1094 2003 1155 2065 res,
1179 2003 1218 2049 ex
1241 2001 1307 2065 qus
1330 1983 1444 2064 aliquid

291 2080 519 2162 progrediatur
541 2081 591 2146 vel
614 2084 770 2164 originem
790 2085 900 2162 duest,
925 2092 982 2147 sut
1004 2101 1057 2161 66,
1079 2083 1163 2148 unde
1186 2081 1264 2161 quid
1286 2082 1445 2162 capiemus

287 2178 339 2245 vel
361 2178 554 2245 hauriamus.
600 2178 680 2247 Cato
705 2181 742 2246 R.
759 2181 796 2246 R.
821 2199 847 2247 c.
864 2184 918 2245 42:
944 2184 1029 2255 Quod
1053 2201 1144 2258 genus
1160 2181 1442 2242 -fieum-esso

285 2281 378 2352 voles,
400 2278 600 2341 tudelionum
615 2314 658 2325 -
673 2284 802 2342 eximito.
838 2280 898 2347 Hie
919 2284 987 2342 iude
1012 2283 1062 2344 est
1084 2277 1172 2343 notio
1196 2276 1445 2341 demonstrativo

275 2374 484 2460 ,respondens
507 2377 682 2456 pronomini
706 2375 842 2442 relativo
863 2382 951 2456 quod.
996 2377 1030 2442 C.
1058 2380 1132 2440 157:
1162 2377 1232 2437 inde
1254 2378 1348 2451 aliqui
1368 2393 1443 2437 mor·

285 2474 340 2535 bus
363 2476 505 2538 noscitur.
550 2472 586 2540 C.
610 2479 666 2539 54:
698 2479 776 2538 Inde
799 2480 948 2540 semodios
971 2478 1095 2552 singulis
1116 2476 1211 2535 bnbns
1238 2476 1269 2533 in
1292 2474 1359 2536 dies
1381 2474 1443 2534 dsri

285 2579 416 2647 eportet.
461 2572 555 2636 Ennii
576 2572 711 2639 Medeae
733 2573 835 2639 exulis
857 2575 894 2639 fr.
922 2580 948 2653 l,
974 2591 1002 2637 v.
1027 2577 1088 2637 282
1110 2572 1151 2636 de
1174 2571 1308 2651 origiue.
1342 2568 1442 2634 Plsnt

285 2667 399 2748 Amph.
424 2667 449 2746 1,
476 2674 502 2746 l,
528 2673 605 2736 273:
630 2673 734 2734 (ledus
752 2680 819 2733 erut
841 2676 917 2735 vini:
940 2673 1010 2733 inde
1031 2671 1143 2747 inplevi
1166 2672 1311 2731 hirneam.
1349 2666 1441 2733 Most

284 2784 314 2829 v.
338 2769 417 2832 879:
451 2769 532 2829 Bene
555 2787 675 2831 merens
698 2773 756 2832 hoe
778 2773 859 2846 preti
880 2772 949 2831 inde
971 2772 1083 2832 sbstoli
1111 2769 1187 2846 (666
1210 2761 1441 2844 6161666666).

284 2861 399 2927 Pseud.
416 2882 443 2927 6.
462 2869 532 2929 688.
564 2865 652 2931 Pers.
669 2865 729 2947 Ill,
748 2873 775 2946 l,
792 2870 843 2930 66.
881 2865 997 2932 Β6666.
1013 2866 1054 2945 ΙΙ,
1077 2869 1106 2943 2,
1131 2870 1186 2929 54:
1209 2865 1287 2925 Inde
1310 2883 1367 2940 ego
1389 2866 1438 2926 66

285 2963 334 3024 die
358 2965 491 3039 aliquam
510 2967 703 3028 msehinabor
725 2968 903 3041 machinam,
928 2967 989 3028 666
1012 2958 1226 3044 6161666666,
1249 2959 1439 3044 6161661166

284 3055 396 3137 166666.
446 3058 542 3125 Μ661.
573 3080 600 3124 6.
634 3066 708 3127 103:
743 3065 803 3124 sibi
829 3066 952 3140 quisque
990 3066 1060 3125 inde
1090 3066 1257 3139 exemplum
1291 3069 1440 3138 expetunt

285 3153 499 3222 0666168666.
522 3157 664 3223 Fallacia
686 3158 725 3223 fr.
751 3167 781 3239 4,
802 3178 829 3223 6.
852 3166 910 3224 47:
934 3165 960 3223 si
978 3162 1047 3222 inde
1069 3163 1156 3222 abest
1177 3162 1294 3222 iniurius

370 3253 399 3317 d.
433 3255 482 3320 De
503 3255 699 3336 hominibuS,
722 3285 765 3307 =
787 3261 825 3320 ob
848 3277 899 3335 66,
934 3278 970 3321 ex
993 3277 1039 3320 eo.
1083 3257 1187 3322 Plaut.
1210 3256 1327 3321 Pseud.
1350 3255 1394 3334 ΙΙ,
1415 3259 1440 3333 2,

284 3355 340 3417 28:
372 3355 450 3428 Quis
471 3358 573 3418 vidore
595 3357 665 3417 inde
688 3374 769 3430 esse,
800 3355 829 3418 h.
854 3374 881 3419 6.
905 3376 925 3421 6
945 3355 1054 3419 milite.
1100 3351 1440 3435 (6666661666

282 3449 379 3531 phebi
401 3448 439 3515 fr.
466 3456 493 3530 l,
516 3471 544 3515 6.
562 3456 641 3518 206:
663 3462 698 3515 ut
718 3456 788 3514 inde
810 3454 952 3515 auserem.

368 3567 396 3614 6.
432 3547 646 3630 coniungitur
666 3552 829 3615 66666616
852 3550 1047 3628 nominibus,
1082 3548 1136 3614 ubi
1165 3547 1302 3614 alieuius
1323 3546 1372 3614 rei
1393 3545 1440 3612 661

283 3649 409 3714 numeri
432 3665 506 3727 pars
530 3655 581 3713 est
603 3648 815 3713 describenda
836 3649 891 3725 itu,
913 3652 951 3711 nt
972 3646 1133 3727 particule
1151 3661 1210 3726 pro
1226 3646 1441 3745 genitivoput

281 3762 343 3826 pro
365 3765 402 3808 ex
424 3748 486 3808 illis
510 3745 614 3825 posits
636 3745 794 3810 videatur.
825 3744 953 3809 Terent.
971 3745 1105 3825 Adelph.
1122 3743 1147 3821 I,
1176 3750 1202 3821 1,
1225 3747 1281 3808 21:
1306 3747 1371 3806 noti
1390 3745 1440 3806 filii

282 3847 365 3906 Duo:
388 3845 458 3929 §sede
479 3862 534 3920 ego
558 3847 636 3909 buno
658 3847 802 3906 maiorem
825 3847 965 3921 adoptavi
986 3846 1067 3918 mibi,
1091 3838 1261 3921 qnod'sec.
1283 3841 1440 3907 Domum

281 3957 340 4022 pro
364 3930 401 4003 er
424 3944 486 4003 illis
508 3941 648 4020 positum
671 3946 730 4006 est.

368 4037 389 4102 Ι.
424 4036 594 4103 Notionem
617 4037 717 4104 hebet
739 4056 863 4104 causae.
909 4039 1014 4104 Plsnt.
1038 4037 1134 4103 Poen.
1158 4035 1239 4118 prol.
1262 4053 1292 4102 v.
1310 4040 1345 4101 2:
1367 4037 1440 4099 Inde

282 4139 355 4198 mihi
377 4140 557 4214 principium
582 4140 697 4214 ospism
721 4157 757 4199 ex
780 4141 838 4200 hae
861 4140 1025 4214 tragoedis,
1048 4134 1078 4200 h.
1102 4153 1129 4200 o.
1152 4139 1334 4216 propterea

368 4253 398 4316 g.
422 4237 471 4301 De
483 4242 627 4314 tempore
641 4237 904 4315 usurpatoribus,
926 4235 1028 4302 sloeo
1040 4233 1244 4310 translatum,
1267 4236 1368 4312 atque
1380 4230 1441 4312 pri·

282 4349 369 4397 mum
386 4331 544 4414 signifieat
560 4353 597 4396 ex
615 4351 651 4395 66
668 4341 813 4409 tempore.
860 4332 911 4398 Sic
922 4334 1003 4399 Eun.
1023 4331 1125 4398 66661.
1146 4331 1167 4396 l.
1180 4330 1206 4409 l,
1228 4329 1267 4394 fr.
1282 4334 1336 4411 67,
1351 4348 1381 4395 6.
1395 4332 1441 4395 98.
