3125 5075
202 384 264 444 252
494 374 558 415 cet‘.
571 374 617 414 xt'.
644 338 791 414 nocibilia
805 370 1058 412 ltltusclarlouull.

200 563 284 647 quod
307 562 448 643 elliptice
471 563 590 628 dictum
614 580 686 643 pro:
709 580 773 626 uon
795 561 918 626 iacies?
960 579 990 625 u.
1017 565 1094 627 192:
1126 582 1185 625 ιιοιι
1210 559 1268 623 ss?
1290 557 1357 639 (int

199 662 289 727 irata.
318 661 386 725 Iam
402 662 527 728 dixerat
542 659 771 740 Adelphasium
794 678 830 725 se
843 678 905 723 ιιοιι
921 676 994 723 essa
1008 660 1136 738 iratam,
1160 657 1218 724 sed
1234 653 1359 738 quaerit

199 759 428 841 Agorastocles
454 760 572 824 iterum
598 759 675 838 boc,
710 765 746 822 ut
769 758 849 823 aciat
871 758 1006 836 certius,
1040 763 1077 823 tu
1104 757 1206 839 igitur
1233 773 1298 820 uon
1325 771 1359 819 es

199 858 297 938 irata,
325 857 590 938 quemadmodum
621 856 716 921 modo
743 855 895 928 disistit).
945 854 988 936 V,
1011 859 1045 936 2,
1071 860 1127 920 51:
1161 858 1230 918 Non
1254 852 1358 916 audiri

201 962 238 1036 ὁ,
268 960 322 1020 22:
362 959 426 1018 Non
457 957 551 1033 pudet
583 974 705 1032 pueram
735 958 899 1032 amplexari
929 957 1071 1017 baliolum
1099 957 1129 1016 iu
1157 955 1260 1015 media
1291 950 1360 1014 risi

201 1053 289 1119 Pers.
315 1052 378 1131 HI,
407 1059 433 1134 1,
457 1058 507 1117 57.
531 1052 587 1132 IV,
609 1058 640 1130 4,
663 1056 721 1117 90:
749 1072 809 1114 ιιοιι
833 1055 915 1115 uides
938 1052 1008 1116 -2
1051 1069 1081 1115 v.
1107 1057 1178 1117 119.
1212 1049 1297 1114 itud.
1318 1046 1359 1127 II,

202 1156 231 1229 3,
264 1156 320 1216 ll:
352 1155 418 1215 Non
451 1151 557 1215 veuit?
591 1148 808 1231 (admirantis;
847 1165 1039 1230 quamquam
1074 1147 1259 1229 Ampelisca
1300 1145 1359 1211 iam

201 1249 326 1314 dixerat
360 1249 517 1314 neminem
551 1247 614 1313 huc
652 1247 793 1319 venisse,
831 1252 937 1312 tanum
974 1247 1091 1313 iterum
1128 1248 1359 1328 obstupescens

202 1348 329 1426 quaerit
350 1346 410 1412 hoc
431 1346 615 1419 Trachalio,
643 1352 680 1410 ut
702 1346 822 1412 certius
850 1345 946 1410 etiam
975 1344 1079 1427 sciat).
1123 1364 1153 1410 v.
1180 1349 1231 1409 17.
1256 1348 1309 1408 25.
1331 1348 1358 1420 4,

204 1447 257 1508 12:
281 1448 348 1507 Non
372 1449 444 1507 licet
466 1454 496 1507 te
519 1449 562 1508 sic
585 1447 736 1523 placidula
761 1448 868 1507 bellam
891 1446 972 1506 belle
995 1443 1145 1521 tangere?
1179 1440 1242 1518 111,
1259 1447 1291 1511 4,
1309 1444 1359 1505 le:

203 1544 280 1604 Mihi
306 1562 366 1604 non
395 1547 487 1606 liccat
515 1563 597 1606 meas
627 1546 753 1606 aucillas
781 1545 908 1604 Veneris
939 1544 975 1603 de
999 1560 1052 1604 ara
1073 1540 1250 1605 abducere?
1279 1537 1310 1602 h.
1332 1555 1358 1601 e.

204 1638 306 1719 quid?
328 1644 365 1705 tu
388 1641 468 1707 diois
488 1641 565 1713 mibi
588 1658 650 1707 uon
672 1640 769 1705 licere
791 1641 855 1703 -i
900 1645 930 1720 5,
947 1644 996 1704 37.
1021 1644 1051 1719 6,
1074 1643 1124 1705 32.
1170 1637 1228 1714 Ν,
1252 1642 1283 1714 3,
1306 1640 1358 1700 29:

202 1738 269 1800 Nou
294 1738 387 1814 ierat,
416 1744 441 1803 si
472 1742 607 1803 domiuus
630 1739 752 1802 veniat?
784 1735 970 1817 (Conclusio
994 1737 1108 1807 exiis,
1136 1753 1222 1816 quae
1243 1734 1360 1814 Gripus

202 1840 298 1900 antea
320 1834 409 1916 dixit,
434 1836 519 1904 iacta
541 1858 560 1901 a
582 1836 809 1902 Trachalione:
840 1847 876 1901 tu
899 1853 976 1916 crgo
999 1853 1111 1900 censos
1132 1852 1197 1899 non
1222 1834 1359 1898 laturum

202 1931 374 2014 dominum,
397 1934 425 1999 si
448 1936 578 2000 veniat?
607 1943 638 2015 4,
663 1940 713 2000 81.
737 1933 775 2010 V,
800 1938 830 2014 3,
856 1937 911 1998 16:
935 1937 1001 1996 Non
1019 1934 1133 1995 debas?
1157 1933 1218 2011 (=
1234 1937 1272 1994 tu
1288 1948 1361 2011 ergo

203 2033 236 2094 te
258 2048 321 2094 ιιοιι
345 2030 464 2098 debere
487 2033 590 2099 dicis?
635 2033 770 2098 Dixerat
796 2031 858 2095 iam
889 2030 922 2095 in
951 2030 1151 2111 praegressis
1172 2029 1305 2095 Labrax
1328 2047 1361 2092 se

205 2145 267 2194 ιιοιι
290 2127 416 2211 debere,
438 2132 495 2196 sed
519 2131 646 2213 quaerit
668 2131 784 2195 iterum
808 2129 928 2210 Gripus
950 2127 1212 2207 admirabundus,
1236 2135 1274 2193 ut
1297 2145 1360 2192 ccr-

202 2224 267 2290 tius
289 2228 386 2292 etiam
410 2228 500 2309 sciat,
522 2248 598 2294 num
621 2228 701 2293 haec
723 2230 792 2294 eius
816 2228 975 2292 sententia
997 2227 1056 2307 sit,
1079 2244 1114 2290 se
1137 2243 1201 2291 nou
1224 2225 1360 2290 deberet.

202 2320 267 2387 lb:
290 2328 357 2388 Non
374 2336 406 2389 tu
428 2332 523 2391 iratus
547 2328 668 2391 mibi’s?
712 2326 768 2406 IV,
792 2331 821 2404 3,
845 2331 878 2390 5:
902 2329 968 2388 Nou
992 2327 1075 2386 vides
1098 2325 1216 2388 referre
1232 2344 1280 2386 mc
1302 2328 1360 2384 uvi-

203 2423 272 2483 dum
302 2433 367 2486 rete
396 2430 460 2488 sino
491 2446 648 2503 squamoso
671 2424 771 2503 poco?
806 2423 904 2490 Stich.
929 2443 956 2486 v.
981 2427 1059 2488 393:
1082 2426 1148 2484 Nou
1172 2421 1286 2485 adest?
1311 2418 1358 2496 Ν,

205 2522 235 2600 2,
259 2524 309 2586 26.
356 2521 440 2587 Trin.
465 2521 490 2600 l,
515 2528 543 2603 2,
567 2527 625 2590 96;
650 2527 715 2586 Non
739 2545 794 2599 ego
817 2527 862 2586 illi
886 2533 1038 2600 argentum
1062 2519 1244 2585 redderem?
1278 2517 1358 2584 Trin.

204 2623 427 2684 v.81121)iei
451 2634 568 2700 tempus
591 2643 649 2685 nou
673 2623 780 2686 videa?
810 2620 865 2698 Ν,
890 2627 918 2690 3,
947 2624 991 2683 10.
1015 2619 1052 2698 V,
1077 2624 1107 2692 2,
1132 2623 1187 2683 29:
1216 2622 1284 2680 Non
1307 2637 1357 2692 ego

203 2737 266 2779 sum
291 2724 387 2781 salute
411 2721 538 2798 dignust
583 2720 847 2796 Troullas:
880 2722 945 2781 Non
974 2721 1039 2795 quis
1069 2737 1234 2795 parumper
1255 2721 1358 2778 durare

205 2819 396 2891 opperirier?
439 2826 469 2896 4,
494 2823 550 2883 tl:
579 2821 644 2881 Non
674 2821 765 2881 audes
794 2820 913 2894 aliquod
944 2818 1016 2879 darc
1040 2818 1111 2877 mihi
1133 2812 1358 2877 munusculum?

202 2927 231 2975 v.
255 2916 313 2977 89:
338 2917 391 2976 isti
414 2934 470 2993 ego
493 2935 551 2977 ιιοιι
575 2922 689 2978 mittam
713 2917 840 2977 munus?
867 2913 908 2986 tir.
933 2932 959 2978 e.
983 2932 1057 2978 num
1081 2914 1153 2993 quis
1177 2929 1230 2976 me
1253 2928 1356 2991 repre·

202 3005 342 3074 hendere
365 3013 475 3091 possit,
498 3014 525 3077 si
548 3014 578 3078 ei
601 3031 715 3078 munus
738 3013 885 3077 mittam?
913 3030 1015 3076 noune
1042 3028 1157 3076 munus
1180 3010 1213 3074 ei
1236 3010 1358 3073 mittero

203 3123 308 3170 meum
334 3107 472 3175 officium
501 3112 594 3192 esti).
640 3110 706 3187 llI,
741 3116 775 3189 1,
809 3115 861 3174 18:
890 3110 1024 3173 nullust?
1067 3108 1129 3184 IV,
1154 3115 1191 3184 2,
1221 3114 1274 3173 19:
1297 3110 1356 3169 Nou

203 3222 258 3281 ago
281 3227 359 3269 nunc
382 3211 462 3271 intro
486 3213 522 3271 ad
546 3230 598 3272 uos
622 3211 748 3273 mittar?
778 3228 806 3272 ιι.
831 3214 888 3272 34;
911 3213 977 3270 Νοιι
1002 3212 1073 3269 licet
1096 3213 1132 3268 de
1155 3211 1284 3269 obsonio
1299 3222 1359 3265 meo

204 3322 250 3365 ma
273 3311 452 3383 participem
475 3308 566 3371 fieri?
591 3308 698 3388 (Vulg.
722 3308 837 3370 obsonii
858 3325 939 3371 maa.
983 3309 1054 3368 Meo
1068 3305 1194 3369 addidit
1218 3302 1357 3367 Bothius.

204 3400 286 3467 Vide
308 3404 404 3467 ctiam
428 3405 574 3485 Kampm.
595 3407 634 3469 dc
656 3409 723 3468 DE
743 3422 852 3486 praep.
877 3423 906 3485 p.
932 3406 973 3480 3).
1017 3403 1071 3481 Ν,
1094 3410 1124 3479 4,
1149 3406 1207 3467 28:
1234 3406 1294 3464 lam
1318 3419 1357 3460 ma

203 3507 284 3562 tuom
307 3506 425 3564 oculum
448 3524 505 3566 ιιοιι
529 3505 640 3567 vocas?
688 3508 736 3582 10,
758 3509 816 3568 42:
850 3507 907 3564 Dic
936 3505 1014 3565 bona
1043 3504 1116 3565 lide:
1144 3512 1177 3564 tu
1207 3505 1238 3562 id
1260 3518 1357 3563 aurum

202 3617 261 3661 sou
293 3601 486 3676 surripuisti?
517 3602 560 3683 (b.
592 3620 619 3666 e.
649 3608 684 3667 tu
716 3619 793 3683 ergo
824 3601 855 3665 iu
884 3619 922 3665 eo
953 3598 1141 3679 perseveras
1171 3598 1258 3680 qrrod
1290 3594 1358 3660 mihi

202 3693 380 3775 affirmasti,
403 3702 436 3762 te
460 3718 574 3765 aurum
597 3718 658 3765 non
682 3700 923 3781 surripuisseil.
959 3698 1065 3763 Plaut.
1090 3699 1219 3778 Fragm.
1244 3715 1274 3778 p.
1292 3699 1358 3767 485,

200 3816 230 3860 v.
260 3801 313 3862 19:
345 3801 411 3860 Nou
440 3817 495 3874 ego
524 3807 553 3859 te
584 3797 665 3874 novi,
693 3801 807 3861 navalis
843 3801 958 3873 scriba,
992 3800 1146 3859 columbar
1181 3792 1359 3873 impudens?

201 3892 318 3959 Caecil.
345 3895 426 3960 Stat.
451 3894 533 3958 Exul
565 3893 601 3958 fr.
626 3901 663 3960 2:
694 3916 752 3959 ιιοιι
775 3899 852 3958 haec
880 3897 990 3973 putas?
1017 3915 1075 3957 ιιοιι
1107 3898 1181 3956 baec
1210 3897 1243 3955 iu
1275 3893 1358 3955 cordo

201 4154 281 4209 nimis
304 4154 438 4209 recedunt
466 4171 484 4209 a
507 4153 585 4209 codd.
609 4154 740 4223 vestigiis.
777 4153 835 4207 lam
859 4153 975 4208 Botbius
1002 4153 1113 4224 scripsit
1142 4153 1169 4207 in
1195 4153 1239 4210 ed.
1265 4155 1357 4209 altera:

201 4236 258 4291 AG.
280 4235 339 4288 Noa
350 4239 425 4306 sac„
445 4241 508 4287 aori
544 4237 596 4291 ΜΙ.
617 4239 731 4306 ricquius
749 4240 775 4289 in
798 4254 836 4288 me
854 4240 888 4288 rit
932 4236 989 4291 Ab.
1010 4235 1124 4291 Morare.
1160 4238 1221 4292 AD.
1251 4238 1280 4289 Il
1302 4236 1358 4289 nole

200 4319 284 4382 sacis,
302 4319 331 4373 in
347 4318 496 4374 novissima
515 4318 609 4373 eodem
629 4322 724 4389 modo,
749 4320 802 4375 uisi
824 4319 897 4389 quod
915 4321 1033 4375 alterum
1057 4320 1124 4376 illud
1147 4338 1199 4372 noa
1216 4321 1312 4376 retulit
1327 4318 1356 4373 ad

202 4400 285 4456 rerba
303 4402 473 4472 Milphionis,
492 4416 543 4471 per
560 4403 804 4472 interrogationem
822 4405 932 4459 elutum.
