3125 5075
275 374 341 436 346
570 361 632 402 CAP.
646 361 692 401 XV.
719 360 867 401 nooman
901 358 1150 399 mruucln'tlouuit.

279 558 391 619 addito.
437 555 515 627 Quoi
538 571 609 612 euro
633 553 738 610 dentes
760 552 853 609 vincti
875 555 991 624 escunt,
1014 553 1064 607 oet
1086 551 1126 608 im
1149 567 1218 610 cum
1233 552 1289 610 illo
1314 548 1437 622 sepelire

279 671 403 714 nrerove
428 669 459 711 se
489 650 593 709 lrnude
622 654 695 708 esto.
740 645 843 708 Plaut.
868 643 959 725 Cept·
983 644 1047 722 111,
1072 651 1105 720 5,
1130 650 1188 709 32:
1224 649 1283 721 Qui
1307 663 1363 720 per
1385 647 1438 704 vir·

279 758 372 812 tutem
396 749 489 824 perit,
513 751 544 805 al
567 765 625 807 non
649 743 700 820 [is]
724 746 838 817 interit,
854 742 894 806 de
910 760 972 821 quo
988 742 1058 807 loco
1074 742 1147 806 vide
1162 741 1253 806 Rost.
1272 747 1438 805 comment.

279 845 387 909 Plane.
411 862 440 923 p.
465 847 537 906 241.

365 960 393 1006 o.
433 941 481 1004 Dc
505 946 538 1001 at
559 942 638 1001 enim
652 957 681 1001 v.
699 937 860 1001 Hondium
876 954 906 1017 p.
928 942 992 1001 444
1008 952 1077 1016 sqq.
1098 934 1198 999 Noev.
1216 934 1440 1017 Gymnesticue

279 1039 317 1104 fr.
342 1046 369 1102 7.
414 1037 516 1100 Plaut.
547 1035 623 1101 cist.
647 1035 702 1113 IV,
727 1040 762 1110 2,
791 1040 848 1102 73:
878 1036 923 1095 At
948 1037 1027 1095 em'm
1057 1038 1109 1096 ille
1138 1036 1259 1110 quidem
1290 1043 1441 1109 argeutum

281 1139 404 1212 expetit.
450 1133 519 1197 HA.
543 1137 587 1195 At
607 1138 686 1195 enim
708 1138 824 1212 expetit
851 1135 1039 1210 nequiquam.
1086 1131 1202 1196 Bacch.
1231 1150 1261 1195 v.
1293 1136 1373 1196 991:
1402 1132 1441 1189 A!

278 1236 356 1298 enim
379 1234 457 1308 quod
480 1243 509 1293 te
529 1235 615 1293 iubeo
638 1231 742 1295 tocies.
787 1232 842 1311 IV,
872 1236 926 1309 10,
951 1235 984 1297 6:
1011 1238 1045 1293 ot
1070 1233 1147 1291 enm
1175 1233 1206 1290 ld
1229 1250 1312 1291 rare.
1353 1227 1441 1292 Most

280 1330 347 1406 ΙΙΙ,
369 1334 404 1402 2,
431 1334 505 1392 121:
529 1335 562 1390 ct
583 1333 661 1390 enim
683 1333 833 1391 mulieres.
873 1333 984 1404 3,19:
1006 1329 1143 1390 Atacem
1163 1329 1290 1404 nequid
1308 1328 1442 1402 captioni

285 1431 356 1489 mihi
386 1432 440 1502 sit,
476 1430 501 1487 si
533 1429 665 1488 dederim
690 1430 753 1489 tibi.
799 1427 881 1491 Men.
913 1425 951 1500 V,
974 1430 1005 1503 2,
1028 1431 1084 1491 39:
1114 1428 1158 1486 At
1182 1427 1263 1486 enim
1294 1428 1349 1486 ille
1378 1426 1442 1484 hinc

280 1536 361 1586 emet
385 1529 574 1587 meretricem
598 1543 635 1584 ex
657 1544 810 1599 proxumo.
856 1524 972 1588 Pseud.
995 1522 1026 1602 I,
1058 1528 1095 1599 5,
1120 1529 1174 1585 el:
1208 1525 1253 1584 At
1282 1527 1363 1583 etaim
1395 1542 1441 1582 ue·

280 1626 418 1698 quiquam
442 1625 532 1683 nevis.
576 1639 605 1683 v.
633 1626 706 1686 124:
729 1623 773 1683 At
792 1625 870 1682 enim
886 1625 948 1684 scin
970 1623 1040 1697 quid
1056 1624 1128 1681 mihi
1143 1625 1172 1681 in
1189 1629 1322 1681 mentem
1341 1620 1442 1680 venit?

281 1718 330 1791 ΙΙ,
357 1724 391 1797 2,
415 1723 474 1782 46:
498 1720 542 1778 At
563 1721 640 1778 enim
664 1723 726 1779 scin
750 1724 820 1796 quid
844 1721 914 1781 est?
958 1719 1054 1782 Poeu.
1079 1717 1139 1796 ΙΙΙ,
1163 1725 1192 1797 3,
1215 1724 1276 1781 49;
1299 1720 1347 1779 Ac
1371 1722 1441 1778 enim

281 1820 329 1878 hic
353 1821 445 1891 clem,
468 1818 583 1895 furtim,
608 1835 674 1878 esse
697 1820 767 1878 volt.
812 1815 870 1888 lv,
893 1822 928 1895 2,
951 1820 1006 1882 92;
1029 1818 1074 1877 At
1094 1821 1172 1878 enim
1195 1820 1272 1878 nihil
1294 1826 1354 1893 est,
1378 1819 1440 1889 nisi,

281 1919 349 1976 dum
373 1918 467 1989 colet,
492 1917 548 1974 hoc
572 1917 679 1989 egitur.
718 1913 756 1993 V,
779 1920 818 1992 4,
842 1919 896 1978 26:
920 1917 965 1975 At
984 1918 1063 1976 enim
1086 1919 1152 1976 volo
1175 1918 1232 1976 hoc
1254 1933 1339 1990 egee.
1378 1912 1440 1976 HA

282 2012 327 2073 Ac
349 2015 426 2072 enim
448 2032 512 2087 ogo.
558 2010 646 2074 Pete.
672 2010 708 2090 V,
733 2017 768 2086 2,
795 2017 852 2075 512
875 2014 921 2074 At
942 2016 1038 2086 enim,
1062 2014 1140 2089 quod
1162 2016 1213 2073 ille
1237 2015 1368 2087 meruit,
1392 2014 1441 2071 tibi

283 2112 311 2169 id
336 2111 415 2170 obsit
437 2112 513 2171 volo.
561 2106 658 2173 Stich.
681 2108 712 2188 I,
737 2113 772 2188 2,
798 2115 855 2173 72;
878 2113 922 2171 At
945 2114 1022 2172 enim
1045 2130 1098 2172 noe
1122 2128 1246 2187 quornm
1271 2128 1323 2170 ree
1347 2113 1440 2185 egitur

281 2210 370 2267 uliter
393 2215 530 2268 coctores
562 2227 670 2270 sumus.
716 2207 799 2271 Triu.
822 2206 886 2288 ΠΙ,
911 2214 943 2283 3,
969 2214 1024 2274 77;
1054 2208 1099 2267 At
1127 2211 1204 2267 enim
1235 2209 1326 2267 nimis
1357 2210 1439 2281 longo

282 2323 419 2366 sermone
443 2309 566 2365 utimur:
599 2308 685 2364 Diem
713 2307 901 2380 conficimus,
928 2325 1014 2382 quom
1044 2308 1102 2366 iom
1133 2312 1332 2381 properatost
1360 2323 1437 2380 opus·

281 2400 407 2465 Terent.
433 2401 546 2465 Heaut.
573 2401 625 2479 IV,
650 2406 684 2479 3,
710 2406 765 2465 21:
790 2402 850 2467 SY.
875 2405 1127 2465 Videndumet-
1142 2405 1229 2463 emioi
1247 2422 1368 2478 quoque
1385 2421 1435 2473 res,

282 2500 395 2571 Clinia,
420 2503 462 2560 tui
485 2504 514 2559 in
538 2508 601 2560 tuto
626 2508 658 2561 ut
681 2504 866 2564 conlocetur.
911 2505 986 2563 Nem
1010 2506 1035 2563 si
1060 2521 1138 2563 nunc
1158 2520 1175 2562 o
1198 2503 1286 2563 nobis
1317 2504 1382 2561 abis
1411 2509 1434 2560 et

281 2599 459 2659 Bacchidem
484 2602 531 2657 hic
557 2602 714 2674 relinquis,
738 2602 837 2661 Senex
860 2605 1004 2662 resciscet
1026 2605 1096 2661 ilico
1114 2619 1179 2661 esse
1197 2602 1277 2659 hauc
1294 2600 1434 2673 Clitipho-

283 2700 344 2757 nis:
370 2701 401 2756 Si
425 2699 595 2773 obduxeris,
620 2702 784 2774 celabitur,
808 2699 910 2757 itidem
935 2709 967 2758 ut
983 2704 1081 2760 celate
1097 2701 1194 2758 adhuc
1216 2708 1273 2757 est.
1315 2693 1376 2758 CL.
1399 2695 1434 2754 At

281 2798 358 2854 enim
381 2799 456 2854 istoc
482 2799 521 2855 nil
546 2805 593 2854 est
615 2798 724 2868 munis,
750 2798 840 2873 Syre,
871 2799 944 2856 meis
968 2800 1079 2871 nuptiis
1110 2797 1287 2867 advorsum,
1313 2794 1369 2857 nbi
1395 2792 1431 2855 di·

282 2900 367 2956 ctmn
397 2902 446 2953 oet
469 2893 499 2952 iu
523 2892 733 2969 occupatione
764 2891 887 2955 alienae
909 2891 960 2954 vel
984 2892 1160 2955 contrariae
1185 2893 1387 2961 sententiae,
1409 2908 1430 2950 v.

282 2989 428 3053 Schuetz.
453 2990 553 3052 doctr.
578 2994 659 3067 part.
684 3007 713 3067 p.
730 2993 780 3052 85.
819 2987 945 3053 Phorm.
963 2991 1021 3067 ΙΙΙ,
1039 2996 1067 3059 2,
1084 2996 1116 3053 2;
1141 2994 1217 3053 Audi
1236 2994 1318 3067 quod
1335 2994 1429 3052 dicen.

282 3087 347 3150 ht).
370 3089 414 3146 At
437 3090 515 3147 entim
537 3090 640 3147 taedet
662 3091 719 3148 iem
744 3090 848 3148 audire
872 3093 975 3151 eedem
999 3093 1125 3150 miliens.
1171 3089 1310 3170 Adelph.
1341 3088 1387 3166 ΙΙ,
1409 3092 1430 3155 l,

283 3191 338 3248 14:
361 3189 405 3246 Al
427 3189 505 3245 eni-m
529 3206 585 3247 non
610 3189 713 3246 sinent.

367 3303 394 3363 p.
433 3286 477 3344 At
505 3286 593 3345 ctiam
621 3282 725 3346 Plaut.
751 3282 864 3361 Amph.
899 3283 953 3360 IV,
977 3288 1012 3361 2,
1042 3289 1077 3345 5:
1111 3286 1247 3344 Sceleste
1284 3292 1319 3345 at
1353 3290 1430 3345 etiem

280 3385 348 3457 quid
373 3386 477 3460 velim,
502 3384 530 3440 id
555 3393 584 3442 tu
608 3400 654 3442 me
677 3381 788 3456 rogus?
813 3380 899 3442 Asin.
924 3380 967 3456 V,
999 3384 1036 3459 2,
1066 3386 1120 3444 73:
1151 3382 1196 3440 At
1228 3385 1321 3441 ctiam
1353 3385 1430 3443 cubet

280 3483 420 3540 cuculus:
446 3498 533 3554 surge
558 3488 683 3538 amator.
728 3475 820 3555 Capi.
844 3495 872 3538 v.
896 3483 959 3541 454
982 3496 1045 3556 sq.:
1070 3482 1216 3554 Expedivi
1241 3485 1431 3540 excercitum

280 3578 382 3650 filium,
407 3583 431 3635 si
458 3581 502 3637 dis
526 3581 634 3651 placet.
681 3578 725 3637 Ac
745 3579 835 3639 ctiam
852 3579 984 3638 dubitavi
1008 3581 1062 3638 hos
1086 3578 1220 3637 hominos
1246 3598 1378 3638 cinerem
1400 3596 1430 3637 en

279 3695 337 3736 non
363 3693 491 3735 emerem
515 3678 572 3735 diu.
618 3674 675 3753 ΙΙΙ,
698 3681 733 3750 4,
759 3680 813 3740 31;
837 3679 882 3736 At
903 3679 1006 3750 etiam,
1029 3676 1171 3752 furcifer,
1194 3678 1278 3735 Male
1303 3680 1384 3751 loqui
1400 3677 1432 3735 mi

279 3768 394 3834 audes?
438 3771 503 3834 Mil.
529 3770 584 3847 IV,
607 3781 643 3849 4,
668 3776 704 3835 6:
729 3776 771 3836 Ut
794 3778 892 3850 lepide
909 3777 1116 3836 deruncinavit
1138 3777 1274 3835 militem.
1316 3773 1375 3836 lli.
1398 3775 1434 3833 At

278 3873 368 3931 etiam
391 3888 505 3948 porum.
550 3870 631 3934 Rud.
661 3870 725 3949 ΙΙΙ,
756 3877 793 3949 4,
824 3876 852 3936 6.
898 3872 973 3937 Trin
1003 3871 1060 3949 IV,
1090 3875 1125 3950 2,
1158 3875 1233 3934 149;
1271 3871 1318 3930 At
1353 3876 1434 3931 olion

278 3968 454 4030 maledicis?
491 3967 617 4032 Terent.
641 3969 722 4034 Eun.
746 3968 907 4049 lV,4,1:
932 3973 988 4030 Eri
1011 3971 1109 4043 iores,
1132 3971 1279 4030 sceleste:
1304 3976 1338 4031 ot
1353 3975 1434 4030 mum

278 4068 416 4143 restitus,
441 4068 600 4140 Fugitivo?
644 4066 681 4146 V,
699 4072 727 4147 6,
744 4073 781 4134 8:
805 4070 849 4129 At
868 4071 957 4129 ctiam
977 4073 1073 4144 primo
1089 4070 1229 4129 collidam
1245 4077 1278 4128 et
1295 4071 1434 4130 disertum

279 4166 394 4225 credidi
417 4167 574 4227 hominem.

364 4274 393 4340 q.
431 4262 476 4322 Ac
495 4265 573 4330 iam,
601 4268 634 4322 at
654 4281 740 4324 culce
791 4263 895 4329 Pleut.
925 4262 1038 4343 Amph.
1068 4262 1098 4341 I,
1131 4268 1161 4340 l,
1197 4266 1274 4326 188:
1308 4268 1434 4327 Mentire

277 4376 364 4421 nune.
411 4356 483 4422 ME.
507 4360 551 4419 At
570 4362 632 4419 iam
655 4361 761 4424 faciem
786 4370 819 4421 nt
841 4381 942 4424 verum
966 4365 1048 4424 dices
1078 4365 1188 4424 dicere.
1234 4361 1324 4427 Trin.
1351 4363 1388 4440 V,
1409 4367 1433 4438 2,
