3125 5075
288 487 352 551 370
581 476 641 517 ΘΛΡ.
657 475 703 515 ΧΥ.
729 473 876 515 nocnatnn
900 471 1151 514 enunciationem.

292 674 348 733 15:
370 670 476 743 quippe
499 668 665 728 honoiem
687 665 830 743 grammor
844 667 918 727 cett
935 659 1148 742 Coniungitur
1170 678 1243 726 cum
1262 657 1444 740 pronomine

289 766 423 831 relativo
446 763 549 828 Plaut.
574 762 660 827 Pers.
685 761 739 841 iv,
763 765 793 839 6,
818 767 873 825 rt:
900 762 1016 838 Qm'ppe
1037 762 1088 834 goi
1119 760 1217 821 irater
1239 763 1306 821 siet
1352 754 1442 821 Trnc

289 862 459 943 1‚1‚4o:
491 865 598 937 quippe
630 862 683 935 gui
712 867 795 921 certo
822 862 894 922 scio.
939 858 1065 923 Terent
1090 857 1207 921 Heout
1235 853 1300 934 111,
1330 859 1365 934 2,
1388 857 1444 918 27:

289 964 403 1040 Qteppe
424 962 476 1035 qai
504 963 679 1037 Magnarum
702 976 792 1033 saepe
821 958 851 1016 id
878 959 1040 1017 remedium
1063 956 1321 1032 aegritudinumst
1366 950 1444 1017 Cum

289 1058 510 1126 coniunctione
532 1075 598 1118 arm
621 1054 714 1119 Ennii
736 1059 835 1118 satur.
860 1052 881 1117 l.
904 1052 959 1130 vl,
982 1071 1011 1116 v.
1035 1057 1084 1118 26.
1107 1051 1211 1117 Plnut.
1236 1051 1319 1116 Rud.
1341 1049 1399 1129 IV,
1416 1056 1445 1127 3,

290 1160 347 1221 to:
370 1157 485 1233 Quippe
506 1172 593 1228 geom
616 1155 766 1230 extemplo
789 1156 819 1213 in
842 1156 998 1214 macellum
1020 1155 1119 1230 pisces
1141 1153 1254 1228 prolati
1274 1153 1355 1212 sient
1370 1152 1444 1213 cett.

375 1256 426 1316 56.
473 1252 696 1313 &alencione
725 1252 944 1313 conditionales.
994 1249 1182 1331 spectemus
1210 1247 1350 1328 primum
1373 1263 1444 1327 par·

293 1350 422 1415 ticulam
446 1349 637 1430 sumptivam
660 1366 684 1412 s.
707 1347 949 1412 conditionalem
972 1351 1009 1410 si.

373 1464 401 1509 a.
448 1449 482 1509 Si
511 1446 640 1527 ponitur
665 1445 698 1509 in
725 1445 913 1526 sumptione.
966 1446 1059 1510 Ennii
1088 1442 1314 1525 Heduphaget
1348 1462 1377 1506 v.
1406 1451 1444 1507 4:

288 1548 368 1608 hune
389 1566 512 1623 magnus
533 1548 561 1607 ei
582 1548 641 1607 erit
663 1546 718 1606 tibi
741 1563 832 1607 sume.
876 1542 981 1608 Plani.
1006 1544 1076 1608 Aul.
1094 1542 1135 1619 Π,
1159 1548 1190 1622 2,
1207 1547 1265 1607 3οε
1290 1546 1443 1619 salvomst,

287 1646 386 1721 siquid
409 1662 468 1706 non
490 1644 578 1720 perit
624 1640 716 1707 Oura.
739 1641 777 1721 V,
801 1646 831 1720 2,
854 1645 912 1705 67:

499 1744 576 1816 Quia
597 1744 660 1802 illic
682 1743 727 1802 ita
748 1743 938 1816 repromissit
958 1743 1040 1819 milri,

497 1838 531 1899 Si
553 1841 706 1915 qumquam
730 1841 807 1901 hanc
823 1840 942 1900 liberali
956 1840 1141 1901 adsernieset
1155 1855 1254 1911 manu,

497 1937 566 1998 Sine
590 1940 797 1998 controversia
818 1953 904 1999 omne
927 1945 1081 2014 argentum
1103 1925 1241 1995 reddere.

287 2030 353 2095 Mil
377 2029 444 2110 ΙΙΙ,
469 2036 503 2110 Ι,
526 2038 583 2099 90:
605 2037 680 2096 Nam
704 2036 782 2097 bona
803 2051 893 2112 uxor,
919 2035 947 2095 oi
969 2052 1006 2097 ea
1026 2036 1094 2095 daci
1116 2031 1222 2111 [potis]
1245 2040 1294 2092 est
1317 2048 1437 2106 osquam

285 2132 434 2205 gentium,
461 2133 520 2193 Ubi
550 2149 615 2194 eam
643 2134 773 2208 possiem
795 2131 968 2210 inveniret,
998 2131 1052 2196 ubi
1074 2128 1234 2194 Lindem:
1256 2128 1313 2207 „st
1334 2151 1378 2180 =
1399 2126 1439 2190 si·

287 2224 429 2306 quidem,
459 2228 607 2293 videlicet
633 2227 690 2293 si.“
734 2227 830 2293 Poen.
855 2228 897 2305 V,
921 2234 955 2307 2,
981 2232 1051 2293 156.
1078 2226 1157 2292 Rnd.
1185 2226 1224 2297 v,
1248 2231 1288 2305 3,
1317 2230 1357 2289 22
1379 2241 1438 2304 so:

288 2324 322 2386 st
349 2327 479 2387 vidulum
507 2331 592 2389 Hunc
623 2330 804 2404 redegissem
832 2332 862 2388 in
889 2336 1070 2405 potestatem
1099 2328 1181 2400 eius,
1215 2328 1348 2387 iuratust
1369 2325 1438 2384 dare

287 2424 528 2486 ministrantem
552 2445 686 2502 magnum
710 2429 835 2504 argenti.
879 2424 1007 2489 Terent.
1031 2422 1165 2503 Adelph.
1188 2421 1255 2502 111,
1279 2427 1316 2497 2,
1338 2425 1394 2484 42:
1413 2422 1439 2482 ei

288 2541 422 2583 maxume
444 2526 597 2585 Fateatur.
640 2542 669 2587 v.
699 2527 754 2587 49:
777 2523 812 2585 Si
834 2524 943 2586 infitias
965 2526 1030 2602 ibit,
1053 2526 1138 2585 testis
1161 2542 1277 2584 mecum
1300 2532 1348 2583 est
1366 2539 1440 2592 unu·

288 2624 335 2682 las
360 2639 446 2696 quem
469 2626 618 2685 amiserat.

369 2717 402 2801 ¹b.
448 2716 641 2799 significatio
669 2719 828 2799 sumptiva
854 2737 1077 2800 nonnunquam
1111 2736 1211 2798 prope
1245 2714 1369 2780 accedit
1397 2711 1435 2775 od

287 2814 496 2895 temporalem
519 2815 622 2880 Plaut.
646 2817 732 2881 Asin.
756 2816 786 2896 Ι,
803 2822 838 2895 3,
856 2822 912 2881 75;
936 2820 1078 2879 Remeato
1095 2820 1247 2890 audacter,
1271 2816 1435 2876 mercedem

287 2916 314 2975 si
341 2916 400 2974 eris
424 2922 561 2976 nanctus:
591 2935 668 2976 nanc
691 2918 753 2991 abi,
776 2914 817 2978 ad
840 2931 868 2993 q.
893 2914 912 2978 l.
936 2914 961 2979 Ι.
985 2914 1073 2979 Gult
1102 2915 1153 2985 „Si
1172 2931 1233 2993 -pro
1256 2930 1337 2981 cum,
1364 2916 1439 2986 post

286 3029 388 3084 guerro,
417 3013 507 3071 omui
533 3017 621 3085 atque
645 3011 721 3090 poni
752 3011 868 3075 amat.“
914 3010 1016 3077 Oasin.
1039 3011 1071 3087 Ι,
1098 3016 1152 3076 18:
1183 3015 1241 3072 huo
1269 3012 1349 3087 quod
1371 3010 1438 3069 reni

286 3112 318 3168 in
346 3111 462 3182 urbem,
496 3111 524 3170 si
552 3112 752 3185 impetravero.
787 3107 873 3190 (Apg
899 3110 992 3187 nisi),
1025 3109 1065 3174 ad
1096 3128 1125 3188 q.
1153 3108 1171 3172 l.
1195 3108 1350 3173 Gronov.:
1386 3106 1439 3175 „Si

285 3204 444 3285 particulo
465 3210 601 3270 utuntur
623 3207 782 3272 interdum
814 3224 852 3271 eo
874 3209 919 3286 vi,
951 3226 1014 3289 qua
1041 3207 1159 3287 alioqui
1180 3209 1232 3267 aot
1255 3205 1308 3269 vel
1337 3206 1439 3266 emal·

285 3309 398 3378 atquefi

371 3421 398 3466 e.
444 3402 477 3461 Si
499 3400 760 3483 significationem
783 3402 882 3468 habet
904 3402 1128 3480 concessivam,
1150 3427 1192 3453 =
1209 3401 1279 3466 etei.
1324 3399 1438 3463 luven-

287 3499 352 3563 tius
374 3499 433 3563 inc.
447 3498 509 3564 tab.
525 3500 564 3564 ir.
582 3505 616 3563 1:
638 3503 747 3577 gaudia
769 3502 830 3564 Soa
849 3504 877 3563 si
899 3518 1000 3564 omnes
1022 3503 1156 3563 homines
1177 3501 1335 3561 conterant
1351 3515 1436 3558 unum

285 3599 315 3657 in
339 3599 446 3675 locum,
470 3600 582 3658 Tamen
604 3617 670 3660 mea
691 3607 853 3675 exsuperet
874 3602 998 3661 laetitia.

256 3684 261 3695 ’
371 3692 400 3756 (Ι.
445 3692 634 3759 Enarrciatio
657 3697 819 3777 sumptiva
839 3696 969 3777 ponitur
991 3713 1049 3777 pro
1071 3695 1311 3775 interrogativa.
1337 3692 1436 3755 Plaut.

285 3789 362 3855 (list.
387 3790 420 3868 1,
445 3796 483 3871 3,
506 3798 560 3857 37:
579 3796 607 3854 oi
628 3797 752 3872 possiet,
776 3791 819 3857 ob
842 3809 872 3856 er
894 3792 1010 3857 tincto.
1055 3792 1121 3857 Mil.
1143 3791 1210 3870 ΙΙΙ,
1236 3799 1270 3870 1,
1296 3796 1352 3856 19;
1386 3791 1437 3851 Sat

284 3895 351 3953 volo
374 3893 470 3964 scire,
494 3891 597 3951 eodem
622 3895 747 3954 consilio
770 3893 849 3969 qood
871 3896 950 3953 intas
972 3893 1107 3952 meditati
1129 3909 1229 3953 sumas
1253 3892 1287 3952 Si
1308 3893 1438 3967 gerimus

283 3980 361 4064 iem,
390 3986 430 4051 ad
460 4001 490 4065 q.
514 3986 534 4051 l.
564 3986 719 4054 Lindem:
749 4005 828 4069 „pro
857 4008 895 4050 an
918 4008 1053 4066 geramus
1075 4008 1147 4052 rem.
1192 3989 1227 4050 Si
1254 4006 1327 4053 cum
1357 3986 1438 4051 indi·

283 4085 404 4161 cotivo,
427 4089 464 4148 ut
486 4084 679 4150 Graecorum
709 4087 734 4147 ei
763 4087 797 4150 in
819 4086 930 4151 eodem
953 4083 1142 4167 significatu.
1187 4086 1361 4167 Exempla,
1383 4083 1436 4151 ubi

283 4185 311 4245 si
333 4199 390 4263 pro
412 4199 468 4260 cn,
497 4179 599 4247 multa
621 4184 782 4265 congessit
800 4182 924 4249 Parcus
944 4184 976 4248 in
1001 4182 1101 4249 lexico
1117 4183 1298 4250 Plautino.“
1322 4180 1435 4248 Pseud.

286 4279 476 4358 1v‚7‚to:
511 4282 573 4343 lum
596 4282 720 4361 dudam,
748 4284 865 4359 eidos,
889 4287 1012 4361 porrexi
1035 4302 1170 4358 manum,
1202 4281 1241 4347 ob
1273 4283 1315 4347 ou
1344 4277 1433 4366 geben

283 4374 427 4457 mactet.
470 4375 567 4442 Poen.
589 4377 672 4459 prol.
696 4398 724 4444 r.
751 4384 799 4445 12.
828 4380 955 4446 Terent.
978 4380 1095 4446 Heaut.
1119 4380 1149 4459 l,
1175 4387 1211 4462 l,
1237 4387 1312 4448 118:
1345 4387 1433 4445 risam

279 4482 309 4539 ei
331 4482 448 4542 domist.
