3125 5075
482 504 572 546 CASUS
586 502 855 543 SUBSTANTIVORUU.
870 524 893 532 -
908 503 1011 544 ABLAT.
1295 513 1354 572 125

283 684 334 745 34.
368 678 398 743 b.
436 680 599 739 Aenum
630 680 727 738 medii.
778 677 849 742 Huc
883 678 1045 757 pertinent
1078 676 1209 741 ablativi
1241 680 1356 739 instru-

203 782 304 855 menti,
335 774 468 842 ablativi
501 792 609 837 cauere
638 778 672 838 et
699 775 782 839 inter
815 774 874 840 hos
908 775 1003 839 etiam
1034 774 1165 840 ablativi
1198 794 1290 837 carna
1323 780 1356 837 et

200 880 303 951 catio

276 973 444 1034 Aolutiuus
465 973 661 1032 instrumenti.
691 969 728 1032 In
750 969 875 1049 legibus
899 969 996 1048 regiis
1019 968 1142 1034 Numae
1167 986 1216 1048 ep.
1234 966 1353 1047 Egger.

200 1088 224 1150 p.
248 1074 290 1134 82
313 1074 381 1133 est:
417 1071 492 1130 Vino
514 1086 617 1145 rogum
641 1087 677 1128 ne
699 1071 877 1143 respergito.
912 1065 977 1129 Lex
1000 1066 1124 1131 Numae
1148 1085 1198 1145 ap.
1223 1064 1354 1129 Festum

200 1185 223 1229 r.
243 1170 348 1245 opimo
378 1169 479 1242 spolie
505 1182 555 1244 up.
584 1164 702 1244 Egger.
733 1182 763 1244 p.
792 1169 847 1228 83:
885 1166 975 1226 Cuius
1004 1167 1137 1240 euspicio
1165 1166 1255 1227 elcese
1283 1181 1356 1237 pro-

201 1268 289 1325 cinctu
311 1267 417 1340 opimo
437 1265 535 1339 spolia
557 1266 723 1337 capiuntur.
755 1262 865 1325 Livius
887 1261 1089 1325 Andronicus
1112 1260 1144 1323 in
1168 1260 1280 1340 Odyss.
1304 1277 1354 1339 ap.

203 1362 305 1425 isidor.
335 1360 416 1440 orig.
448 1358 535 1437 XIX,
559 1366 595 1422 4:
635 1379 732 1422 remos
760 1362 847 1421 iussit
878 1363 1006 1437 religare
1034 1362 1173 1433 struppis.
1220 1356 1300 1420 Non.
1324 1357 1356 1418 in

206 1462 361 1520 lextrabns
385 1476 416 1537 p.
433 1463 496 1522 493
519 1475 557 1521 ex
580 1457 599 1521 l.
623 1455 682 1534 III,
706 1474 734 1519 v.
756 1462 796 1521 35
820 1456 887 1520 Liv.
910 1456 1049 1519 Andron.
1073 1454 1204 1535 Odyss:
1228 1456 1356 1529 deniqne

207 1560 334 1618 moreius
364 1558 527 1618 dextrales
554 1558 666 1635 (χερσίν
689 1549 712 1616 τ’
731 1549 923 1636 ἠσπάζοντο).
967 1552 1048 1617 Livii
1077 1552 1249 1616 Andronici
1278 1550 1358 1613 Aiax

210 1652 461 1733 ilestigoplrorus
489 1651 527 1716 fr.
552 1658 584 1716 2:
622 1655 735 1714 Virtute
761 1657 826 1714 lens
855 1662 1045 1728 praestatur,
1079 1659 1127 1712 set
1149 1654 1242 1713 multo
1275 1651 1356 1710 ocius

212 1753 289 1810 leuto
312 1761 345 1811 et
366 1753 436 1824 pelo
458 1752 596 1811 tebescit.
629 1749 697 1813 Liv.
720 1749 862 1812 Andron.
886 1749 957 1812 Ino:
983 1752 1083 1809 Etiam
1096 1766 1249 1823 purpureo
1272 1765 1357 1809 cures

213 1852 318 1909 include
343 1850 496 1907 cothurno.
521 1845 583 1910 lb.:
606 1851 771 1923 Pressaque
795 1850 852 1908 iam
871 1848 1000 1921 prouida
1023 1850 1174 1922 crepitant
1197 1848 1250 1906 tibi
1273 1853 1359 1920 tergo

212 1948 358 2020 piuretrn.
405 1944 472 2007 Liv.
498 1943 636 2007 Andron.
660 1944 754 2007 Terei
778 1942 814 2007 ir.
839 1949 873 2021 3,
901 1963 930 2008 v.
954 1948 1011 2007 25:
1046 1964 1083 2005 ne
1113 1945 1194 2016 fame
1215 1943 1357 2019 perbitet.

214 2042 267 2106 Liv.
296 2042 438 2106 Andron.
467 2041 505 2105 fr.
533 2041 637 2105 Ludii:
673 2044 793 2103 Corruit
820 2048 905 2118 qnasi
932 2046 1008 2104 ictus
1034 2060 1130 2104 scena.
1167 2044 1231 2117 (est
1256 2056 1358 2119 genus

217 2138 303 2215 turri).
339 2140 408 2203 Liv.
433 2139 573 2202 drudron.
597 2139 742 2219 Aegisthi
764 2138 801 2201 ir.
828 2146 862 2203 3:
900 2144 1000 2201 Iamne
1023 2144 1126 2202 oculos
1148 2140 1241 2213 specie
1264 2141 1357 2199 laetu·

215 2242 270 2297 visti
291 2238 436 2313 optabili?
469 2235 568 2300 Naev.
592 2236 629 2299 fr.
653 2236 809 2316 Appelluo
835 2241 867 2299 l:
897 2240 945 2296 cni
967 2255 1033 2312 cepe
1055 2238 1169 2298 εάιυιᾱο
1193 2268 1230 2278 —-
1254 2239 1358 2297 oculus

216 2338 278 2394 uter
300 2334 442 2412 profluit,
482 2333 536 2397 nbi
563 2353 636 2410 cepe
665 2342 722 2397 aut
751 2351 816 2398 acc.
840 2334 918 2412 sing.
942 2340 998 2397 aut
1020 2350 1085 2398 acc.
1114 2334 1194 2412 plur.
1218 2339 1275 2396 aut
1296 2332 1358 2396 abl.

215 2430 280 2510 sing.
304 2450 377 2496 esse
400 2434 521 2510 potest,
552 2429 589 2493 ci.
613 2430 760 2494 Ruddinr.
783 2430 815 2509 1,
843 2448 873 2511 p.
904 2436 970 2494 114.
1012 2430 1125 2493 Naevii
1152 2430 1291 2509 elogium
1318 2430 1359 2495 ab

217 2528 272 2604 ipso
295 2530 450 2609 scriptum
474 2548 503 2609 p.
529 2532 588 2593 201
613 2528 770 2593 Klussrn.:
794 2532 880 2591 obliti
903 2538 972 2590 sunt
987 2531 1091 2590 Romai
1115 2530 1231 2604 loquier
1245 2530 1360 2588 Latina

216 2627 313 2699 lingua.
361 2626 460 2690 Naev.
492 2626 530 2689 fr.
561 2626 798 2692 Acontizonren.
828 2633 861 2691 3:
900 2627 1051 2700 Supplicia
1079 2635 1169 2686 noctu
1196 2625 1358 2688 interiecit.

216 2721 299 2788 Naev.
323 2723 361 2787 fr.
385 2725 513 2788 Danaos
536 2730 569 2785 5:
602 2729 667 2785 nuri
694 2729 781 2787 iubeo
811 2727 892 2798 sorite
925 2729 1026 2785 lnvere
1055 2727 1202 2785 nerninem
1231 2742 1358 2783 uranum.

216 2820 243 2882 ir.
264 2827 297 2884 9:
333 2842 420 2900 qnam
445 2826 591 2898 quondum
613 2824 740 2895 fulmine
761 2827 815 2884 icit
839 2827 981 2900 luppiter.
1019 2819 1059 2885 ir.
1086 2826 1138 2886 ll:
1177 2822 1238 2881 Suo
1260 2823 1360 2883 sonitu

217 2920 285 2980 clero
318 2922 474 2996 fulgurivit
509 2923 654 2996 iuppiter.
714 2921 825 3000 Equus
862 2921 1033 2984 Troianus:
1079 2939 1237 2997 numquam
1271 2922 1359 2980 hodie

216 3020 323 3094 effugies
357 3022 429 3094 quin
469 3036 533 3077 mea
569 3037 662 3080 rita-me
697 3022 839 3080 Moriere.
885 3018 1038 3081 Hesiona:
1074 3021 1119 3078 Nc
1153 3021 1225 3078 mihi
1252 3036 1359 3095 gerere

216 3132 312 3175 norem
337 3117 439 3175 ridear
459 3116 572 3190 linqua,
595 3137 696 3178 uerurn
720 3119 843 3192 lingula.
881 3117 1017 3198 Lycurg.
1042 3114 1079 3179 ir.
1103 3121 1132 3195 5,
1162 3135 1190 3179 v.
1215 3121 1272 3179 28:
1306 3118 1360 3174 In·

213 3215 287 3284 penio
309 3215 433 3274 arbusto
456 3215 506 3272 nbi
528 3222 600 3274 nutu
623 3223 700 3275 sunt.
738 3213 775 3278 fr.
801 3222 834 3279 7:
872 3218 1021 3276 Sublimon
1047 3219 1121 3276 elios
1144 3217 1174 3275 in
1199 3218 1292 3276 salins
1315 3219 1360 3276 in·

216 3311 295 3386 licite,
321 3314 371 3370 ubi
400 3312 492 3384 Quasi
519 3313 642 3386 bipedes
665 3316 802 3376 volucres
830 3316 890 3374 tino
919 3316 1056 3389 linquunt
1079 3315 1197 3373 lumino.
1243 3310 1279 3376 ir.
1307 3317 1359 3376 ll:

215 3410 253 3469 die
275 3427 332 3484 qno
355 3417 447 3483 pecto
470 3427 535 3468 enm
558 3413 647 3484 potiti
669 3413 748 3473 sitis:
766 3430 910 3486 meane
926 3430 963 3470 un
979 3412 1072 3473 dolis:
1095 3408 1230 3489 Lycurg.
1247 3408 1285 3472 fr.
1306 3414 1359 3473 15:

215 3509 257 3567 sed
286 3508 371 3583 qnasi
400 3509 494 3567 amnis
520 3509 626 3583 rapide
654 3516 754 3569 tamen
779 3512 893 3582 inskxu
919 3510 1059 3569 flectitur.
1097 3505 1134 3569 fr.
1167 3512 1220 3570 17:
1254 3527 1360 3584 aquarn

215 3607 340 3664 creterris
364 3622 481 3665 sumere
505 3623 542 3665 ex
564 3605 656 3667 fonte.
686 3603 724 3668 ir.
748 3610 803 3670 20:
832 3618 865 3668 nt
887 3608 1002 3667 videam
1026 3607 1150 3667 Volcani
1173 3623 1265 3679 opere
1286 3607 1360 3667 haec

215 3704 330 3771 dormis
351 3703 418 3762 fieri
442 3703 526 3762 flora.
559 3700 597 3764 fr.
623 3707 677 3765 22:
705 3706 768 3764 Iam
792 3709 863 3767 solie
884 3710 967 3766 aestu
990 3706 1103 3765 candor
1125 3722 1190 3764 cunr
1214 3706 1360 3778 liquesce·

216 3810 262 3860 ret.
283 3798 322 3862 ir.
346 3803 429 3878 trag.
454 3798 513 3862 inc.
538 3803 572 3862 5:
595 3810 662 3860 eret
684 3801 812 3863 amictus
834 3805 972 3877 epicroca.
996 3800 1095 3865 Naev.
1119 3799 1248 3864 Anicius
1269 3799 1306 3862 ir.
1331 3805 1360 3875 2,

218 3912 238 3959 r.
259 3903 314 3961 22:
336 3897 447 3971 suopte
469 3905 612 3974 utrosque
636 3945 715 3960 ....
738 3901 841 3961 decuit
863 3910 1004 3976 acceptos
1027 3902 1100 3962 oio.
1124 3897 1300 3961 Tarentilla
1322 3896 1360 3962 ir.

220 3997 238 4067 i,
258 4013 285 4060 v.
311 3999 367 4058 71:
391 3997 474 4070 Quae
499 4013 554 4070 ego
577 3999 607 4054 in
630 3999 749 4058 theatro
772 4000 820 4058 hic
843 4001 915 4059 neeis
937 4000 1061 4074 probavi
1079 3999 1245 4071 plausione.
1269 3995 1307 4059 ir.
1332 4001 1360 4075 2,

216 4105 237 4155 r.
259 4098 312 4157 to:
335 4103 368 4154 et
391 4102 490 4154 temen
505 4096 564 4167 ulii
585 4112 639 4155 srw
662 4096 714 4156 det
735 4097 829 4170 digito
851 4100 979 4158 litteras.
1002 4095 1206 4160 Tunicularia
1228 4092 1264 4157 lr.
1284 4099 1311 4171 1,
1331 4111 1361 4156 v.

221 4191 266 4254 roi
290 4208 351 4271 etp:
375 4195 588 4252 circumtectus
611 4195 749 4268 tegetibus
771 4196 866 4255 Leros
887 4197 1016 4255 ludentis
1034 4195 1105 4268 peni
1127 4196 1223 4269 pinxit
1245 4194 1359 4256 moue.

220 4282 272 4351 lnc.
308 4305 389 4352 com.
433 4285 545 4367 fragm.
586 4293 619 4353 3:
666 4293 716 4367 qui
751 4310 803 4353 res
839 4311 961 4371 magnas
997 4310 1091 4353 manee
1138 4309 1228 4366 seepe
1269 4293 1362 4367 gessit

220 4387 345 4456 gloriose.
391 4385 445 4448 Fr.
469 4390 505 4450 5:
540 4389 654 4449 hilma
682 4390 788 4464 linqua
821 4394 984 4466 loquemur.
1029 4388 1148 4452 Fabius
1178 4387 1286 4452 Pictor
1309 4407 1361 4468 ep.

222 4477 325 4562 Egger.
348 4501 380 4563 p.
408 4486 488 4547 106:
514 4487 603 4559 Euroo
625 4488 733 4548 dialem
756 4488 906 4549 flaminem
929 4490 997 4549 vehi
1019 4491 1125 4564 religio
1148 4495 1202 4549 est.
1225 4485 1312 4550 Idem
1329 4504 1360 4566 p.
