3125 5075
964 376 1042 415 DE
1074 377 1459 418 TEMPORIBUS.
1488 398 1532 407 —
1560 379 1877 420 PRAESENS.
2555 390 2635 451 67

345 562 475 636 nde
524 565 685 633 abeo,
728 567 843 634 iam
892 576 1013 640 tum
1062 571 1373 643 inceperat
1417 571 1619 632 Turba
1662 573 1821 630 inter
1863 587 1987 632 eos.
2077 573 2135 648 7,
2167 570 2273 644 22:
2319 586 2494 644 quom
2530 573 2642 636 tibi

345 657 406 720 lo
450 661 641 722 istam'
675 666 979 740 virginem,
1026 668 1231 728 Dixtin
1279 667 1386 727 hos
1430 670 1576 727 mihi
1621 670 1748 728 dies
1794 670 1908 728 soli
1938 667 2080 728 dare
2111 666 2217 726 te?
2249 663 2494 748 Heaut.
2524 666 2640 748 IV,

345 760 391 836 1,
441 759 526 822 37
571 776 700 839 sq.:
769 780 941 835 quom
985 765 1392 838 exponendam
1440 761 1517 826 do
1560 767 1683 839 illi,
1731 766 1818 836 ‚de
1865 766 2048 842 digito
2092 766 2327 844 annium
2369 764 2641 840 Detrahe

345 861 397 914 et
441 873 577 916 enm
626 858 755 919 dico
801 867 866 921 nt
908 878 1027 933 una
1069 879 1201 921 cum
1244 864 1449 936 puella
1493 873 1840 939 exponeret.
1899 859 2057 926 Hec-
2099 859 2156 939 l,
2202 863 2260 938 2,
2301 865 2419 928 41:
2457 864 2638 926 Hanc

345 953 692 1016 3acchidem
724 961 999 1032 Amabat,
1032 966 1097 1020 nt
1128 977 1301 1034 quom
1332 978 1622 1034 maxume,
1670 968 1790 1030 tnm
1823 945 2183 1034 Pamphilus,
2227 960 2414 1035 Quom
2439 967 2634 1036 pater,

345 1069 580 1113 uxorem
629 1061 695 1113 nt
741 1056 936 1129 ducat,
985 1073 1158 1116 orare
1205 1058 1426 1131 occipit.
1516 1056 1722 1122 Plaut.
1756 1054 1984 1137 Amph.
2018 1053 2092 1133 V,
2145 1061 2198 1134 1,
2246 1059 2311 1120 9:
2355 1057 2458 1116 ubi
2499 1076 2636 1133 par-

345 1152 452 1210 πίε
532 1152 676 1213 deos
750 1154 864 1214 sibi
936 1155 1192 1214 invocat.
1294 1152 1427 1218 Mil.
1476 1154 1559 1233 II,
1607 1160 1665 1234 2,
1713 1158 1819 1220 22:
1892 1156 2010 1216 Ubi
2082 1156 2235 1227 abit,
2311 1157 2635 1220 conclamo.

345 1243 598 1310 [erent.
643 1247 808 1313 Eun.
846 1247 891 1320 1.
928 1253 986 1326 2,
1022 1252 1130 1322 52:
1180 1252 1238 1309 Is
1283 1254 1386 1312 ubi
1431 1271 1561 1313 esse
1609 1256 1761 1314 hanc
1803 1252 1994 1314 forma
2035 1252 2193 1312 videt
2238 1253 2489 1314 honesta
2520 1256 2634 1314 vir-

345 1346 530 1420 ginem
576 1379 656 1389 -——
706 1348 1005 1407 Producit.
1096 1345 1181 1425 II,
1217 1352 1274 1425 2,
1310 1352 1417 1413 29:
1476 1352 1585 1411 Ille
1630 1354 1734 1411 ubi
1778 1354 1957 1412 miser
1999 1351 2307 1410 famelicus
2352 1349 2513 1409 videt
2540 1368 2635 1412 me

345 1460 470 1510 ease
529 1451 699 1506 tanto
759 1447 984 1506 honore
1030 1478 1106 1486 —
1159 1445 1292 1521 [ibi]
1341 1449 1514 1509 homo
1571 1452 1772 1524 coepit
1815 1467 1907 1509 me
1954 1450 2270 1509 obsecrare
2315 1449 2464 1508 cett.
2515 1443 2635 1527 ΙΙΙ,

345 1543 529 1618 1‚24:
597 1544 656 1603 Is
699 1544 805 1602 ubi
849 1546 1135 1604 molestus
1182 1547 1368 1620 magis
1419 1552 1527 1621 est,
1593 1544 1851 1622 ‘quaeso'
1905 1548 2141 1621 inquam
2197 1546 2437 1616 ‘Strat0,
2483 1547 2633 1608 cett.

345 1641 389 1716 3,
438 1642 550 1702 11:
619 1643 722 1701 ubi
765 1641 961 1717 friyet,
1022 1642 1135 1702 huc
1184 1646 1387 1705 evasit.
1477 1641 1711 1718 Heaut.
1757 1642 1841 1718 II,
1889 1649 1946 1718 3,
1994 1647 2107 1706 62:
2175 1642 2314 1718 quid
2359 1648 2476 1717 ait,
2529 1644 2636 1703 ubi

345 1754 427 1796 :ne
488 1739 809 1799 nmina-s?
885 1738 1051 1810 fleo.
1099 1737 1149 1816 Ι,
1202 1742 1259 1816 2,
1311 1743 1430 1803 109
1476 1757 1643 1821 sqq.:
1715 1744 1966 1818 denique
2009 1741 2114 1802 ubi
2155 1758 2272 1800 non
2316 1740 2446 1812 quit
2482 1741 2630 1816 pati,

345 1832 600 1895 simulat
657 1855 720 1895 se
777 1839 853 1896 ad
909 1845 1155 1898 matrem
1213 1841 1436 1899 arcessi
1483 1869 1566 1881 —
1612 1842 1749 1900 abit.
1842 1840 1958 1901 Ubi
1999 1841 2126 1900 illic
2179 1839 2304 1898 dies
2349 1842 2434 1898 est
2476 1855 2634 1902 com·

345 1934 548 2007 ilaris,
612 1936 835 1996 arcessi
897 1936 1079 1997 iubet:
1149 1937 1369 1996 Dixere
1427 1955 1663 1998 cansam
1726 1947 1845 1997 tum
1907 1939 2109 1997 nescio
2168 1955 2361 2011 quam.
2416 1936 2629 2010 iterum

346 2031 516 2092 ubet:
593 2034 780 2095 Nemo
836 2035 1083 2095 remisit.
1126 2023 1440 2107 postquam
1498 2040 1802 2095 arcessunt
1850 2036 2121 2108 saepiae,
2187 2038 2443 2118 Aegram
2498 2050 2632 2104 esse

345 2129 618 2192 mmm
656 2134 805 2193 cett.
882 2128 1148 2210 Adelph.
1197 2128 1314 2208 ΙΠ,
1361 2138 1420 2209 4,
1468 2134 1548 2195 25
1596 2148 1722 2209 sq.:
1793 2133 1910 2194 Ubi
1950 2131 2060 2192 scit
2100 2130 2342 2207 factum,
2388 2131 2463 2191 ad
2506 2148 2628 2190 ma-

348 2244 483 2286 rem
531 2230 774 2301 virginis
829 2230 999 2287 Venit
1038 2231 1206 2304 ipsus
1252 2233 1426 2290 ultro.
1474 2227 1683 2292 Plani.
1732 2228 1873 2292 Aul.
1920 2226 2080 2308 prol.
2126 2245 2181 2286 v,
2232 2230 2299 2290 9:
2346 2229 2404 2288 Is
2449 2245 2630 2302 quon-

345 2346 447 2389 am
488 2331 760 2398 moritur,
818 2334 905 2392 ita
949 2334 1135 2392 avido'
1167 2334 1404 2407 ingenio
1450 2331 1579 2393 fnit.
1631 2333 1754 2410 (Ap
1801 2333 2071 2407 qnoniam
2120 2307 2292 2409 (ffi'nr'
2330 2330 2430 2409 Ag
2505 2312 2623 2406 (ιι-η’.

345 2428 625 2504 mium
674 2434 1038 2507 agnoscunt
1081 2428 1322 2507 Popma
1376 2433 1441 2492 et
1483 2429 1776 2493 Donatus
1832 2427 1911 2490 ad
1956 2426 2098 2490 Ter.
2143 2425 2415 2536 Adelph.
2462 2424 2625 2507 prol.

345 2541 386 2586 r.
442 2530 495 2587 1.
547 2543 600 2587 v.
647 2523 908 2589 Taubm.
954 2526 1034 2590 ad
1080 2526 1144 2590 h.
1191 2525 1232 2590 l.
1280 2526 1488 2591 Etiam
1537 2526 1892 2591 Gronovius
1937 2523 2136 2589 edidit
2176 2519 2496 2603 quoniam).

502 2619 826 2702 cognatus
873 2629 974 2689 est
1017 2626 1341 2704 praesenti
1386 2622 1689 2689 historico
1722 2620 2065 2688 infinitivus
2094 2616 2472 2704 praese'ntss,
2517 2622 2625 2703 qui

345 2724 477 2784 >ost
534 2738 589 2783 v.
643 2724 883 2781 memini
943 2722 1233 2802 ponitur,
1292 2722 1402 2787 ubi
1456 2724 1610 2786 item
1662 2722 1829 2785 actio
1866 2719 2184 2785 infinitivo·
2217 2737 2517 2800 expressa
2559 2719 2623 2785 in

345 2834 580 2898 empus
624 2837 930 2898 praesens
980 2821 1385 2885 transfertur.
1475 2819 1578 2887 Sic
1625 2819 1831 2887 Plaut.
1874 2819 2060 2900 Epid.
2106 2816 2186 2899 V,
2235 2823 2291 2898 1,
2336 2822 2446 2883 34:
2492 2822 2626 2881 Non

345 2917 639 2979 munisti
698 2936 788 2977 me
851 2938 1090 2979 auream
1146 2921 1220 2980 ad
1274 2928 1332 2979 te
1402 2921 1641 2992 adferre
1705 2921 1891 2981 natali
1956 2921 2050 2979 die
2116 2920 2406 2981 Lunulam
2476 2921 2624 2981 cett.

345 3012 555 3081 Rseud.
601 3013 713 3092 IV,
762 3018 819 3093 6,
868 3021 978 3079 27:
1041 3019 1408 3081 Meministin
1457 3020 1563 3078 tibi
1611 3035 1702 3077 me
1748 3018 1962 3077 dudum
2001 3016 2197 3089 ‚dicere
2240 3017 2471 3077 venisse
2517 3018 2623 3078 mi-

348 3114 418 3172 iti
468 3115 870 3176 Macedonio?
958 3114 1212 3179 Terent.
1259 3113 1455 3176 Andr.
1501 3113 1586 3190 11,
1634 3119 1691 3189 5,
1744 3118 1849 3175 17:
1911 3113 2041 3189 Ego
2086 3115 2248 3177 illam
2294 3113 2446 3187 vidi:
2506 3102 2624 3175 vir!
2663 3098 2672 3109 ¹

345 3211 518 3284 {inem
569 3212 760 3285 forma
805 3215 960 3273 bona
1001 3215 1252 3275 Memini
1294 3216 1508 3274 videre.

497 3311 551 3371 3.
599 3308 913 3377 Praesens
958 3309 1047 3373 ita
1093 3317 1459 3390 usurpatur,
1506 3313 1580 3372 ut
1622 3304 1723 3370 vel
1769 3305 2022 3369 omnino
2067 3303 2167 3367 vel
2215 3322 2292 3368 ex
2321 3314 2505 3386 parte
2536 3306 2617 3371 ad

345 3422 580 3485 empus
641 3408 924 3471 futurum
985 3413 1250 3488 spectet.
1339 3404 1606 3472 Praeter
1663 3403 1967 3477 formulas
2022 3400 2328 3482 quasdam
2374 3402 2621 3479 soliem-

346 3520 465 3581 ιε’-ε,
528 3504 634 3569 ubi
682 3523 985 3585 praesens
1029 3523 1146 3584 pro
1191 3504 1406 3569 futuro
1452 3509 1819 3583 usurpatur,
1882 3505 2138 3580 spectat>
2167 3499 2295 3575 huc
2335 3501 2623 3582 inprimis

345 3603 638 3681 ;emporis
698 3602 1011 3682 particula
1063 3607 1232 3678 dum,
1296 3604 1348 3667 si
1402 3603 1465 3667 in
1524 3600 1961 3667 enunciatione
2018 3598 2318 3679 primaria
2367 3606 2471 3665 est
2505 3601 2621 3671 im-

345 3700 650 3767 »en-atienae
703 3700 806 3765 vel
864 3701 1166 3767 futurum.
1259 3702 1409 3765 Tria
1463 3705 1753 3777 exempla
1802 3698 1929 3763 huc
1985 3697 2374 3777 pertinentia
2430 3694 2621 3779 affert

345 3792 612 3863 .>erizon'.
657 3799 738 3863 ad
786 3799 994 3865 Sanct.
1044 3799 1310 3863 Minci-r.
1362 3819 1414 3879 p.
1466 3807 1575 3863 HT:
1627 3797 1815 3859 Plani.
1863 3795 2001 3859 Cas.
2047 3793 2131 3873 II,
2180 3799 2238 3869 6,
2285 3800 2398 3861 53:
2446 3799 2617 3863 Com-

345 3900 601 3969 ·ressan',
636 3901 835 3973 palma
906 3917 980 3958 an
1037 3908 1318 3975 porrecta
1378 3899 1575 3967 ferio?
1651 3895 1879 3975 quihus
1939 3893 2288 3972 respondet
2344 3892 2616 3965 Stalino:

345 4002 475 4071 ige,
520 3982 608 4057 :nt
644 3999 778 4083 dvis.
868 3995 959 4060 Ib.
1007 3995 1089 4075 II,
1147 4000 1206 4067 8,
1266 3999 1370 4059 fiii:
1442 3999 1631 4055 iamne
1695 3995 1883 4051 siben?
1973 3988 2202 4070 quibus
2274 3991 2619 4071 respondet

345 4078 606 4177 {talini'iz
634 4094 681 4179 ‚1
726 4096 915 4156 modo.
985 4092 1230 4160 Bacch.
1278 4091 1385 4172 IV„
1430 4095 1490 4172 θ,
1538 4091 1603 4155 ss:
1655 4111 1827 4172 quam
1879 4090 2270 4183 inoxmaviqo
2312 4092 2380 4151 In
2415 4093 2616 4167 Ephe-

345 4209 451 4253 πω
500 4170 624 4253 -'-2
667 4188 1137 4272 =.naiigabo.'
1188 4187 1411 4260 “Most.
1454 4188 1571 4260 III,
1619 4196 1675 4260 2,
1731 4192 1879 4252 154:
1927 4188 2070 4249 abin
2114 4189 2250 4247 hinc
2295 4191 2355 4273 in
2401 4188 2618 4273 maiani

345 4288 625 4353 racem?
691 4289 919 4371 Bacch.
950 4308 1031 4363 Ν.
1080 4292 1234 4355 592:
1302 4296 1430 4352 Non
1490 4292 1538 4352 it
1583 4288 1695 4372 (ι-
1734 4284 1907 4356 ihiij:
1957 4294 2134 4361 negat
2193 4280 2323 4347 esic
2379 4288 2615 4365 ituram.

345 4383 455 4455 fil.
498 4385 553 4466 I,
603 4360 1206 4487 13⁹³{552Quid3niuc
1254 4384 1648 4464 quod-dicas,
1695 4384 1787 4452 ad*
1815 4380 1969 4464 1151.
2017 4380 2333 4453 Lindem.:
2373 4380 2618 4468 „Quid-

1915 4470 2010 4553 ἓξ·
2117 4481 2201 4547 5*
