<?xml version="1.0" encoding="UTF-8"?>
<!DOCTYPE html PUBLIC "-//W3C//DTD XHTML 1.0 Transitional//EN"
    "http://www.w3.org/TR/xhtml1/DTD/xhtml1-transitional.dtd">
<html xmlns="http://www.w3.org/1999/xhtml" xml:lang="en" lang="en">
 <head>
  <title>
</title>
<meta http-equiv="Content-Type" content="text/html;charset=utf-8" />
  <meta name='ocr-system' content='tesseract 3.04.00' />
  <meta name='ocr-capabilities' content='ocr_page ocr_carea ocr_par ocr_line ocrx_word'/>
</head>
<body>
  <div class='ocr_page' id='page_1' title='image "./syntaxispriscor00holtgoog_0504.png"; bbox 0 0 3125 5075; ppageno 0'>
   <div class='ocr_carea' id='block_1_1' title="bbox 474 329 1279 396">
    <p class='ocr_par' dir='ltr' id='par_1_1' title="bbox 474 329 1279 396">
     <span class='ocr_line' id='line_1_1' title="bbox 474 329 1279 396; baseline -0.002 -26"><span class='ocrx_word' id='word_1_1' title='bbox 474 331 512 370; x_wconf 81' lang='lat' dir='ltr'><strong>DE</strong></span> <span class='ocrx_word' id='word_1_2' title='bbox 528 330 678 369; x_wconf 72' lang='lat' dir='ltr'>GERUNDIO</span> <span class='ocrx_word' id='word_1_3' title='bbox 695 329 730 366; x_wconf 72' lang='lat' dir='ltr'><strong>ET</strong></span> <span class='ocrx_word' id='word_1_4' title='bbox 747 331 924 370; x_wconf 66' lang='lat' dir='ltr'><strong>ausonium.</strong></span> <span class='ocrx_word' id='word_1_5' title='bbox 1238 339 1279 396; x_wconf 60' lang='lat'><strong>45</strong></span> 
     </span>
    </p>
   </div>
   <div class='ocr_carea' id='block_1_2' title="bbox 126 511 1297 4020">
    <p class='ocr_par' dir='ltr' id='par_1_2' title="bbox 126 511 1297 4020">
     <span class='ocr_line' id='line_1_2' title="bbox 127 511 1282 599; baseline 0.002 -21"><span class='ocrx_word' id='word_1_6' title='bbox 127 511 315 582; x_wconf 81' lang='lat' dir='ltr'><strong>ficationum</strong></span> <span class='ocrx_word' id='word_1_7' title='bbox 331 526 418 583; x_wconf 87' lang='lat' dir='ltr'><strong>esset</strong></span> <span class='ocrx_word' id='word_1_8' title='bbox 431 520 546 599; x_wconf 89' lang='lat' dir='ltr'><strong>prima,</strong></span> <span class='ocrx_word' id='word_1_9' title='bbox 560 537 598 584; x_wconf 85' lang='lat' dir='ltr'><strong>ex</strong></span> <span class='ocrx_word' id='word_1_10' title='bbox 613 536 677 598; x_wconf 91' lang='lat' dir='ltr'><strong>qua</strong></span> <span class='ocrx_word' id='word_1_11' title='bbox 692 524 842 599; x_wconf 88' lang='lat' dir='ltr'><strong>tanquam</strong></span> <span class='ocrx_word' id='word_1_12' title='bbox 858 537 896 582; x_wconf 83' lang='lat' dir='ltr'><strong>er</strong></span> <span class='ocrx_word' id='word_1_13' title='bbox 911 518 998 584; x_wconf 81' lang='lat' dir='ltr'><strong>tonte</strong></span> <span class='ocrx_word' id='word_1_14' title='bbox 1014 516 1158 596; x_wconf 87' lang='lat' dir='ltr'><strong>reliquae</strong></span> <span class='ocrx_word' id='word_1_15' title='bbox 1174 523 1282 580; x_wconf 87' lang='lat' dir='ltr'><strong>essent</strong></span> 
     </span>
     <span class='ocr_line' id='line_1_3' title="bbox 126 611 1282 697; baseline -0.001 -19"><span class='ocrx_word' id='word_1_16' title='bbox 126 611 350 696; x_wconf 79' lang='lat' dir='ltr'><strong>deducendae,</strong></span> <span class='ocrx_word' id='word_1_17' title='bbox 372 617 509 697; x_wconf 89' lang='lat' dir='ltr'><strong>denique</strong></span> <span class='ocrx_word' id='word_1_18' title='bbox 531 617 573 682; x_wconf 91' lang='lat' dir='ltr'><strong>ab</strong></span> <span class='ocrx_word' id='word_1_19' title='bbox 594 617 643 693; x_wconf 88' lang='lat' dir='ltr'><strong>iis,</strong></span> <span class='ocrx_word' id='word_1_20' title='bbox 673 616 727 697; x_wconf 94' lang='lat' dir='ltr'><strong>qui</strong></span> <span class='ocrx_word' id='word_1_21' title='bbox 749 617 790 682; x_wconf 90' lang='lat' dir='ltr'><strong>ab</strong></span> <span class='ocrx_word' id='word_1_22' title='bbox 811 635 849 681; x_wconf 89' lang='lat' dir='ltr'><strong>eo</strong></span> <span class='ocrx_word' id='word_1_23' title='bbox 872 614 1061 697; x_wconf 80' lang='lat' dir='ltr'><strong>gerundium</strong></span> <span class='ocrx_word' id='word_1_24' title='bbox 1083 629 1187 693; x_wconf 89' lang='lat' dir='ltr'><strong>neque</strong></span> <span class='ocrx_word' id='word_1_25' title='bbox 1209 630 1282 678; x_wconf 91' lang='lat' dir='ltr'><strong>con·</strong></span> 
     </span>
     <span class='ocr_line' id='line_1_4' title="bbox 127 710 1284 794; baseline 0 -18"><span class='ocrx_word' id='word_1_26' title='bbox 127 714 183 792; x_wconf 74' lang='lat' dir='ltr'><strong>tra</strong></span> <span class='ocrx_word' id='word_1_27' title='bbox 209 729 250 776; x_wconf 85' lang='lat' dir='ltr'><strong>ex</strong></span> <span class='ocrx_word' id='word_1_28' title='bbox 277 712 338 780; x_wconf 90' lang='lat' dir='ltr'><strong>hoc</strong></span> <span class='ocrx_word' id='word_1_29' title='bbox 366 713 444 780; x_wconf 94' lang='lat' dir='ltr'><strong>illud</strong></span> <span class='ocrx_word' id='word_1_30' title='bbox 474 715 674 790; x_wconf 80' lang='lat' dir='ltr'>derivarunt,</span> <span class='ocrx_word' id='word_1_31' title='bbox 703 714 757 794; x_wconf 90' lang='lat' dir='ltr'><strong>qui</strong></span> <span class='ocrx_word' id='word_1_32' title='bbox 784 712 904 779; x_wconf 87' lang='lat' dir='ltr'><strong>lactum</strong></span> <span class='ocrx_word' id='word_1_33' title='bbox 928 717 1015 779; x_wconf 91' lang='lat' dir='ltr'><strong>esset</strong></span> <span class='ocrx_word' id='word_1_34' title='bbox 1036 718 1073 776; x_wconf 91' lang='lat' dir='ltr'><strong>ut</strong></span> <span class='ocrx_word' id='word_1_35' title='bbox 1094 729 1133 776; x_wconf 88' lang='lat' dir='ltr'><strong>ex</strong></span> <span class='ocrx_word' id='word_1_36' title='bbox 1156 710 1284 792; x_wconf 87' lang='lat' dir='ltr'><strong>passiva</strong></span> 
     </span>
     <span class='ocr_line' id='line_1_5' title="bbox 126 805 1283 892; baseline -0.005 -18"><span class='ocrx_word' id='word_1_37' title='bbox 126 805 235 892; x_wconf 79' lang='lat' dir='ltr'><strong>forma</strong></span> <span class='ocrx_word' id='word_1_38' title='bbox 261 811 366 876; x_wconf 87' lang='lat' dir='ltr'><strong>activa</strong></span> <span class='ocrx_word' id='word_1_39' title='bbox 393 813 470 877; x_wconf 88' lang='lat' dir='ltr'><strong>oriri</strong></span> <span class='ocrx_word' id='word_1_40' title='bbox 493 811 544 877; x_wconf 88' lang='lat' dir='ltr'><strong>vel</strong></span> <span class='ocrx_word' id='word_1_41' title='bbox 566 811 781 877; x_wconf 78' lang='lat' dir='ltr'><strong>accusativum</strong></span> <span class='ocrx_word' id='word_1_42' title='bbox 808 810 992 875; x_wconf 90' lang='lat' dir='ltr'><strong>adiunctum</strong></span> <span class='ocrx_word' id='word_1_43' title='bbox 1018 809 1137 874; x_wconf 87' lang='lat' dir='ltr'><strong>habere</strong></span> <span class='ocrx_word' id='word_1_44' title='bbox 1163 815 1283 889; x_wconf 83' lang='lat' dir='ltr'><strong>posset.</strong></span> 
     </span>
     <span class='ocr_line' id='line_1_6' title="bbox 128 903 1285 990; baseline -0.003 -16"><span class='ocrx_word' id='word_1_45' title='bbox 128 903 273 974; x_wconf 78' lang='lat' dir='ltr'><strong>Tandem</strong></span> <span class='ocrx_word' id='word_1_46' title='bbox 295 910 513 975; x_wconf 89' lang='lat' dir='ltr'><strong>recentissimo</strong></span> <span class='ocrx_word' id='word_1_47' title='bbox 536 916 680 990; x_wconf 90' lang='lat' dir='ltr'><strong>tempore</strong></span> <span class='ocrx_word' id='word_1_48' title='bbox 701 909 808 973; x_wconf 83' lang='lat' dir='ltr'><strong>extitit</strong></span> <span class='ocrx_word' id='word_1_49' title='bbox 829 907 1118 985; x_wconf 88' lang='lat' dir='ltr'><strong>Weissenbornius,</strong></span> <span class='ocrx_word' id='word_1_50' title='bbox 1141 906 1197 986; x_wconf 90' lang='lat' dir='ltr'><strong>qui</strong></span> <span class='ocrx_word' id='word_1_51' title='bbox 1218 926 1285 972; x_wconf 92' lang='lat' dir='ltr'><strong>om·</strong></span> 
     </span>
     <span class='ocr_line' id='line_1_7' title="bbox 126 1003 1285 1088; baseline 0 -18"><span class='ocrx_word' id='word_1_52' title='bbox 126 1003 225 1088; x_wconf 79' lang='lat' dir='ltr'><strong>nibus</strong></span> <span class='ocrx_word' id='word_1_53' title='bbox 244 1023 268 1070; x_wconf 82' lang='lat' dir='ltr'><strong>a</strong></span> <span class='ocrx_word' id='word_1_54' title='bbox 287 1008 505 1087; x_wconf 79' lang='lat' dir='ltr'><strong>grammaticis</strong></span> <span class='ocrx_word' id='word_1_55' title='bbox 531 1008 571 1073; x_wconf 90' lang='lat' dir='ltr'><strong>de</strong></span> <span class='ocrx_word' id='word_1_56' title='bbox 593 1008 652 1072; x_wconf 90' lang='lat' dir='ltr'><strong>hac</strong></span> <span class='ocrx_word' id='word_1_57' title='bbox 674 1025 709 1072; x_wconf 91' lang='lat' dir='ltr'><strong>re</strong></span> <span class='ocrx_word' id='word_1_58' title='bbox 731 1007 763 1070; x_wconf 91' lang='lat' dir='ltr'><strong>in</strong></span> <span class='ocrx_word' id='word_1_59' title='bbox 786 1005 924 1070; x_wconf 87' lang='lat' dir='ltr'><strong>medium</strong></span> <span class='ocrx_word' id='word_1_60' title='bbox 953 1003 1086 1086; x_wconf 89' lang='lat' dir='ltr'><strong>prolatis</strong></span> <span class='ocrx_word' id='word_1_61' title='bbox 1117 1004 1285 1070; x_wconf 83' lang='lat' dir='ltr'><strong>sententiis</strong></span> 
     </span>
     <span class='ocr_line' id='line_1_8' title="bbox 126 1101 1285 1184; baseline -0.008 -10"><span class='ocrx_word' id='word_1_62' title='bbox 126 1107 281 1174; x_wconf 72' lang='lat' dir='ltr'><strong>mauram</strong></span> <span class='ocrx_word' id='word_1_63' title='bbox 302 1105 469 1172; x_wconf 84' lang='lat' dir='ltr'><strong>recensitis</strong></span> <span class='ocrx_word' id='word_1_64' title='bbox 492 1115 526 1171; x_wconf 91' lang='lat' dir='ltr'><strong>et</strong></span> <span class='ocrx_word' id='word_1_65' title='bbox 544 1105 706 1171; x_wconf 83' lang='lat' dir='ltr'><strong>subtiliter</strong></span> <span class='ocrx_word' id='word_1_66' title='bbox 728 1103 887 1184; x_wconf 89' lang='lat' dir='ltr'><strong>inquisitis</strong></span> <span class='ocrx_word' id='word_1_67' title='bbox 909 1108 1006 1184; x_wconf 89' lang='lat' dir='ltr'><strong>atque</strong></span> <span class='ocrx_word' id='word_1_68' title='bbox 1028 1101 1209 1167; x_wconf 90' lang='lat' dir='ltr'><strong>diiudicatis</strong></span> <span class='ocrx_word' id='word_1_69' title='bbox 1230 1101 1285 1166; x_wconf 87' lang='lat' dir='ltr'><strong>ad·</strong></span> 
     </span>
     <span class='ocr_line' id='line_1_9' title="bbox 127 1200 1286 1284; baseline -0.003 -16"><span class='ocrx_word' id='word_1_70' title='bbox 127 1200 226 1268; x_wconf 78' lang='lat' dir='ltr'><strong>lutus.</strong></span> <span class='ocrx_word' id='word_1_71' title='bbox 254 1200 435 1283; x_wconf 77' lang='lat' dir='ltr'><strong>linguarum</strong></span> <span class='ocrx_word' id='word_1_72' title='bbox 468 1204 705 1284; x_wconf 89' lang='lat' dir='ltr'><strong>comparatione</strong></span> <span class='ocrx_word' id='word_1_73' title='bbox 739 1219 778 1266; x_wconf 85' lang='lat' dir='ltr'><strong>ex</strong></span> <span class='ocrx_word' id='word_1_74' title='bbox 808 1202 879 1282; x_wconf 87' lang='lat' dir='ltr'><strong>ipsa</strong></span> <span class='ocrx_word' id='word_1_75' title='bbox 910 1200 1032 1281; x_wconf 81' lang='lat' dir='ltr'><strong>origine</strong></span> <span class='ocrx_word' id='word_1_76' title='bbox 1063 1200 1224 1280; x_wconf 89' lang='lat' dir='ltr'><strong>participii</strong></span> <span class='ocrx_word' id='word_1_77' title='bbox 1252 1200 1286 1264; x_wconf 93' lang='lat' dir='ltr'><strong>in</strong></span> 
     </span>
     <span class='ocr_line' id='line_1_10' title="bbox 130 1295 1288 1383; baseline -0.002 -19"><span class='ocrx_word' id='word_1_78' title='bbox 130 1299 213 1374; x_wconf 74' lang='lat' dir='ltr'><strong>adan</strong></span> <span class='ocrx_word' id='word_1_79' title='bbox 240 1302 385 1366; x_wconf 84' lang='lat' dir='ltr'><strong>exeuntis</strong></span> <span class='ocrx_word' id='word_1_80' title='bbox 407 1302 600 1383; x_wconf 81' lang='lat' dir='ltr'><strong>investigata</strong></span> <span class='ocrx_word' id='word_1_81' title='bbox 623 1319 733 1366; x_wconf 91' lang='lat' dir='ltr'><strong>omnes</strong></span> <span class='ocrx_word' id='word_1_82' title='bbox 762 1299 821 1364; x_wconf 91' lang='lat' dir='ltr'><strong>has</strong></span> <span class='ocrx_word' id='word_1_83' title='bbox 848 1298 1051 1379; x_wconf 83' lang='lat' dir='ltr'><strong>quaestiones</strong></span> <span class='ocrx_word' id='word_1_84' title='bbox 1073 1295 1219 1362; x_wconf 89' lang='lat' dir='ltr'><strong>diifieiles</strong></span> <span class='ocrx_word' id='word_1_85' title='bbox 1241 1297 1288 1362; x_wconf 88' lang='lat' dir='ltr'><strong>ita</strong></span> 
     </span>
     <span class='ocr_line' id='line_1_11' title="bbox 132 1393 1285 1480; baseline 0 -20"><span class='ocrx_word' id='word_1_86' title='bbox 132 1394 239 1474; x_wconf 87' lang='lat' dir='ltr'><strong>solvit,</strong></span> <span class='ocrx_word' id='word_1_87' title='bbox 262 1402 300 1462; x_wconf 90' lang='lat' dir='ltr'><strong>ut</strong></span> <span class='ocrx_word' id='word_1_88' title='bbox 320 1397 413 1466; x_wconf 82' lang='lat' dir='ltr'><strong>facile</strong></span> <span class='ocrx_word' id='word_1_89' title='bbox 434 1399 467 1462; x_wconf 91' lang='lat' dir='ltr'><strong>in</strong></span> <span class='ocrx_word' id='word_1_90' title='bbox 488 1417 527 1463; x_wconf 91' lang='lat' dir='ltr'><strong>eo</strong></span> <span class='ocrx_word' id='word_1_91' title='bbox 549 1400 751 1480; x_wconf 80' lang='lat' dir='ltr'><strong>acquiescere</strong></span> <span class='ocrx_word' id='word_1_92' title='bbox 772 1397 939 1478; x_wconf 88' lang='lat' dir='ltr'><strong>possimus.</strong></span> <span class='ocrx_word' id='word_1_93' title='bbox 973 1393 1087 1474; x_wconf 87' lang='lat' dir='ltr'><strong>Itaque</strong></span> <span class='ocrx_word' id='word_1_94' title='bbox 1102 1403 1285 1476; x_wconf 88' lang='lat' dir='ltr'><strong>antequam,</strong></span> 
     </span>
     <span class='ocr_line' id='line_1_12' title="bbox 136 1491 1287 1578; baseline -0.001 -20"><span class='ocrx_word' id='word_1_95' title='bbox 136 1491 255 1574; x_wconf 76' lang='lat' dir='ltr'><strong>quirit</strong></span> <span class='ocrx_word' id='word_1_96' title='bbox 277 1496 454 1575; x_wconf 90' lang='lat' dir='ltr'><strong>priscorum</strong></span> <span class='ocrx_word' id='word_1_97' title='bbox 477 1497 667 1578; x_wconf 88' lang='lat' dir='ltr'><strong>scriptorum</strong></span> <span class='ocrx_word' id='word_1_98' title='bbox 696 1496 858 1575; x_wconf 88' lang='lat' dir='ltr'><strong>usquead</strong></span> <span class='ocrx_word' id='word_1_99' title='bbox 880 1494 1064 1559; x_wconf 88' lang='lat' dir='ltr'><strong>Terentium</strong></span> <span class='ocrx_word' id='word_1_100' title='bbox 1087 1491 1200 1558; x_wconf 88' lang='lat' dir='ltr'><strong>harum</strong></span> <span class='ocrx_word' id='word_1_101' title='bbox 1222 1492 1287 1557; x_wconf 86' lang='lat' dir='ltr'><strong>ior·</strong></span> 
     </span>
     <span class='ocr_line' id='line_1_13' title="bbox 140 1590 1289 1674; baseline -0.002 -18"><span class='ocrx_word' id='word_1_102' title='bbox 140 1607 263 1656; x_wconf 75' lang='lat' dir='ltr'><strong>merum</strong></span> <span class='ocrx_word' id='word_1_103' title='bbox 288 1610 376 1666; x_wconf 87' lang='lat' dir='ltr'><strong>usus,</strong></span> <span class='ocrx_word' id='word_1_104' title='bbox 405 1594 565 1674; x_wconf 86' lang='lat' dir='ltr'><strong>edoceam,</strong></span> <span class='ocrx_word' id='word_1_105' title='bbox 593 1594 806 1659; x_wconf 89' lang='lat' dir='ltr'><strong>necessarium</strong></span> <span class='ocrx_word' id='word_1_106' title='bbox 828 1592 964 1670; x_wconf 87' lang='lat' dir='ltr'><strong>videtur,</strong></span> <span class='ocrx_word' id='word_1_107' title='bbox 992 1607 1146 1655; x_wconf 88' lang='lat' dir='ltr'><strong>summam</strong></span> <span class='ocrx_word' id='word_1_108' title='bbox 1169 1590 1289 1671; x_wconf 88' lang='lat' dir='ltr'><strong>disqui-</strong></span> 
     </span>
     <span class='ocr_line' id='line_1_14' title="bbox 134 1685 1286 1771; baseline -0.002 -17"><span class='ocrx_word' id='word_1_109' title='bbox 134 1687 260 1754; x_wconf 88' lang='lat' dir='ltr'><strong>sitionis</strong></span> <span class='ocrx_word' id='word_1_110' title='bbox 282 1689 615 1770; x_wconf 88' lang='lat' dir='ltr'><strong>Weissenbornianae,</strong></span> <span class='ocrx_word' id='word_1_111' title='bbox 646 1709 740 1771; x_wconf 88' lang='lat' dir='ltr'><strong>quam</strong></span> <span class='ocrx_word' id='word_1_112' title='bbox 774 1690 974 1771; x_wconf 83' lang='lat' dir='ltr'><strong>paucissimis</strong></span> <span class='ocrx_word' id='word_1_113' title='bbox 1003 1688 1035 1752; x_wconf 84' lang='lat' dir='ltr'><strong>il</strong></span> <span class='ocrx_word' id='word_1_114' title='bbox 1064 1685 1134 1752; x_wconf 87' lang='lat' dir='ltr'><strong>fieri</strong></span> <span class='ocrx_word' id='word_1_115' title='bbox 1157 1689 1286 1768; x_wconf 90' lang='lat' dir='ltr'><strong>poterit,</strong></span> 
     </span>
     <span class='ocr_line' id='line_1_15' title="bbox 133 1786 1290 1871; baseline -0.001 -20"><span class='ocrx_word' id='word_1_116' title='bbox 133 1803 306 1868; x_wconf 82' lang='lat' dir='ltr'><strong>exponere,</strong></span> <span class='ocrx_word' id='word_1_117' title='bbox 329 1807 391 1868; x_wconf 89' lang='lat' dir='ltr'><strong>quo</strong></span> <span class='ocrx_word' id='word_1_118' title='bbox 414 1790 526 1855; x_wconf 90' lang='lat' dir='ltr'><strong>deinde</strong></span> <span class='ocrx_word' id='word_1_119' title='bbox 550 1798 700 1871; x_wconf 86' lang='lat' dir='ltr'><strong>tanquam</strong></span> <span class='ocrx_word' id='word_1_120' title='bbox 723 1789 929 1853; x_wconf 80' lang='lat' dir='ltr'><strong>fundamento</strong></span> <span class='ocrx_word' id='word_1_121' title='bbox 951 1787 1012 1852; x_wconf 92' lang='lat' dir='ltr'><strong>nisi</strong></span> <span class='ocrx_word' id='word_1_122' title='bbox 1032 1786 1156 1867; x_wconf 81' lang='lat' dir='ltr'><strong>singula</strong></span> <span class='ocrx_word' id='word_1_123' title='bbox 1172 1803 1290 1867; x_wconf 85' lang='lat' dir='ltr'><strong>genera</strong></span> 
     </span>
     <span class='ocr_line' id='line_1_16' title="bbox 131 1880 1289 1969; baseline 0 -21"><span class='ocrx_word' id='word_1_124' title='bbox 131 1880 232 1950; x_wconf 80' lang='lat' dir='ltr'><strong>huius</strong></span> <span class='ocrx_word' id='word_1_125' title='bbox 252 1902 329 1952; x_wconf 82' lang='lat' dir='ltr'><strong>usus</strong></span> <span class='ocrx_word' id='word_1_126' title='bbox 351 1886 477 1968; x_wconf 90' lang='lat' dir='ltr'><strong>planius</strong></span> <span class='ocrx_word' id='word_1_127' title='bbox 498 1888 654 1969; x_wconf 84' lang='lat' dir='ltr'><strong>dispicere</strong></span> <span class='ocrx_word' id='word_1_128' title='bbox 676 1893 773 1967; x_wconf 89' lang='lat' dir='ltr'><strong>atque</strong></span> <span class='ocrx_word' id='word_1_129' title='bbox 796 1886 974 1966; x_wconf 77' lang='lat' dir='ltr'><strong>intelligere</strong></span> <span class='ocrx_word' id='word_1_130' title='bbox 996 1885 1162 1965; x_wconf 88' lang='lat' dir='ltr'><strong>possimos.</strong></span> <span class='ocrx_word' id='word_1_131' title='bbox 1195 1884 1289 1948; x_wconf 91' lang='lat' dir='ltr'><strong>Deri-</strong></span> 
     </span>
     <span class='ocr_line' id='line_1_17' title="bbox 131 1977 1286 2066; baseline 0.002 -22"><span class='ocrx_word' id='word_1_132' title='bbox 131 1985 191 2046; x_wconf 85' lang='lat' dir='ltr'><strong>vat</strong></span> <span class='ocrx_word' id='word_1_133' title='bbox 211 1982 311 2062; x_wconf 78' lang='lat' dir='ltr'><strong>igitur</strong></span> <span class='ocrx_word' id='word_1_134' title='bbox 334 1984 611 2052; x_wconf 89' lang='lat' dir='ltr'><strong>Weissenbornius</strong></span> <span class='ocrx_word' id='word_1_135' title='bbox 634 1999 676 2066; x_wconf 81' lang='lat' dir='ltr'><strong>(p.</strong></span> <span class='ocrx_word' id='word_1_136' title='bbox 705 1990 775 2059; x_wconf 81' lang='lat'>105)</span> <span class='ocrx_word' id='word_1_137' title='bbox 804 1987 979 2065; x_wconf 87' lang='lat' dir='ltr'><strong>praeeunte</strong></span> <span class='ocrx_word' id='word_1_138' title='bbox 1001 1981 1107 2048; x_wconf 89' lang='lat' dir='ltr'><strong>Pottio</strong></span> <span class='ocrx_word' id='word_1_139' title='bbox 1135 1977 1286 2062; x_wconf 66' lang='lat' dir='ltr'><strong>(dtqmal.</strong></span> 
     </span>
     <span class='ocr_line' id='line_1_18' title="bbox 134 2074 1289 2164; baseline 0 -20"><span class='ocrx_word' id='word_1_140' title='bbox 134 2074 351 2164; x_wconf 57' lang='lat' dir='ltr'><strong>godmaoqrn</strong></span> <span class='ocrx_word' id='word_1_141' title='bbox 373 2082 416 2154; x_wconf 80' lang='lat' dir='ltr'><strong>IL</strong></span> <span class='ocrx_word' id='word_1_142' title='bbox 438 2102 468 2164; x_wconf 85' lang='lat' dir='ltr'><strong>p.</strong></span> <span class='ocrx_word' id='word_1_143' title='bbox 491 2087 569 2159; x_wconf 74' lang='lat'><strong>239)</strong></span> <span class='ocrx_word' id='word_1_144' title='bbox 596 2083 787 2163; x_wconf 79' lang='lat' dir='ltr'><strong>gerundium</strong></span> <span class='ocrx_word' id='word_1_145' title='bbox 815 2100 854 2146; x_wconf 84' lang='lat' dir='ltr'><strong>ex</strong></span> <span class='ocrx_word' id='word_1_146' title='bbox 880 2081 978 2146; x_wconf 90' lang='lat' dir='ltr'><strong>verbo</strong></span> <span class='ocrx_word' id='word_1_147' title='bbox 999 2084 1073 2142; x_wconf 77' lang='lat' dir='ltr'><strong>dara</strong></span> <span class='ocrx_word' id='word_1_148' title='bbox 1095 2098 1152 2161; x_wconf 92' lang='lat' dir='ltr'><strong>pro</strong></span> <span class='ocrx_word' id='word_1_149' title='bbox 1175 2078 1289 2144; x_wconf 87' lang='lat' dir='ltr'><strong>suffixo</strong></span> 
     </span>
     <span class='ocr_line' id='line_1_19' title="bbox 133 2174 1290 2262; baseline 0 -20"><span class='ocrx_word' id='word_1_150' title='bbox 133 2174 209 2242; x_wconf 80' lang='lat' dir='ltr'><strong>aliis</strong></span> <span class='ocrx_word' id='word_1_151' title='bbox 232 2179 341 2246; x_wconf 89' lang='lat' dir='ltr'><strong>verbis</strong></span> <span class='ocrx_word' id='word_1_152' title='bbox 361 2181 479 2260; x_wconf 87' lang='lat' dir='ltr'><strong>addito,</strong></span> <span class='ocrx_word' id='word_1_153' title='bbox 501 2199 604 2262; x_wconf 87' lang='lat' dir='ltr'><strong>nsque</strong></span> <span class='ocrx_word' id='word_1_154' title='bbox 627 2187 734 2246; x_wconf 88' lang='lat' dir='ltr'><strong>tamen</strong></span> <span class='ocrx_word' id='word_1_155' title='bbox 757 2196 796 2244; x_wconf 86' lang='lat' dir='ltr'><strong>ea</strong></span> <span class='ocrx_word' id='word_1_156' title='bbox 818 2179 862 2258; x_wconf 88' lang='lat' dir='ltr'><strong>vi,</strong></span> <span class='ocrx_word' id='word_1_157' title='bbox 891 2195 956 2258; x_wconf 90' lang='lat' dir='ltr'><strong>qua</strong></span> <span class='ocrx_word' id='word_1_158' title='bbox 977 2194 1093 2259; x_wconf 82' lang='lat' dir='ltr'><strong>graeco</strong></span> <span class='ocrx_word' id='word_1_159' title='bbox 1115 2175 1219 2238; x_wconf 76' lang='grc' dir='ltr'><strong>δοῦναι</strong></span> <span class='ocrx_word' id='word_1_160' title='bbox 1240 2195 1290 2242; x_wconf 88' lang='lat' dir='ltr'><strong>re-</strong></span> 
     </span>
     <span class='ocr_line' id='line_1_20' title="bbox 136 2274 1290 2358; baseline 0 -18"><span class='ocrx_word' id='word_1_161' title='bbox 136 2274 285 2356; x_wconf 77' lang='lat' dir='ltr'><strong>spondet,</strong></span> <span class='ocrx_word' id='word_1_162' title='bbox 307 2277 364 2342; x_wconf 91' lang='lat' dir='ltr'><strong>sed</strong></span> <span class='ocrx_word' id='word_1_163' title='bbox 384 2296 448 2358; x_wconf 90' lang='lat' dir='ltr'><strong>qua</strong></span> <span class='ocrx_word' id='word_1_164' title='bbox 469 2278 553 2344; x_wconf 93' lang='lat' dir='ltr'><strong>idem</strong></span> <span class='ocrx_word' id='word_1_165' title='bbox 576 2283 627 2344; x_wconf 89' lang='lat' dir='ltr'><strong>est</strong></span> <span class='ocrx_word' id='word_1_166' title='bbox 648 2283 745 2357; x_wconf 89' lang='lat' dir='ltr'><strong>atque</strong></span> <span class='ocrx_word' id='word_1_167' title='bbox 766 2284 879 2342; x_wconf 73' lang='grc' dir='ltr'><strong>θεῖναι,</strong></span> <span class='ocrx_word' id='word_1_168' title='bbox 914 2276 985 2342; x_wconf 89' lang='lat' dir='ltr'><strong>Hae</strong></span> <span class='ocrx_word' id='word_1_169' title='bbox 1009 2275 1093 2342; x_wconf 92' lang='lat' dir='ltr'><strong>enim</strong></span> <span class='ocrx_word' id='word_1_170' title='bbox 1115 2293 1219 2354; x_wconf 88' lang='lat' dir='ltr'><strong>voces,</strong></span> <span class='ocrx_word' id='word_1_171' title='bbox 1243 2275 1290 2340; x_wconf 93' lang='lat' dir='ltr'><strong>in-</strong></span> 
     </span>
     <span class='ocr_line' id='line_1_21' title="bbox 136 2371 1290 2458; baseline 0 -22"><span class='ocrx_word' id='word_1_172' title='bbox 136 2371 224 2452; x_wconf 88' lang='lat' dir='ltr'><strong>quit,</strong></span> <span class='ocrx_word' id='word_1_173' title='bbox 254 2378 289 2438; x_wconf 93' lang='lat' dir='ltr'><strong>et</strong></span> <span class='ocrx_word' id='word_1_174' title='bbox 314 2376 437 2456; x_wconf 78' lang='lat' dir='ltr'><strong>origine</strong></span> <span class='ocrx_word' id='word_1_175' title='bbox 463 2383 496 2444; x_wconf 88' lang='lat' dir='ltr'><strong>et</strong></span> <span class='ocrx_word' id='word_1_176' title='bbox 522 2373 752 2458; x_wconf 81' lang='lat' dir='ltr'><strong>significatione</strong></span> <span class='ocrx_word' id='word_1_177' title='bbox 781 2376 927 2440; x_wconf 87' lang='lat' dir='ltr'><strong>diversae</strong></span> <span class='ocrx_word' id='word_1_178' title='bbox 955 2374 986 2438; x_wconf 90' lang='lat' dir='ltr'><strong>in</strong></span> <span class='ocrx_word' id='word_1_179' title='bbox 1010 2374 1107 2438; x_wconf 89' lang='lat' dir='ltr'><strong>latino</strong></span> <span class='ocrx_word' id='word_1_180' title='bbox 1131 2389 1290 2452; x_wconf 89' lang='lat' dir='ltr'><strong>sermone,</strong></span> 
     </span>
     <span class='ocr_line' id='line_1_22' title="bbox 137 2470 1290 2555; baseline 0.003 -22"><span class='ocrx_word' id='word_1_181' title='bbox 137 2470 258 2553; x_wconf 86' lang='lat' dir='ltr'><strong>quippo</strong></span> <span class='ocrx_word' id='word_1_182' title='bbox 288 2473 342 2553; x_wconf 92' lang='lat' dir='ltr'><strong>qui</strong></span> <span class='ocrx_word' id='word_1_183' title='bbox 369 2474 594 2555; x_wconf 85' lang='lat' dir='ltr'><strong>aspirationem</strong></span> <span class='ocrx_word' id='word_1_184' title='bbox 621 2474 654 2541; x_wconf 89' lang='lat' dir='ltr'><strong>in</strong></span> <span class='ocrx_word' id='word_1_185' title='bbox 681 2472 929 2540; x_wconf 87' lang='lat' dir='ltr'><strong>consonantibus</strong></span> <span class='ocrx_word' id='word_1_186' title='bbox 955 2471 1056 2536; x_wconf 90' lang='lat' dir='ltr'><strong>literis</strong></span> <span class='ocrx_word' id='word_1_187' title='bbox 1085 2470 1227 2552; x_wconf 82' lang='lat' dir='ltr'><strong>lugeret,</strong></span> <span class='ocrx_word' id='word_1_188' title='bbox 1257 2471 1290 2536; x_wconf 92' lang='lat' dir='ltr'><strong>in</strong></span> 
     </span>
     <span class='ocr_line' id='line_1_23' title="bbox 138 2568 1288 2649; baseline 0.001 -16"><span class='ocrx_word' id='word_1_189' title='bbox 138 2586 235 2633; x_wconf 89' lang='lat' dir='ltr'><strong>unam</strong></span> <span class='ocrx_word' id='word_1_190' title='bbox 257 2568 391 2637; x_wconf 89' lang='lat' dir='ltr'><strong>formam</strong></span> <span class='ocrx_word' id='word_1_191' title='bbox 413 2573 610 2638; x_wconf 88' lang='lat' dir='ltr'><strong>coaluerunt.</strong></span> <span class='ocrx_word' id='word_1_192' title='bbox 634 2574 853 2639; x_wconf 79' lang='lat' dir='ltr'><strong>Duasauteu</strong></span> <span class='ocrx_word' id='word_1_193' title='bbox 870 2590 941 2637; x_wconf 90' lang='lat' dir='ltr'><strong>esse</strong></span> <span class='ocrx_word' id='word_1_194' title='bbox 956 2571 1080 2637; x_wconf 86' lang='lat' dir='ltr'><strong>radices</strong></span> <span class='ocrx_word' id='word_1_195' title='bbox 1096 2575 1130 2634; x_wconf 89' lang='lat' dir='ltr'><strong>et</strong></span> <span class='ocrx_word' id='word_1_196' title='bbox 1145 2570 1288 2649; x_wconf 87' lang='lat' dir='ltr'><strong>reliquae</strong></span> 
     </span>
     <span class='ocr_line' id='line_1_24' title="bbox 141 2666 1291 2752; baseline 0.003 -23"><span class='ocrx_word' id='word_1_197' title='bbox 141 2666 289 2733; x_wconf 89' lang='lat' dir='ltr'><strong>eiusdem</strong></span> <span class='ocrx_word' id='word_1_198' title='bbox 319 2671 426 2750; x_wconf 83' lang='lat' dir='ltr'><strong>stirpis</strong></span> <span class='ocrx_word' id='word_1_199' title='bbox 452 2671 580 2752; x_wconf 82' lang='lat' dir='ltr'><strong>linguas</strong></span> <span class='ocrx_word' id='word_1_200' title='bbox 604 2676 777 2748; x_wconf 87' lang='lat' dir='ltr'><strong>testantur,</strong></span> <span class='ocrx_word' id='word_1_201' title='bbox 804 2679 838 2737; x_wconf 93' lang='lat' dir='ltr'><strong>et</strong></span> <span class='ocrx_word' id='word_1_202' title='bbox 859 2671 891 2735; x_wconf 92' lang='lat' dir='ltr'><strong>in</strong></span> <span class='ocrx_word' id='word_1_203' title='bbox 914 2669 1011 2734; x_wconf 86' lang='lat' dir='ltr'><strong>latina</strong></span> <span class='ocrx_word' id='word_1_204' title='bbox 1033 2687 1072 2733; x_wconf 83' lang='lat' dir='ltr'><strong>ex</strong></span> <span class='ocrx_word' id='word_1_205' title='bbox 1093 2667 1180 2732; x_wconf 90' lang='lat' dir='ltr'><strong>vario</strong></span> <span class='ocrx_word' id='word_1_206' title='bbox 1203 2667 1291 2733; x_wconf 89' lang='lat' dir='ltr'><strong>vocis</strong></span> 
     </span>
     <span class='ocr_line' id='line_1_25' title="bbox 142 2765 1292 2849; baseline -0.001 -18"><span class='ocrx_word' id='word_1_207' title='bbox 142 2784 214 2844; x_wconf 82' lang='lat' dir='ltr'><strong>usu,</strong></span> <span class='ocrx_word' id='word_1_208' title='bbox 238 2767 292 2846; x_wconf 92' lang='lat' dir='ltr'><strong>qui</strong></span> <span class='ocrx_word' id='word_1_209' title='bbox 314 2769 365 2833; x_wconf 80' lang='lat' dir='ltr'><strong>vin</strong></span> <span class='ocrx_word' id='word_1_210' title='bbox 387 2769 427 2832; x_wconf 90' lang='lat' dir='ltr'><strong>ad</strong></span> <span class='ocrx_word' id='word_1_211' title='bbox 452 2786 547 2833; x_wconf 91' lang='lat' dir='ltr'><strong>unum</strong></span> <span class='ocrx_word' id='word_1_212' title='bbox 569 2775 667 2849; x_wconf 89' lang='lat' dir='ltr'><strong>caput</strong></span> <span class='ocrx_word' id='word_1_213' title='bbox 688 2775 796 2849; x_wconf 89' lang='lat' dir='ltr'><strong>potest</strong></span> <span class='ocrx_word' id='word_1_214' title='bbox 818 2769 975 2844; x_wconf 86' lang='lat' dir='ltr'><strong>revocari,</strong></span> <span class='ocrx_word' id='word_1_215' title='bbox 999 2786 1037 2831; x_wconf 80' lang='lat' dir='ltr'><strong>en</strong></span> <span class='ocrx_word' id='word_1_216' title='bbox 1059 2766 1183 2832; x_wconf 89' lang='lat' dir='ltr'><strong>duabus</strong></span> <span class='ocrx_word' id='word_1_217' title='bbox 1207 2765 1292 2830; x_wconf 90' lang='lat' dir='ltr'><strong>radi·</strong></span> 
     </span>
     <span class='ocr_line' id='line_1_26' title="bbox 139 2864 1293 2948; baseline 0.001 -19"><span class='ocrx_word' id='word_1_218' title='bbox 139 2864 232 2929; x_wconf 92' lang='lat' dir='ltr'><strong>cibus</strong></span> <span class='ocrx_word' id='word_1_219' title='bbox 257 2864 349 2931; x_wconf 82' lang='lat' dir='ltr'><strong>facile</strong></span> <span class='ocrx_word' id='word_1_220' title='bbox 379 2865 548 2946; x_wconf 81' lang='lat' dir='ltr'><strong>explicari,</strong></span> <span class='ocrx_word' id='word_1_221' title='bbox 574 2866 774 2948; x_wconf 82' lang='lat' dir='ltr'><strong>intelligitur.</strong></span> <span class='ocrx_word' id='word_1_222' title='bbox 818 2866 1009 2947; x_wconf 86' lang='lat' dir='ltr'><strong>Saepissime</strong></span> <span class='ocrx_word' id='word_1_223' title='bbox 1037 2865 1118 2930; x_wconf 89' lang='lat' dir='ltr'><strong>enim</strong></span> <span class='ocrx_word' id='word_1_224' title='bbox 1147 2867 1219 2926; x_wconf 82' lang='lat' dir='ltr'><strong>dore</strong></span> <span class='ocrx_word' id='word_1_225' title='bbox 1247 2865 1293 2930; x_wconf 85' lang='lat' dir='ltr'><strong>ita</strong></span> 
     </span>
     <span class='ocr_line' id='line_1_27' title="bbox 140 2946 1294 3045; baseline 0.001 -18"><span class='ocrx_word' id='word_1_226' title='bbox 140 2962 268 3042; x_wconf 84' lang='lat' dir='ltr'><strong>dicitur,</strong></span> <span class='ocrx_word' id='word_1_227' title='bbox 300 2970 335 3028; x_wconf 91' lang='lat' dir='ltr'><strong>ut</strong></span> <span class='ocrx_word' id='word_1_228' title='bbox 356 2963 492 3027; x_wconf 87' lang='lat' dir='ltr'><strong>maxime</strong></span> <span class='ocrx_word' id='word_1_229' title='bbox 513 2966 707 3045; x_wconf 88' lang='lat' dir='ltr'><strong>respondeat</strong></span> <span class='ocrx_word' id='word_1_230' title='bbox 728 2963 884 3029; x_wconf 89' lang='lat' dir='ltr'><strong>vocabulo</strong></span> <span class='ocrx_word' id='word_1_231' title='bbox 908 2962 1089 3044; x_wconf 81' lang='lat' dir='ltr'><strong>germanico</strong></span> <span class='ocrx_word' id='word_1_232' title='bbox 1121 2946 1215 3041; x_wconf 69' lang='lat' dir='ltr'><strong>atah,</strong></span> <span class='ocrx_word' id='word_1_233' title='bbox 1241 2980 1294 3028; x_wconf 89' lang='lat' dir='ltr'><strong>co·</strong></span> 
     </span>
     <span class='ocr_line' id='line_1_28' title="bbox 140 3059 1293 3141; baseline 0.002 -18"><span class='ocrx_word' id='word_1_234' title='bbox 140 3066 241 3141; x_wconf 76' lang='lat' dir='ltr'><strong>gnato</strong></span> <span class='ocrx_word' id='word_1_235' title='bbox 262 3079 396 3140; x_wconf 82' lang='lat' dir='ltr'><strong>graecae</strong></span> <span class='ocrx_word' id='word_1_236' title='bbox 419 3062 490 3126; x_wconf 93' lang='lat' dir='ltr'><strong>voci</strong></span> <span class='ocrx_word' id='word_1_237' title='bbox 512 3069 619 3126; x_wconf 69' lang='grc' dir='ltr'><strong>θεῖναι.</strong></span> <span class='ocrx_word' id='word_1_238' title='bbox 643 3063 686 3127; x_wconf 87' lang='lat' dir='ltr'><strong>Et</strong></span> <span class='ocrx_word' id='word_1_239' title='bbox 709 3061 768 3126; x_wconf 87' lang='lat' dir='ltr'><strong>hac</strong></span> <span class='ocrx_word' id='word_1_240' title='bbox 790 3061 917 3140; x_wconf 89' lang='lat' dir='ltr'><strong>quidem</strong></span> <span class='ocrx_word' id='word_1_241' title='bbox 940 3059 971 3124; x_wconf 92' lang='lat' dir='ltr'><strong>vi</strong></span> <span class='ocrx_word' id='word_1_242' title='bbox 993 3060 1187 3140; x_wconf 89' lang='lat' dir='ltr'><strong>praeditum,</strong></span> <span class='ocrx_word' id='word_1_243' title='bbox 1210 3077 1293 3139; x_wconf 91' lang='lat' dir='ltr'><strong>quae</strong></span> 
     </span>
     <span class='ocr_line' id='line_1_29' title="bbox 141 3156 1295 3240; baseline -0.002 -17"><span class='ocrx_word' id='word_1_244' title='bbox 141 3157 222 3223; x_wconf 81' lang='lat' dir='ltr'><strong>satis</strong></span> <span class='ocrx_word' id='word_1_245' title='bbox 240 3156 305 3223; x_wconf 88' lang='lat' dir='ltr'><strong>late</strong></span> <span class='ocrx_word' id='word_1_246' title='bbox 333 3165 423 3239; x_wconf 87' lang='lat' dir='ltr'><strong>patet</strong></span> <span class='ocrx_word' id='word_1_247' title='bbox 445 3169 479 3225; x_wconf 88' lang='lat' dir='ltr'><strong>ot</strong></span> <span class='ocrx_word' id='word_1_248' title='bbox 500 3160 592 3227; x_wconf 86' lang='lat' dir='ltr'><strong>facile</strong></span> <span class='ocrx_word' id='word_1_249' title='bbox 614 3161 655 3225; x_wconf 86' lang='lat' dir='ltr'><strong>ad</strong></span> <span class='ocrx_word' id='word_1_250' title='bbox 679 3161 782 3240; x_wconf 89' lang='lat' dir='ltr'><strong>ipsam</strong></span> <span class='ocrx_word' id='word_1_251' title='bbox 809 3160 965 3224; x_wconf 87' lang='lat' dir='ltr'><strong>actionem</strong></span> <span class='ocrx_word' id='word_1_252' title='bbox 989 3158 1215 3237; x_wconf 84' lang='lat' dir='ltr'><strong>designandam</strong></span> <span class='ocrx_word' id='word_1_253' title='bbox 1239 3174 1295 3238; x_wconf 94' lang='lat' dir='ltr'><strong>po-</strong></span> 
     </span>
     <span class='ocr_line' id='line_1_30' title="bbox 142 3253 1293 3336; baseline 0.001 -17"><span class='ocrx_word' id='word_1_254' title='bbox 142 3259 210 3319; x_wconf 89' lang='lat' dir='ltr'><strong>test</strong></span> <span class='ocrx_word' id='word_1_255' title='bbox 231 3254 385 3335; x_wconf 86' lang='lat' dir='ltr'><strong>adhiberi,</strong></span> <span class='ocrx_word' id='word_1_256' title='bbox 405 3258 436 3322; x_wconf 94' lang='lat' dir='ltr'><strong>in</strong></span> <span class='ocrx_word' id='word_1_257' title='bbox 458 3258 567 3323; x_wconf 89' lang='lat' dir='ltr'><strong>multis</strong></span> <span class='ocrx_word' id='word_1_258' title='bbox 590 3258 757 3323; x_wconf 88' lang='lat' dir='ltr'><strong>verborum</strong></span> <span class='ocrx_word' id='word_1_259' title='bbox 780 3255 891 3321; x_wconf 81' lang='lat' dir='ltr'><strong>formis</strong></span> <span class='ocrx_word' id='word_1_260' title='bbox 907 3253 1095 3336; x_wconf 83' lang='lat' dir='ltr'><strong>effingendis</strong></span> <span class='ocrx_word' id='word_1_261' title='bbox 1111 3266 1293 3336; x_wconf 82' lang='lat' dir='ltr'><strong>usurpetur.</strong></span> 
     </span>
     <span class='ocr_line' id='line_1_31' title="bbox 145 3350 1294 3436; baseline -0.003 -17"><span class='ocrx_word' id='word_1_262' title='bbox 145 3352 191 3419; x_wconf 77' lang='lat' dir='ltr'><strong>at</strong></span> <span class='ocrx_word' id='word_1_263' title='bbox 211 3350 246 3417; x_wconf 91' lang='lat' dir='ltr'><strong>iu</strong></span> <span class='ocrx_word' id='word_1_264' title='bbox 265 3353 364 3419; x_wconf 83' lang='lat' dir='ltr'><strong>lutino</strong></span> <span class='ocrx_word' id='word_1_265' title='bbox 386 3355 511 3435; x_wconf 90' lang='lat' dir='ltr'><strong>quidem</strong></span> <span class='ocrx_word' id='word_1_266' title='bbox 535 3374 680 3421; x_wconf 86' lang='lat' dir='ltr'><strong>sermone</strong></span> <span class='ocrx_word' id='word_1_267' title='bbox 701 3354 821 3436; x_wconf 90' lang='lat' dir='ltr'><strong>duplici</strong></span> <span class='ocrx_word' id='word_1_268' title='bbox 842 3353 936 3419; x_wconf 92' lang='lat' dir='ltr'><strong>modo</strong></span> <span class='ocrx_word' id='word_1_269' title='bbox 958 3353 991 3417; x_wconf 92' lang='lat' dir='ltr'><strong>iu</strong></span> <span class='ocrx_word' id='word_1_270' title='bbox 1012 3352 1096 3418; x_wconf 85' lang='lat' dir='ltr'><strong>huuc</strong></span> <span class='ocrx_word' id='word_1_271' title='bbox 1112 3371 1204 3417; x_wconf 90' lang='lat' dir='ltr'><strong>usum</strong></span> <span class='ocrx_word' id='word_1_272' title='bbox 1220 3370 1294 3417; x_wconf 89' lang='lat' dir='ltr'><strong>con·</strong></span> 
     </span>
     <span class='ocr_line' id='line_1_32' title="bbox 142 3449 1295 3534; baseline -0.001 -18"><span class='ocrx_word' id='word_1_273' title='bbox 142 3451 293 3517; x_wconf 89' lang='lat' dir='ltr'><strong>vertitur.</strong></span> <span class='ocrx_word' id='word_1_274' title='bbox 336 3454 404 3519; x_wconf 85' lang='lat' dir='ltr'><strong>Aut</strong></span> <span class='ocrx_word' id='word_1_275' title='bbox 425 3453 507 3519; x_wconf 93' lang='lat' dir='ltr'><strong>enim</strong></span> <span class='ocrx_word' id='word_1_276' title='bbox 528 3454 671 3534; x_wconf 84' lang='lat' dir='ltr'><strong>proxime</strong></span> <span class='ocrx_word' id='word_1_277' title='bbox 693 3470 795 3533; x_wconf 89' lang='lat' dir='ltr'><strong>neque</strong></span> <span class='ocrx_word' id='word_1_278' title='bbox 817 3453 880 3517; x_wconf 91' lang='lat' dir='ltr'><strong>alio</strong></span> <span class='ocrx_word' id='word_1_279' title='bbox 903 3450 967 3517; x_wconf 89' lang='lat' dir='ltr'><strong>ullo</strong></span> <span class='ocrx_word' id='word_1_280' title='bbox 991 3449 1148 3516; x_wconf 81' lang='lat' dir='ltr'><strong>elemento</strong></span> <span class='ocrx_word' id='word_1_281' title='bbox 1169 3450 1295 3515; x_wconf 85' lang='lat' dir='ltr'><strong>adiecto</strong></span> 
     </span>
     <span class='ocr_line' id='line_1_33' title="bbox 143 3547 1296 3632; baseline -0.003 -17"><span class='ocrx_word' id='word_1_282' title='bbox 143 3548 185 3615; x_wconf 84' lang='lat' dir='ltr'><strong>ad</strong></span> <span class='ocrx_word' id='word_1_283' title='bbox 209 3548 315 3629; x_wconf 92' lang='lat' dir='ltr'><strong>ipsam</strong></span> <span class='ocrx_word' id='word_1_284' title='bbox 341 3552 482 3617; x_wconf 88' lang='lat' dir='ltr'><strong>radicem</strong></span> <span class='ocrx_word' id='word_1_285' title='bbox 504 3551 690 3632; x_wconf 85' lang='lat' dir='ltr'><strong>apponitur,</strong></span> <span class='ocrx_word' id='word_1_286' title='bbox 718 3550 810 3616; x_wconf 88' lang='lat' dir='ltr'><strong>velut</strong></span> <span class='ocrx_word' id='word_1_287' title='bbox 827 3548 973 3615; x_wconf 75' lang='lat' dir='ltr'><strong>suillium</strong></span> <span class='ocrx_word' id='word_1_288' title='bbox 994 3551 1053 3613; x_wconf 77' lang='lat' dir='ltr'><strong>das</strong></span> <span class='ocrx_word' id='word_1_289' title='bbox 1073 3565 1146 3614; x_wconf 90' lang='lat' dir='ltr'><strong>eum</strong></span> <span class='ocrx_word' id='word_1_290' title='bbox 1168 3547 1296 3625; x_wconf 87' lang='lat' dir='ltr'><strong>indicat,</strong></span> 
     </span>
     <span class='ocr_line' id='line_1_34' title="bbox 144 3643 1297 3729; baseline -0.003 -16"><span class='ocrx_word' id='word_1_291' title='bbox 144 3647 199 3729; x_wconf 83' lang='lat' dir='ltr'><strong>qui</strong></span> <span class='ocrx_word' id='word_1_292' title='bbox 220 3645 254 3711; x_wconf 92' lang='lat' dir='ltr'><strong>id</strong></span> <span class='ocrx_word' id='word_1_293' title='bbox 276 3647 346 3728; x_wconf 81' lang='lat' dir='ltr'><strong>agit</strong></span> <span class='ocrx_word' id='word_1_294' title='bbox 366 3649 452 3728; x_wconf 93' lang='lat' dir='ltr'><strong>quod</strong></span> <span class='ocrx_word' id='word_1_295' title='bbox 473 3650 506 3713; x_wconf 93' lang='lat' dir='ltr'><strong>in</strong></span> <span class='ocrx_word' id='word_1_296' title='bbox 527 3649 627 3714; x_wconf 88' lang='lat' dir='ltr'><strong>verbo</strong></span> <span class='ocrx_word' id='word_1_297' title='bbox 648 3647 779 3715; x_wconf 87' lang='lat' dir='ltr'><strong>radicali</strong></span> <span class='ocrx_word' id='word_1_298' title='bbox 803 3648 900 3726; x_wconf 80' lang='lat' dir='ltr'><strong>inest,</strong></span> <span class='ocrx_word' id='word_1_299' title='bbox 928 3651 999 3725; x_wconf 90' lang='lat' dir='ltr'><strong>aut,</strong></span> <span class='ocrx_word' id='word_1_300' title='bbox 1022 3647 1210 3727; x_wconf 86' lang='lat' dir='ltr'><strong>interposito</strong></span> <span class='ocrx_word' id='word_1_301' title='bbox 1233 3643 1297 3710; x_wconf 91' lang='lat' dir='ltr'><strong>ele·</strong></span> 
     </span>
     <span class='ocr_line' id='line_1_35' title="bbox 144 3741 1297 3828; baseline -0.001 -19"><span class='ocrx_word' id='word_1_302' title='bbox 144 3752 254 3811; x_wconf 88' lang='lat' dir='ltr'><strong>mento</strong></span> <span class='ocrx_word' id='word_1_303' title='bbox 276 3766 306 3824; x_wconf 82' lang='lat' dir='ltr'><strong>a,</strong></span> <span class='ocrx_word' id='word_1_304' title='bbox 329 3746 413 3825; x_wconf 92' lang='lat' dir='ltr'><strong>quod</strong></span> <span class='ocrx_word' id='word_1_305' title='bbox 436 3747 477 3811; x_wconf 88' lang='lat' dir='ltr'><strong>ad</strong></span> <span class='ocrx_word' id='word_1_306' title='bbox 499 3746 640 3812; x_wconf 89' lang='lat' dir='ltr'><strong>vocalem</strong></span> <span class='ocrx_word' id='word_1_307' title='bbox 663 3747 748 3813; x_wconf 92' lang='lat' dir='ltr'><strong>vocis</strong></span> <span class='ocrx_word' id='word_1_308' title='bbox 770 3747 939 3828; x_wconf 88' lang='lat' dir='ltr'><strong>primariae</strong></span> <span class='ocrx_word' id='word_1_309' title='bbox 962 3763 996 3811; x_wconf 92' lang='lat' dir='ltr'><strong>se</strong></span> <span class='ocrx_word' id='word_1_310' title='bbox 1018 3744 1224 3825; x_wconf 79' lang='lat' dir='ltr'><strong>adiungebat,</strong></span> <span class='ocrx_word' id='word_1_311' title='bbox 1246 3741 1297 3808; x_wconf 90' lang='lat' dir='ltr'><strong>vel</strong></span> 
     </span>
     <span class='ocr_line' id='line_1_36' title="bbox 145 3841 1297 3926; baseline -0.003 -17"><span class='ocrx_word' id='word_1_312' title='bbox 145 3844 256 3925; x_wconf 87' lang='lat' dir='ltr'><strong>potius</strong></span> <span class='ocrx_word' id='word_1_313' title='bbox 270 3843 411 3926; x_wconf 87' lang='lat' dir='ltr'><strong>syllabae</strong></span> <span class='ocrx_word' id='word_1_314' title='bbox 426 3865 476 3914; x_wconf 80' lang='lat' dir='ltr'><strong>un,</strong></span> <span class='ocrx_word' id='word_1_315' title='bbox 492 3845 581 3909; x_wconf 90' lang='lat' dir='ltr'><strong>cuius</strong></span> <span class='ocrx_word' id='word_1_316' title='bbox 596 3845 698 3924; x_wconf 90' lang='lat' dir='ltr'><strong>prima</strong></span> <span class='ocrx_word' id='word_1_317' title='bbox 713 3844 808 3910; x_wconf 90' lang='lat' dir='ltr'><strong>litera</strong></span> <span class='ocrx_word' id='word_1_318' title='bbox 822 3864 842 3905; x_wconf 84' lang='lat' dir='ltr'><strong>a</strong></span> <span class='ocrx_word' id='word_1_319' title='bbox 856 3851 936 3909; x_wconf 82' lang='lat' dir='ltr'><strong>vele</strong></span> <span class='ocrx_word' id='word_1_320' title='bbox 950 3843 1155 3909; x_wconf 89' lang='lat' dir='ltr'><strong>antecedente</strong></span> <span class='ocrx_word' id='word_1_321' title='bbox 1170 3841 1297 3906; x_wconf 90' lang='lat' dir='ltr'><strong>omitte·</strong></span> 
     </span>
     <span class='ocr_line' id='line_1_37' title="bbox 144 3938 1297 4020; baseline -0.003 -13"><span class='ocrx_word' id='word_1_322' title='bbox 144 3940 253 4020; x_wconf 82' lang='lat' dir='ltr'><strong>batur,</strong></span> <span class='ocrx_word' id='word_1_323' title='bbox 275 3946 313 4006; x_wconf 90' lang='lat' dir='ltr'><strong>ut</strong></span> <span class='ocrx_word' id='word_1_324' title='bbox 329 3943 393 4007; x_wconf 79' lang='grc' dir='ltr'><strong>ἱιιιιι</strong></span> <span class='ocrx_word' id='word_1_325' title='bbox 408 3940 501 4008; x_wconf 86' lang='lat' dir='ltr'><strong>lieret</strong></span> <span class='ocrx_word' id='word_1_326' title='bbox 515 3945 713 4018; x_wconf 54' lang='lat' dir='ltr'><strong>fumandos,</strong></span> <span class='ocrx_word' id='word_1_327' title='bbox 735 3946 927 4013; x_wconf 75' lang='lat' dir='ltr'><strong>condo-udus,</strong></span> <span class='ocrx_word' id='word_1_328' title='bbox 948 3943 1145 4013; x_wconf 59' lang='grc' dir='ltr'><strong>ιιι-κάων)</strong></span> <span class='ocrx_word' id='word_1_329' title='bbox 1174 3938 1297 4005; x_wconf 88' lang='lat' dir='ltr'><strong>Deinde</strong></span> 
     </span>
    </p>
   </div>
   <div class='ocr_carea' id='block_1_3' title="bbox 148 4182 1298 4425">
    <p class='ocr_par' dir='ltr' id='par_1_3' title="bbox 148 4182 1298 4425">
     <span class='ocr_line' id='line_1_38' title="bbox 207 4182 1298 4258; baseline -0.005 -15.949"><span class='ocrx_word' id='word_1_330' title='bbox 207 4182 414 4258; x_wconf 54' lang='lat' dir='ltr'><strong>&#39;&#39;bilimplicior</strong></span> <span class='ocrx_word' id='word_1_331' title='bbox 439 4196 517 4255; x_wconf 87' lang='lat' dir='ltr'><strong>quani</strong></span> <span class='ocrx_word' id='word_1_332' title='bbox 542 4186 610 4242; x_wconf 88' lang='lat' dir='ltr'><strong>haec</strong></span> <span class='ocrx_word' id='word_1_333' title='bbox 636 4188 776 4242; x_wconf 79' lang='lat' dir='ltr'><strong>derivandi</strong></span> <span class='ocrx_word' id='word_1_334' title='bbox 799 4184 919 4243; x_wconf 83' lang='lat' dir='ltr'><strong>ratioG.</strong></span> <span class='ocrx_word' id='word_1_335' title='bbox 940 4185 1064 4241; x_wconf 85' lang='lat' dir='ltr'><strong>Curtio</strong></span> <span class='ocrx_word' id='word_1_336' title='bbox 1057 4202 1084 4239; x_wconf 88' lang='grc' dir='ltr'><strong>ιιι</strong></span> <span class='ocrx_word' id='word_1_337' title='bbox 1104 4200 1219 4240; x_wconf 86' lang='lat' dir='ltr'><strong>censura</strong></span> <span class='ocrx_word' id='word_1_338' title='bbox 1236 4182 1298 4238; x_wconf 87' lang='lat' dir='ltr'><strong>llbrl</strong></span> 
     </span>
     <span class='ocr_line' id='line_1_39' title="bbox 148 4266 1297 4341; baseline -0.002 -16"><span class='ocrx_word' id='word_1_339' title='bbox 148 4271 366 4326; x_wconf 78' lang='lat' dir='ltr'><strong>weissenbomii</strong></span> <span class='ocrx_word' id='word_1_340' title='bbox 384 4270 485 4339; x_wconf 83' lang='lat' dir='ltr'><strong>Boppii</strong></span> <span class='ocrx_word' id='word_1_341' title='bbox 515 4271 589 4326; x_wconf 80' lang='lat' dir='ltr'><strong>ratio·</strong></span> <span class='ocrx_word' id='word_1_342' title='bbox 612 4273 733 4341; x_wconf 83' lang='lat' dir='ltr'><strong>ridetur,</strong></span> <span class='ocrx_word' id='word_1_343' title='bbox 760 4272 808 4340; x_wconf 93' lang='lat' dir='ltr'><strong>qui</strong></span> <span class='ocrx_word' id='word_1_344' title='bbox 829 4270 971 4326; x_wconf 80' lang='lat' dir='ltr'><strong>formam</strong></span> <span class='ocrx_word' id='word_1_345' title='bbox 963 4284 991 4323; x_wconf 89' lang='lat' dir='ltr'><strong>m</strong></span> <span class='ocrx_word' id='word_1_346' title='bbox 1015 4272 1061 4321; x_wconf 86' lang='lat' dir='ltr'><strong>od·</strong></span> <span class='ocrx_word' id='word_1_347' title='bbox 1052 4286 1093 4321; x_wconf 83' lang='lat' dir='ltr'><strong>-m</strong></span> <span class='ocrx_word' id='word_1_348' title='bbox 1118 4260 1297 4389; x_wconf 78' lang='lat' dir='ltr'><strong>aparticipit</strong></span> 
     </span>
     <span class='ocr_line' id='line_1_40' title="bbox 148 4353 1298 4425; baseline -0.006 -14"><span class='ocrx_word' id='word_1_349' title='bbox 148 4355 306 4425; x_wconf 62' lang='lat' dir='ltr'><strong>manda</strong></span> <span class='ocrx_word' id='word_1_350' title='bbox 322 4362 375 4411; x_wconf 76' lang='lat' dir='ltr'><strong>ast.</strong></span> <span class='ocrx_word' id='word_1_351' title='bbox 395 4353 514 4424; x_wconf 84' lang='lat' dir='ltr'><strong>deducit,</strong></span> <span class='ocrx_word' id='word_1_352' title='bbox 532 4363 639 4411; x_wconf 81' lang='lat' dir='ltr'><strong>mutato</strong></span> <span class='ocrx_word' id='word_1_353' title='bbox 658 4366 668 4407; x_wconf 82' lang='grc' dir='ltr'><strong>ι</strong></span> <span class='ocrx_word' id='word_1_354' title='bbox 686 4356 714 4408; x_wconf 89' lang='lat' dir='ltr'><strong>in</strong></span> <span class='ocrx_word' id='word_1_355' title='bbox 733 4355 758 4406; x_wconf 87' lang='lat' dir='ltr'><strong>d.</strong></span> <span class='ocrx_word' id='word_1_356' title='bbox 1295 4380 1298 4389; x_wconf 93' lang='lat'>·</span> 
     </span>
    </p>
   </div>
   <div class='ocr_carea' id='block_1_4' title="bbox 0 0 1585 5075">
    <p class='ocr_par' dir='ltr' id='par_1_4' title="bbox 0 0 1585 5075">
     <span class='ocr_line' id='line_1_41' title="bbox 0 0 1585 5075; baseline 0 0"><span class='ocrx_word' id='word_1_357' title='bbox 0 0 1585 5075; x_wconf 95' lang='lat' dir='ltr'><strong> </strong></span> 
     </span>
    </p>
   </div>
  </div>
 </body>
</html>
