3125 5075
297 356 342 419 52
743 344 871 389 mm.
899 346 965 389 011³.
979 348 1005 387 Χ.

297 539 434 616 gratiast.
481 538 510 614 3,
537 539 588 599 12:
622 538 698 597 Nam
725 545 777 600 tua
805 537 922 613 quidem
953 540 1055 599 hercle
1085 547 1168 601 certo
1192 543 1253 602 vita
1275 543 1352 603 haec
1376 560 1456 618 capa-

301 638 390 699 tenda
418 635 641 710 aptandaquest.
691 642 721 714 4,
751 639 802 699 29.
848 632 890 712 ΙΙ,
915 639 944 712 2,
966 640 1001 697 4;
1039 638 1093 697 tibi
1124 644 1239 700 omnest
1266 641 1453 702 caadendm

302 740 333 813 3,
357 737 397 797 82
421 750 485 812 sq.:
514 735 590 806 Quin
614 734 693 809 quod
713 740 756 795 est
777 734 951 794 Ferendum
973 733 1056 795 iere?
1091 732 1129 811 V,
1147 740 1175 804 7,
1192 732 1227 799 75
1247 739 1336 798 Nunc
1356 748 1455 813 gestus

298 835 374 894 mibi
403 835 557 908 voltusque
587 836 630 891 est
657 832 824 906 cabima
850 850 950 893 novos.
995 835 1025 908 8,
1056 837 1092 895 4:
1133 853 1210 894 nunc
1240 837 1456 896 conveniendus

301 932 475 992 Phormiost.
519 926 578 992 Ad.
602 925 658 1007 IV,
683 934 712 1008 7,
738 934 790 993 11:
825 932 866 989 Et
887 929 1021 991 dnaenaa
1044 931 1220 1008 indotatae&
1245 929 1298 995 ubi
1321 930 1452 997 Donat:

306 1027 370 1106 „Et
398 1026 458 1090 boc
480 1024 612 1089 verbum
634 1026 836 1091 necessitatis
859 1026 922 1089 vim
944 1023 1075 1091 babet.“
1098 1026 1141 1090 Et
1163 1027 1196 1091 in
1219 1028 1454 1094 constructione

299 1142 366 1190 ute.
390 1143 415 1189 a.
438 1121 491 1187 inf.
514 1122 618 1188 Plaut.
642 1123 730 1188 Asin·
753 1122 796 1203 ΙΙ,
820 1129 848 1203 2,
874 1129 927 1187 71:
963 1127 1024 1186 Iam
1049 1127 1250 1186 domandum
1277 1146 1403 1201 censes,
1432 1132 1453 1189 si

298 1222 514 1300 conspexeris?
557 1221 653 1285 Poen.
676 1221 714 1300 V,
739 1225 767 1297 2,
791 1226 846 1286 58:
869 1223 961 1283 Palas
981 1224 1154 1284 vendundas
1176 1226 1231 1284 sibi
1253 1226 1305 1285 ait.
1352 1224 1449 1290 Stich.

298 1320 327 1395 Ι,
351 1324 380 1399 2,
403 1323 458 1384 223
487 1320 664 1382 svmundarn
686 1339 805 1395 marn
828 1339 945 1382 censeo.
989 1318 1115 1385 Terent.
1140 1319 1237 1384 Andr.
1261 1320 1318 1398 IV,
1342 1327 1373 1399 2,
1401 1328 1453 1387 12:

301 1422 382 1498 Non,
407 1422 432 1481 si
454 1419 616 1493 capinndm
637 1421 710 1479 mibi
732 1421 823 1480 sciam
846 1436 906 1479 csse
928 1420 1062 1481 inimicos
1086 1422 1179 1479 omnis
1203 1421 1348 1482 homiues.
1397 1423 1453 1485 Ac-

300 1516 463 1582 cusativus
486 1514 722 1579 exclamationis
745 1519 853 1579 autem
875 1514 998 1595 positus
1021 1519 1071 1579 est
1094 1514 1135 1580 ib.
1160 1527 1189 1594 Ι,
1215 1520 1269 1579 28:
1295 1509 1451 1581 Oia'cinus

298 1617 601 1677 animadvortendum.

385 1715 596 1775 illuminativus
623 1712 762 1786 amandis·
792 1710 870 1774 nihil
897 1710 983 1774 aliud
1015 1715 1065 1776 est
1095 1728 1189 1790 quam
1220 1717 1372 1776 neutrum
1401 1734 1451 1795 ge·

300 1811 443 1890 rnndivi,
465 1810 573 1889 itaque
596 1825 737 1888 semper,
761 1807 911 1888 utillud,
940 1827 1011 1873 cum
1034 1809 1133 1874 verbo
1157 1810 1359 1874 substantivo
1382 1830 1449 1876 con·

300 1908 455 1986 iunctum,
485 1906 707 1971 necessitatem
735 1907 890 1986 exprimit.
936 1906 1038 1971 Plaut.
1063 1906 1231 1984 Asin.'lll,
1257 1914 1285 1985 3,
1310 1913 1368 1974 92:
1406 1914 1448 1972 lr-

298 2008 545 2069 ambulandumst.
591 2002 630 2075 V,
653 2008 682 2083 2,
705 2008 760 2069 87:
790 2008 872 2067 Male
899 2006 1101 2070 cabandanrat.
1152 2005 1242 2070 Cure.
1265 2005 1322 2086 IV,
1351 2014 1377 2087 Ι,
1401 2013 1448 2072 25:

299 2107 418 2181 linguae
441 2105 679 2164 moderandumst
700 2105 781 2166 mihi.
826 2102 918 2183 Epid.
940 2102 965 2180 I,
982 2107 1010 2181 2,
1028 2109 1083 2168 59:
1107 2107 1172 2165 Non
1196 2108 1273 2165 enim
1296 2126 1377 2168 nunc
1399 2109 1447 2168 tibi

295 2203 529 2279 dormitandum,
551 2220 646 2278 neque
670 2202 829 2262 cunctandi
851 2205 973 2278 copiast.
1017 2201 1133 2265 Bacch.
1150 2219 1178 2262 v.
1196 2205 1273 2264 240:
1299 2207 1369 2265 Hau
1388 2206 1446 2265 dor-

298 2302 499 2362 mitandnmst.
553 2316 579 2362 v.
614 2302 693 2363 409:
733 2301 832 2360 Minus
869 2301 1076 2366 mirandumst.
1126 2298 1191 2362 Mil.
1225 2316 1254 2360 v.
1292 2305 1333 2366 33
1368 2320 1445 2383 squ:

301 2401 422 2461 auribus
445 2398 736 2459 Pcrbanrc‘nndumst
758 2429 801 2439 —
823 2400 864 2457 Et
886 2398 1133 2459 adsentandumst.
1178 2397 1231 2475 lV,
1255 2402 1284 2477 5,
1312 2404 1367 2462 11:
1401 2421 1444 2463 oro

300 2504 331 2559 te
354 2496 542 2557 carmdumst
565 2504 694 2571 optumo.
739 2494 810 2561 Uno
833 2493 903 2560 loco
926 2493 1072 2559 Plautino
1095 2496 1213 2575 pendet
1236 2513 1274 2560 ex
1298 2515 1336 2561 eo
1361 2518 1445 2565 accu-

301 2595 423 2659 sativus
445 2592 571 2669 obiecti,
594 2591 679 2656 Trin.
703 2591 758 2670 IV,
775 2597 804 2671 2,
821 2597 874 2656 27:
898 2597 1011 2670 Opinor
1033 2597 1072 2655 mi
1097 2597 1265 2656 advenienti
1288 2599 1345 2658 bac
1364 2608 1444 2660 noctu

292 2694 500 2768 agitandumst
532 2692 658 2764 uigilias.
705 2689 833 2754 Terent.
863 2691 962 2754 Andr.
992 2690 1017 2769 Ι,
1049 2697 1075 2769 l,
1110 2698 1184 2754 125:
1220 2697 1318 2769 Prope
1356 2698 1445 2768 adest,

285 2809 384 2867 uuum
410 2793 509 2850 alieno
537 2807 618 2850 more
645 2790 832 2850 videndumst
856 2791 936 2849 mibi.
982 2787 1107 2853 Phorm.
1131 2789 1172 2867 ΙΙ,
1200 2796 1226 2867 l,
1253 2796 1305 2855 19:
1336 2797 1446 2855 Malea

285 2871 395 2949 ductast
417 2890 446 2947 in
468 2888 610 2963 pistrino,
641 2888 857 2965 cantandum,
892 2888 1043 2947 habendae
1066 2891 1241 2963 compedes,
1276 2894 1361 2967 Opus
1390 2893 1445 2953 ruri

295 2986 480 3060 sociandum.
526 2983 563 3046 ln
583 3001 647 3047 acc.
672 3002 697 3048 c.
721 2982 774 3047 int.
799 2982 876 3048 Hac.
901 2982 960 3062 ΙΙΙ,
983 2989 1012 3062 4,
1039 2990 1091 3048 ll:
1123 2990 1149 3047 si
1172 3006 1207 3047 eo
1230 2990 1302 3047 mibi
1326 2993 1443 3052 redean-

290 3086 366 3146 dnrn
389 3087 489 3144 sciam.
534 3082 583 3145 Ile
613 3081 681 3146 loco
709 3082 809 3146 Andr.
831 3080 887 3161 IV,
912 3086 940 3160 3,
967 3088 1015 3161 13,
1037 3082 1091 3162 qui
1122 3102 1184 3146 non
1212 3084 1353 3163 pertinet
1377 3087 1439 3162 buc,

285 3182 369 3246 ‘vide
390 3177 491 3262 prael.
514 3179 555 3243 ad
577 3179 638 3244 vol.
662 3178 687 3256 Ι,
710 3199 739 3259 p.
763 3179 833 3242 Vll.

383 3283 410 3342 2.
457 3276 495 3342 ln
515 3281 645 3355 genitivo
666 3277 806 3342 accessio
830 3277 1002 3342 accusativi
1026 3278 1172 3343 obiectivi
1195 3280 1235 3343 ad
1257 3283 1441 3360 gerundium

301 3376 402 3441 multo
426 3382 476 3440 est
498 3375 706 3456 frequentior,
730 3374 819 3438 cuius
842 3376 890 3438 rei
912 3393 1040 3439 causam
1063 3375 1108 3439 ita
1131 3377 1267 3455 explicat
1291 3375 1443 3444 Weissen-

298 3474 431 3540 bornius
453 3494 482 3554 p.
510 3478 585 3536 116:
624 3470 723 3563 „Cum
753 3471 913 3552 genitivus
943 3473 989 3536 rei
1011 3490 1081 3537 eam
1104 3480 1210 3537 notam
1233 3477 1378 3557 adiiciat,
1409 3496 1441 3542 ex

295 3589 360 3652 qua
382 3572 437 3635 illa
459 3570 604 3651 procedit
626 3576 659 3634 ct
680 3568 754 3634 talis
776 3567 814 3632 fit
836 3569 960 3649 qualem
984 3588 1055 3634 esse
1078 3571 1235 3651 videmus,
1258 3593 1321 3638 non
1344 3577 1441 3640 minus

296 3670 416 3734 actioni
439 3688 533 3750 quam
555 3670 600 3733 rei
617 3687 655 3733 ea
671 3672 778 3747 potest
793 3668 907 3745 inesse,
930 3671 966 3731 ut
988 3667 1075 3732 nulla
1098 3668 1141 3733 sit
1161 3672 1335 3737 necessitas
1351 3674 1442 3739 actio

283 3767 345 3831 »nis
379 3765 640 3847 significationem
674 3766 706 3828 in
732 3765 779 3828 rei
806 3766 965 3830 notionem
996 3767 1163 3830 immutare
1191 3774 1288 3848 atque
1312 3790 1371 3851 pro
1394 3790 1442 3853 ge·

297 3865 411 3929 rundio
436 3865 629 3930 substituere
653 3863 876 3944 gerundivum
899 3869 932 3926 et
954 3869 990 3926 ut
1010 3863 1127 3928 licebat
1150 3865 1190 3928 ad
1212 3886 1278 3932 rem
1296 3867 1441 3934 definien-

289 3962 369 4028 dam
393 3962 632 4042 alteramquae
657 3963 813 4026 actionem
837 3959 980 4025 efficeret
1002 3967 1058 4026 aut
1079 3960 1213 4028 baberet
1236 3965 1371 4046 addere,
1402 3968 1442 4031 ita

282 4060 371 4125 nibil
395 4060 553 4139 obstabat,
576 4078 639 4140 quo
662 4061 765 4124 minus
788 4059 890 4139 ipsam
913 4059 1080 4138 actionem,
1104 4077 1167 4151 qua
1193 4079 1245 4125 res
1261 4063 1313 4127 vel
1330 4065 1442 4146 produ·

286 4163 422 4223 caretur
453 4158 504 4222 vel
534 4157 769 4237 absolveretur,
803 4175 873 4222 cum
906 4156 1030 4221 obiecto
1060 4159 1261 4223 coniunctam
1292 4166 1440 4244 tanquam

294 4261 402 4319 notam
427 4254 629 4320 adiicerent.“
667 4255 855 4336 spectemus
878 4255 1013 4333 primum
1036 4259 1228 4334 substantiva,
1252 4260 1369 4338 quibus
1391 4260 1441 4325 ad·

293 4352 385 4416 ditur
407 4352 564 4432 genitivus
587 4353 731 4435 gerundii
754 4360 787 4418 et
809 4352 988 4435 gerundivi,
1012 4353 1126 4432 quibus
1148 4356 1324 4424 adnumero
1348 4361 1440 4424 etiam
