3125 5075
351 386 391 426 DE
406 387 505 429 101218.
518 412 542 420 -
556 391 614 431 itii).
630 392 660 431 itt
675 390 782 432 BNUNG.
797 391 1072 433 counirioitatnius.
1243 403 1304 463 105

151 573 339 649 Supplicium
368 577 406 639 ad
435 585 465 639 tc
488 580 565 641 hanc
587 599 683 642 mnam
706 582 771 654 sera
794 584 869 655 suri,
898 584 1019 643 simitu
1040 583 1129 645 eides.
1161 580 1303 660 Spleai)

149 668 215 736 Pro
246 672 468 739 enunciatiooe
497 677 657 757 sumptim
682 695 742 758 per
769 680 797 741 si
826 676 912 743 elata
940 677 1004 742 aiis
1026 678 1216 758 enunciatio,
1247 677 1305 744 sed

147 768 228 834 item
259 767 491 850 significatione
521 774 680 855 sumptim
708 775 816 856 posita
846 779 896 840 est
924 773 990 839 Mil.
1022 774 1081 852 ΙΙΙ,
1112 782 1140 855 2,
1172 781 1212 842 38
1243 791 1306 856 so:

147 870 217 930 Non
240 869 343 930 hercle
365 876 426 930 tam
448 873 517 932 istie
539 873 636 934 valide
659 876 817 934 cassabant
837 876 914 935 cadi.
959 873 1010 933 Set
1033 877 1068 935 iu
1089 876 1163 937 ceila
1185 878 1304 951 psoium

148 969 242 1029 loculi
265 972 333 1027 erat
351 970 439 1029 nimis
462 971 577 1030 lubrici.

237 1064 274 1127 ln
304 1064 526 1129 enuntiatione
554 1065 707 1146 primaria
733 1072 785 1131 est
807 1066 1026 1132 coniunctivas
1048 1065 1234 1147 potentialis
1255 1066 1307 1133 his

149 1160 238 1226 lociu.
283 1159 574 1239 PlautMera11,
599 1168 628 1242 3,
654 1168 707 1227 17;
741 1167 828 1226 Nunc
854 1168 881 1225 si
907 1166 972 1225 dico
997 1173 1031 1226 nt
1053 1184 1102 1227 res
1123 1174 1184 1240 est,
1216 1174 1305 1242 atque

148 1263 233 1321 illurn
266 1262 338 1320 mibi
368 1278 415 1319 me
443 1262 559 1322 Emissa
587 1262 698 1330 iudica,
733 1281 819 1338 quem
847 1265 884 1323 nd
915 1265 1031 1323 modom
1057 1266 1212 1325 existumet
1238 1264 1309 1325 me?

151 1363 250 1436 Atque
275 1361 357 1419 illum
379 1358 548 1426 abmrabat,
578 1366 662 1421 trans
684 1378 767 1421 mars
790 1362 860 1420 hinc
879 1379 985 1421 venum
1008 1365 1144 1434 asportet.
1190 1358 1305 1425 Pseud.

148 1457 175 1536 Ι,
200 1461 230 1534 3,
254 1460 309 1517 ῠ2ε
344 1454 379 1514 Si
407 1457 542 1523 amabas,
572 1458 721 1520 invenires
747 1447 887 1518 mutuom.
933 1455 1025 1521 Trnc.
1049 1456 1105 1532 IV,
1129 1460 1158 1535 2,
1182 1462 1237 1521 35:
1271 1457 1308 1528 St

149 1557 268 1619 colebas
290 1554 476 1628 participari,
500 1555 636 1626 casatus
659 1557 811 1616 dimidium
834 1557 949 1616 domum
978 1552 1019 1630 (io
1044 1552 1144 1632 bilici
1167 1555 1206 1617 bu
1230 1568 1304 1636 turp·

150 1656 253 1733 tropen
277 1646 390 1727 inlisu).
437 1647 680 1715 Coniunctivum
704 1668 774 1715 cum
798 1651 968 1715 indicativo
983 1651 1015 1714 in
1031 1652 1210 1732 sumptione
1226 1648 1308 1716 'con-

147 1753 291 1816 iunctum
315 1748 438 1826 reperis
461 1747 587 1811 Terent.
610 1747 737 1812 Phorm.
759 1747 798 1819 V,
821 1753 852 1826 4,
876 1751 909 1812 6:
949 1752 1026 1823 Quin
1053 1752 1158 1811 sihoc
1186 1752 1305 1824 cektur,

148 1856 179 1911 in
203 1845 366 1921 metuetis
383 1848 497 1922 patefit,
522 1850 551 1907 iu
574 1848 684 1922 probro
706 1850 770 1909 sim.
816 1845 868 1910 sie
891 1846 1033 1925 loquitur
1055 1846 1205 1925 Antipho,
1228 1862 1309 1924 quo·

151 1948 236 2009 niam
260 1943 288 2006 ei
312 1940 502 2021 patefactum
528 1960 621 2022 quarn
645 1944 839 2008 occultatum
863 1942 901 2005 iri
917 1941 1058 2007 fraudem
1081 1940 1306 2020 verisimilibus

150 2048 211 2108 est.
257 2040 480 2121 Imperfectum
510 2041 699 2106 coniunctivi
728 2047 779 2104 est
806 2041 838 2103 in
866 2040 998 2118 apodosi
1021 2039 1127 2104 Plaui.
1150 2040 1226 2104 Cist.
1250 2035 1305 2118 IV,

152 2146 181 2219 2,
208 2146 263 2203 lb:
297 2142 370 2201 Nam
398 2141 426 2200 si
456 2157 541 2200 nemo
566 2140 725 2212 praeteriit
753 2141 822 2207 hac,
852 2149 1009 2213 postquam
1044 2142 1125 2199 intro
1161 2139 1220 2200 abii
1247 2138 1308 2213 (sic

151 2236 350 2301 Fleckeisen.
374 2237 406 2299 in
428 2234 529 2298 Iahnii
553 2236 657 2300 annal.
684 2239 775 2314 1851,
798 2235 859 2297 vol.
883 2239 933 2310 61,
957 2238 1033 2297 sect.
1060 2242 1086 2312 1,
1109 2253 1138 2313 p.
1164 2237 1229 2313 25),
1257 2237 1307 2297 ci·

152 2338 243 2398 stelin
266 2337 314 2395 hic
335 2338 446 2395 iaceret
467 2336 593 2409 (versus
614 2339 689 2397 sunt
711 2330 896 2396 bacchincii.

238 2431 272 2511 2)
296 2433 430 2506 Sumptis
458 2433 560 2492 muti.
606 2430 796 2510 spectemus
824 2428 958 2508 primum
982 2428 1219 2492 enuntiationes
1241 2427 1306 2492 ire·

152 2529 365 2610 quentativas.
411 2528 697 2594 Catamitus:
721 2528 941 2590 Paterfamilias
964 2528 1014 2588 ubi
1037 2529 1074 2589 ad
1098 2530 1196 2597 villam
1213 2529 1305 2603 venit,

150 2632 201 2691 nbi
226 2632 317 2691 larem
341 2629 518 2688 familiarem
542 2632 695 2702 salutavit,
726 2628 847 2687 ioudum
871 2627 975 2686 eodem
997 2628 1053 2700 die,
1075 2628 1102 2687 si
1118 2631 1221 2701 potest,
1246 2628 1304 2685 cir·

151 2734 279 2788 comest.
312 2723 343 2788 C.
370 2732 402 2787 b:
425 2728 455 2786 id
477 2744 513 2786 ex
529 2727 616 2800 inme,
640 2736 670 2787 et
691 2727 718 2786 si
736 2726 861 2798 impluit,
883 2723 949 2783 fieri
970 2724 1050 2785 sokt.
1079 2722 1206 2786 Terent.
1223 2720 1305 2785 Eun.

149 2823 211 2902 ΙΙΙ,
238 2828 265 2900 Ι,
291 2827 328 2886 13
352 2839 434 2902 squ:
469 2827 542 2884 Tum
573 2826 667 2884 maibi
693 2842 758 2884 eom
790 2825 912 2883 satietas
942 2824 1097 2882 Hominum
1126 2829 1178 2883 aut
1205 2820 1306 2894 negoti

150 2922 300 2995 siquando
322 2922 419 2981 odium
442 2927 566 2996 ceperat,
589 2924 789 2997 Requiescere
811 2920 864 2979 ubi
884 2919 998 2979 colebat
1018 2950 1059 2960 -
1082 2920 1154 2978 Tnm
1173 2937 1217 2978 me
1234 2936 1303 2978 con-

149 3023 247 3081 rirnm
279 3022 372 3081 solum
403 3020 567 3080 abducebat
587 3022 657 3093 sibi,
689 3017 743 3081 ubi
767 3012 866 3080 semel
888 3030 947 3093 pro
970 3002 1128 3095 particula
1151 3014 1306 3080 conditio·

149 3113 217 3179 usli
244 3118 272 3176 si
295 3115 480 3195 temporalis
509 3121 561 3179 ubi
587 3116 691 3196 posita
719 3118 781 3192 est,
811 3112 894 3191 quod
915 3110 1104 3191 plerumque
1126 3110 1171 3188 fit,
1195 3111 1221 3175 si
1243 3110 1307 3175 ire·

151 3213 359 3292 quentativne
396 3213 635 3277 enunciationes
672 3212 703 3275 in
741 3214 886 3288 tempore
919 3209 1096 3288 praeterito
1133 3214 1306 3289 ponuntur,

151 3328 179 3372 v.
204 3309 369 3373 Etzlerum
393 3327 421 3388 p.
449 3316 517 3374 167.
542 3310 645 3374 Plani.
672 3307 789 3373 Bacch.
815 3305 876 3387 ΙΙΙ,
900 3313 929 3387 3,
954 3311 1008 3370 23:
1036 3309 1092 3369 nisi
1115 3338 1158 3351 -
1181 3324 1306 3367 veneras

150 3443 194 3453 -
218 3412 366 3484 penderes
388 3408 420 3470 in
444 3409 664 3474 enunciatione
687 3405 840 3488 primaria
861 3404 1046 3485 potentialis
1069 3403 1236 3484 praeteriti
1251 3418 1308 3483 po-

151 3506 235 3570 situs
258 3509 317 3568 est.
349 3504 564 3571 Transeamus
586 3507 627 3570 au
650 3524 705 3570 eas
725 3503 973 3577 enunciationes,
996 3503 1027 3565 in
1051 3500 1166 3581 qiribus
1189 3502 1228 3565 de
1244 3516 1308 3564 una

150 3607 276 3666 tantum
300 3602 424 3666 actione
448 3603 573 3668 dicitur.
618 3603 697 3668 Cato
717 3604 754 3667 R.
778 3601 816 3664 R.
840 3618 864 3664 c.
893 3607 922 3665 l:
957 3603 1112 3663 Praedium
1141 3602 1218 3676 quod
1245 3601 1309 3675 pri·

151 3720 231 3762 mum
255 3703 314 3761 siet,
334 3705 360 3762 si
381 3721 428 3763 ms
450 3705 578 3779 rogabis,
603 3706 646 3765 sic
668 3705 773 3764 dicam.
819 3698 853 3763 C·
877 3703 913 3764 3:
944 3700 979 3760 Si
1005 3704 1034 3760 in
1065 3710 1147 3759 terra
1170 3697 1307 3758 citabu-

151 3805 216 3861 lato
240 3802 306 3859 olen
331 3802 452 3859 nimium
475 3805 524 3861 din
546 3803 611 3870 erit,
627 3806 771 3876 pateam,
794 3801 890 3861 oleum
914 3801 1055 3860 foetidum
1079 3799 1136 3871 fiet.
1181 3793 1244 3857 iu:
1275 3791 1310 3854 Si

152 3906 237 3958 rotas
268 3897 484 3972 colesiacum,
512 3900 627 3960 tardius
653 3901 809 3966 ducentur,
837 3899 890 3959 sed
920 3901 1034 3958 minore
1058 3897 1169 3956 labore.
1215 3889 1249 3954 Ο.
1272 3895 1309 3956 4:

152 3997 185 4054 Si
209 4004 239 4054 te
263 3996 394 4054 libenter
418 3998 555 4057 vicinitas
575 3997 698 4070 videbit,
721 3999 840 4057 facilins
862 3994 1043 4070 innuentes,
1065 4010 1174 4068 operas
1190 3989 1309 4051 facilins

154 4093 278 4165 locabis,
303 4095 458 4166 operarios
481 4094 598 4155 iacilius
621 4095 767 4156 maduca.
793 4093 828 4154 Si
850 4092 1032 4167 aedificabis,
1056 4094 1166 4166 operis,
1197 4093 1309 4148 inmen-

227 4317 250 4380 *Ι
272 4317 316 4370 Sic
335 4318 415 4370 Both.
436 4318 506 4387 vulg.
527 4322 622 4369 minam
645 4327 674 4372 et
699 4321 793 4384 aspice.
830 4319 938 4386 Aepg:
963 4319 985 4368 si
1008 4318 1071 4367 mihi
1091 4316 1225 4382 ridespiee.
1264 4316 1310 4382 Ap

154 4417 185 4450 nr
203 4402 286 4450 ehanc
305 4400 346 4453 vel
366 4417 379 4451 c
400 4403 474 4451 banc.
513 4402 557 4468 Bp
576 4405 609 4452 ud
630 4404 705 4454 hone.
724 4429 757 4439 -
777 4401 860 4466 splos-
872 4398 926 4455 lum
944 4399 1054 4468 scripsit
1072 4399 1184 4453 Parcus.
