3125 5075
212 365 250 425 10
639 364 764 407 Vennum.
792 365 855 406 ΟΔΡ.
871 367 930 408 vili.

210 547 287 614 dicit
308 545 340 610 iu
362 546 580 616 adnotatione:
625 553 796 630 „Fortasse
818 554 947 635 scripsit
968 560 1064 635 poeta
1085 575 1167 617 nans
1188 575 1220 618 se
1234 555 1352 630 officio.“

210 647 273 714 Sed
296 643 442 725 inprimis
457 644 526 711 huc
549 650 688 727 pertinet
704 658 873 729 permeare,
902 652 985 730 quod
1013 669 1075 717 uno
1103 659 1229 717 tautum
1253 651 1355 718 locoa

210 746 325 812 Plauto
353 742 554 809 intransitiva
584 745 813 827 significatione
849 757 1040 829 usurpatum
1069 755 1118 814 est
1146 756 1186 818 (v.
1215 750 1354 831 Kampoi

207 844 228 908 l.
252 845 304 918 e),
333 841 447 908 Bacch.
470 840 495 919 Ι,
521 848 625 919 1,33;
655 849 833 909 adulescens
860 850 946 910 homo
976 850 1136 908 Percetrere
1165 850 1255 911 huius
1285 850 1357 910 modi

208 948 240 1006 in
272 945 462 1018 palaestram,
500 942 645 1009 omnibus
678 944 794 1010 ceteris
826 946 994 1009 transitiva
1026 946 1134 1010 addito
1168 946 1357 1010 accusativo.

209 1040 264 1107 sic
283 1039 376 1104 Truc.
401 1037 426 1113 Ι,
453 1044 479 1117 l,
504 1044 558 1103 23:
603 1045 706 1118 anue
734 1047 814 1104 intra
839 1053 944 1119 pectus
966 1063 997 1105 sc
1013 1047 1185 1119 penetravit
1206 1048 1302 1121 potio,
1324 1044 1360 1108 ati

208 1157 238 1221 q
260 1138 281 1203 l.
305 1137 461 1203 tironos:
485 1139 601 1215 „Anmt
623 1139 682 1203 hoc
705 1140 803 1204 verbo
825 1143 962 1220 scriptor
977 1141 1081 1205 activo
1097 1141 1155 1218 uti,
1178 1160 1254 1206 cnm
1268 1142 1361 1222 vulgo

206 1237 352 1303 terbum*
378 1245 537 1312 penetrare
575 1238 765 1303 neutraliter
803 1246 984 1317 usurpetur,
1023 1237 1135 1318 Amph.
1174 1238 1201 1308 Ι,
1244 1245 1274 1316 l,
1309 1246 1360 1305 et:

207 1338 382 1403 Perduelles
400 1340 564 1408 penetrarat
584 1354 613 1399 ae
637 1339 667 1396 in
691 1337 798 1412 lugam,
827 1336 911 1399 Men.
936 1336 972 1416 V,
996 1341 1026 1412 2,
1048 1341 1103 1401 64:
1148 1340 1181 1398 Si
1204 1357 1264 1414 ego
1287 1342 1362 1400 intra

207 1439 289 1501 aedis
312 1438 398 1497 huius
422 1452 567 1508 umquam,
590 1436 639 1495 ubi
662 1437 786 1509 habitat,
800 1439 956 1509 penetravi
972 1437 1084 1509 podem,
1108 1433 1194 1500 Trim
1218 1434 1359 1506 11,2,1:

209 1538 273 1611 Quo
296 1535 357 1596 illic
380 1534 467 1594 homo
489 1531 569 1593 iores
591 1550 622 1592 se
643 1533 814 1605 penetravit
834 1551 870 1594 ex
893 1534 1053 1609 aedibnsi,
1085 1550 1113 1595 v.
1141 1538 1194 1596 14:
1224 1538 1300 1611 quin
1321 1554 1359 1595 ate

207 1634 245 1694 ad
276 1633 370 1708 pluris
392 1631 549 1704 penetravi
579 1630 699 1706 prinei,
729 1649 758 1692 v.
783 1634 837 1695 33:
869 1634 913 1692 Ne
932 1637 1119 1705 penetrarem
1141 1650 1188 1692 me
1208 1634 1356 1709 usqonm.“

208 1728 307 1793 Addit
329 1726 472 1792 Perizon.
499 1726 540 1789 ad
563 1724 669 1790 Senot.
699 1726 774 1791 Min.
799 1745 829 1808 p.
856 1733 927 1792 366.
951 1728 1034 1792 llien.
1057 1726 1101 1806 ll,
1125 1734 1154 1805 3,
1177 1734 1238 1792 49:
1269 1748 1352 1807 reque

207 1830 264 1889 huc
295 1830 457 1903 Umquam,
496 1833 651 1900 postquam
693 1836 779 1888 uatus
819 1847 899 1901 enm,
941 1830 1021 1889 intra
1057 1836 1174 1902 portam
1203 1828 1351 1902 penetravi

201 1927 314 2001 pedem.
364 1922 456 1987 Adde
487 1924 598 1983 resideo
633 1920 723 2003 Capt.
753 1923 812 2001 Ill,
843 1929 869 2003 l,
899 1929 918 1987 8
953 1923 1073 2003 (Sanct.
1102 1923 1180 1988 Min.
1209 1944 1241 2005 p.
1273 1930 1354 1991 etet:

207 2027 254 2085 lta
275 2029 379 2085 venter
401 2030 559 2099 gutturque
582 2022 711 2082 resident
732 2024 885 2085 estante
904 2025 1008 2095 serios,
1029 2048 1071 2076 ε
1095 2022 1236 2087 sedendo
1254 2030 1355 2105 agunt

209 2120 349 2185 efferam
379 2119 441 2182 iarn
467 2116 530 2182 alia
552 2117 723 2182 verborum
745 2119 1020 2184 intransitivorurn
1044 2119 1200 2199 exourpla,
1224 2122 1356 2201 primum

207 2222 323 2295 tanao,
338 2216 377 2283 de
393 2233 455 2295 qno
471 2215 543 2280 vide
555 2215 696 2280 Perizon.
713 2217 753 2280 ad
766 2216 871 2286 Sanct.
888 2235 919 2297 p.
932 2223 1003 2283 337.
1027 2217 1106 2283 Cato
1123 2218 1210 2297 apud
1223 2217 1357 2283 Gellium

206 2316 292 2396 XVI,
312 2322 364 2380 14:
388 2316 477 2376 Aliud
494 2323 541 2376 eat
555 2332 728 2390 properare,
746 2318 828 2377 aliud
842 2315 985 2378 festinare
1010 2366 1017 2380 .
1041 2320 1091 2393 qui
1113 2318 1357 2395 unumquicquid

209 2425 323 2477 mature
339 2414 486 2487 transigit,
502 2416 528 2474 ia
543 2423 702 2488 properam
723 2416 772 2489 qui
788 2417 881 2475 multa
895 2418 982 2476 simul
997 2418 1105 2490 incipit
1119 2432 1216 2491 neque
1231 2417 1356 2491 perficit,

207 2517 233 2575 is
260 2514 388 2587 festinat.
433 2509 536 2575 Plaut.
567 2507 636 2574 Ces.
666 2509 707 2586 ΙΙ,
733 2515 761 2589 7,
786 2516 821 2576 9:
850 2520 882 2572 ut
912 2515 1073 2585 festirwbot
1099 2515 1203 2574 miseri
1250 2511 1311 2591 ΙΙΙ,
1332 2516 1356 2592 2,

207 2616 262 2678 283
296 2613 402 2672 Miseri
425 2618 457 2670 ut
478 2611 623 2682 saeuam
644 2612 744 2670 senes!
790 2610 912 2673 Deinde
934 2614 1050 2672 coemtio
1074 2610 1159 2674 Trin.
1183 2609 1226 2679 ΙΙ,
1252 2618 1281 2688 2,
1310 2617 1356 2675 19;

207 2713 289 2770 Haec
327 2710 380 2768 tibi
417 2711 442 2768 si
481 2726 620 2782 capesses
658 2726 724 2768 mea
756 2710 892 2783 imperia,
930 2713 1027 2771 Multa
1060 2712 1138 2771 bona
1170 2713 1201 2769 in
1235 2721 1355 2786 pectore

207 2805 395 2884 [praecepta]
423 2806 585 2873 ,considam
619 2804 702 2882 quod
737 2809 824 2870 recte
853 2805 1039 2870 Perizonius
1072 2825 1102 2888 p.
1134 2812 1192 2871 381
1231 2808 1355 2874 notione

205 2900 407 2968 intransitiva
437 2919 539 2979 neque
562 2918 629 2963 curn
655 2901 797 2966 Acidalio
820 2921 878 2981 pro
902 2908 1058 2967 considere
1082 2906 1196 2966 iaciant
1219 2907 1356 2984 positum

205 3020 276 3065 esse
298 2999 385 3064 dicit
429 2998 519 3065 Adde
546 3000 660 3059 desidco
682 2998 796 3074 (Parin
818 3000 1199 3082 l.c.)‚Bacclr.11,3‚4·.
1225 3015 1356 3066 nostrum

205 3110 265 3162 tam
303 3103 353 3160 diu
390 3101 435 3159 lbi
470 3100 601 3159 des-idere
637 3117 732 3174 neque
766 3105 864 3162 redire
898 3103 998 3162 filium.
1055 3100 1104 3164 De
1137 3100 1265 3167 divorso
1301 3120 1355 3166 nsn

204 3197 405 3263 intransitive
428 3199 516 3262 verbi
545 3203 642 3260 dolere
665 3218 692 3264 v.
715 3200 861 3263 Perizon.
884 3216 913 3278 p·
938 3202 1008 3262 330.
1054 3198 1156 3262 Plaut.
1180 3198 1299 3264 Pseud.
1322 3200 1355 3277 ll,

204 3300 233 3375 2,
263 3300 321 3361 21:
365 3299 403 3357 Ni
432 3298 544 3359 doleres
574 3310 615 3370 tu,
645 3319 699 3374 ego
727 3300 867 3360 dolerem.
918 3295 1031 3360 Bacch.
1061 3295 1098 3374 V,
1131 3301 1159 3374 2,
1190 3303 1248 3361 54:
1294 3303 1354 3361 Non

203 3403 302 3458 metuo
331 3397 440 3472 nequid
467 3398 541 3456 milri
567 3399 664 3459 doleat
690 3398 768 3472 quod
797 3397 896 3456 leriae.
943 3394 1020 3458 cist.
1049 3392 1074 3468 I,
1101 3401 1127 3473 l,
1151 3399 1206 3458 ὅθι
1254 3397 1354 3472 Siquid

202 3503 249 3556 est
272 3492 330 3568 (sic
353 3495 422 3572 Ap),
453 3496 532 3569 quod
558 3495 663 3564 doleat,
689 3496 780 3567 dolet;
814 3498 858 3556 sin
886 3502 984 3554 autern
1015 3505 1070 3570 est,
1099 3505 1197 3555 tamen
1230 3497 1288 3556 hoc
1311 3498 1355 3555 hio

203 3588 311 3672 (Botln
337 3593 415 3662 lruic)
438 3593 524 3656 dolet.
569 3591 661 3656 Trnc.
687 3590 728 3667 ΙΙ,
752 3596 782 3668 8,
806 3595 838 3654 2;
883 3595 959 3653 Nom
982 3594 1053 3652 milri
1076 3592 1112 3652 de
1136 3602 1225 3653 vento
1248 3595 1354 3654 misere

204 3687 264 3770 (sie
284 3691 371 3754 codd
393 3688 501 3767 Perei3
524 3689 608 3770 vulg·
632 3692 771 3762 misereat
796 3691 950 3752 condoluit
971 3698 1069 3766 caput.
1092 3689 1132 3753 ib.
1155 3708 1182 3752 V.
1200 3694 1233 3754 3:
1281 3691 1354 3766 Quid

203 3808 268 3852 meo
291 3789 461 3864 futurumst,
492 3791 561 3864 quoi
592 3791 666 3849 duae
691 3792 818 3852 ancillae
840 3789 945 3865 doleat,
969 3787 988 3850 i.
1012 3806 1039 3850 e.
1062 3788 1202 3852 dolorem
1225 3786 1354 3851 iaciunt

202 3885 334 3951 Marcet.
358 3883 401 3956 ΙΙ,
424 3891 453 3963 3,
477 3889 532 3948 54ε
564 3888 594 3946 iu
624 3896 740 3962 portum
772 3889 830 3947 huc
859 3895 891 3948 nt
915 3906 976 3948 sum
999 3888 1151 3960 adtectus,
1180 3891 1284 3947 nescio
1308 3888 1356 3963 qui

201 3987 318 4045 animas
352 3987 423 4045 mihi
457 3986 542 4044 dotet.
588 3984 716 4048 Terent.
744 3983 826 4048 Eun.
855 3982 879 4055 l,
908 3989 937 4061 2,
971 3990 1023 4047 13;
1069 3988 1111 4046 Ut
1138 3995 1188 4046 aut
1215 3988 1273 4046 hoc
1303 3987 1355 4045 tibi

200 4083 309 4143 doleret
331 4085 434 4144 itidem
456 4092 489 4144 ut
510 4084 583 4144 mihi
604 4084 687 4143 dolet.
711 4117 754 4129 -
778 4084 887 4151 eaelo,
909 4082 949 4145 tle
972 4098 1033 4160 quo
1058 4083 1129 4145 vide
1149 4081 1293 4145 Perizon.
1317 4080 1355 4143 al

201 4177 308 4243 Senot.
330 4196 361 4258 p·
384 4183 455 4245 309.
501 4178 603 4244 Plana
626 4179 692 4245 Mil.
717 4179 771 4257 lv,
795 4187 824 4258 ὁ,
851 4185 889 4243 15
913 4197 973 4259 sq:
998 4182 1130 4242 Reddam
1153 4184 1354 4256 impetratum

199 4274 263 4341 PY.
287 4287 319 4339 at
339 4279 438 4354 posim.
486 4276 548 4343 Pa.
593 4284 634 4342 At
663 4281 777 4340 modica
802 4281 898 4340 dccet.
929 4281 1088 4340 Moderare
1111 4282 1224 4341 animo:
1254 4298 1292 4340 ne
1316 4282 1355 4340 sis

199 4377 336 4449 cupidus,
359 4375 413 4444 uti
435 4379 531 4453 pastio
553 4377 751 4458 ascriptum
773 4376 844 4456 ipso
868 4376 1046 4457 explicatur
1069 4393 1126 4456 per·
1142 4396 1204 4439 sum
1222 4379 1352 4453 cupidos.
