3125 5075
216 334 266 408 70³
648 321 775 377 mentm
799 335 867 378 car.
880 335 918 376 xr.

214 534 268 595 tar
294 521 483 611 significatio
509 528 702 606 inchoativa,
732 527 771 591 de
798 530 914 591 conatu
941 522 1156 605 mteitigenaa
1217 522 1254 589 Si
1287 524 1368 589 ddtd

215 626 362 692 actiones·-
379 625 463 690 inter
484 639 522 691 se·
543 628 778 706 comparantur,
801 615 917 688 itidem·
933 620 1119 702 immrfectc
1141 622 1236 687 actia
1249 621 1367 687 deseri

212 716 301 790 bit'ur
332 737 415 803 quae
447 728 497 788 est
530 721 647 788 iniecta
678 722 789 788 adbuc
818 725 916 800 atque
949 719 1055 798 durat,-
1085 719 1161 783 dam
1188 716 1365 805 aiteradt

213 821 313 887 Naev.
336 818 372 884 fr.
394 820 455 886 inc.
479 831 558 886 adm.
575 825 608 885 7:
631 824 765 883 Tantam·
780 821 821 881 ibi
843 822 940 881 molae
964 820 1110 895 crepitum
1127 820 1294 898 factam,
1314 813 1366 879 aa

213 905 371 982 baabbaat
391 922 558 996 compedes.
604 917 716 982 Plane·
731 916 818 981 Asin.
842 913 884 995 ΙΙ,
908 920 937 994 2,
961 919 1015 978 76:
1042 918 1072 976 in
1096 918 1253 978 tonstrina·
1270 920 1308 978 ut
1325 931 1364 978 ee·

212 1018 323 1085 dedara
345 1035 395 1078 me
414 1019 480 1079 infit
503 1020 718 1094 percontarier.
754 1012 844 1095 Capt.
868 1033 897 1077 v.
922 1018 999 1077 2217:
1021 1033 1108 1091 quom
1129 1016 1267 1075 servibas
1289 1016 1370 1076 mihis

210 1109 254 1194 ΙΙ,
277 1118 306 1192 2,
332 1116 385 1177 53:
422 1118 545 1177 Memini
573 1133 660 1192 quom
690 1117 770 1175 dicto
801 1116 873 1173 h'aut
902 1113 1037 1174 cadebat.
1083 1109 1174 1176 Cure.
1198 1109 1256 1189 Ν,
1282 1114 1312 1190 3,
1334 1114 1363 1173 9;

212 1216 293 1275 Idem
316 1225 371 1291 ega
394 1215 471 1273 istuc
493 1232 581 1287 qaam
603 1213 754 1273 credebam
777 1213 907 1286 credidi,
924 1212 966 1271 Te
990 1213 1064 1271 nihil
1086 1227 1153 1272 esee
1168 1212 1362 1271 reddituram.

212 1305 306 1391 lipid.
335 1308 377 1390 li,
407 1314 506 1387 2⁹30
530 1326 597 1390 saa.
631 1325 784 1390 praesens
817 1306 1004 1371 historicam
1037 1312 1218 1387 sequuntur
1250 1307 1363 1388 imper·

209 1406 309 1473 feam:
333 1411 456 1471 Obviam
479 1415 603 1469 ornatae
626 1410 820 1468 accurrebant
841 1408 901 1467 sais
924 1409 1056 1482 quisquis
1079 1404 1137 1481 (sic
1153 1404 1264 1482 Bosa)
1289 1415 1368 1468 adid·

210 1510 339 1580 taribas;
364 1508 425 1568 Eas
449 1508 615 1582 cacabant.
630 1539 674 1549 -
696 1508 859 1580 Pleraeque
883 1507 957 1565 h'aea
980 1507 1033 1565 sab
1056 1507 1242 1566 vestimentis
1265 1509 1364 1566 seeum

211 1607 356 1666 habebant
387 1606 478 1665 recia.
504 1636 548 1646 —
574 1606 615 1665 Et
647 1609 712 1665 cam
736 1622 772 1664 ea
794 1587 948 1663 tibicinae⁴
964 1603 1049 1661 ibant
1077 1611 1226 1678 quattuor.
1248 1600 1297 1645 ‘—·
1319 1603 1365 1663 Et·

204 1704 446 1779 praestolabatur
468 1703 551 1763 iilam
575 1703 653 1776 apud
675 1710 802 1777 portam.
847 1698 888 1762 ib.
912 1716 942 1760 v,
967 1704 1023 1762 bt:
1045 1701 1304 1774 Dtess‘eaatabam,
1320 1718 1361 1761 me

209 1804 315 1863 harum
338 1800 467 1861 sermoni
489 1807 609 1874 cper'am
633 1800 714 1861 dere.
759 1787 814 1875 Ν,
840 1801 868 1875 2,
892 1802 948 1860 27;
972 1799 1136 1874 quibusda
1160 1801 1253 1873 signis
1277 1815 1361 1874 apae

208 1898 331 1960 sabbas?
376 1893 490 1960 Bacch.
513 1892 569 1973 IV,
591 1896 622 1974 4,
647 1901 701 1961 34:
739 1899 830 1974 Quid,
861 1899 911 1956 nbi
940 1897 1081 1957 reddebas
1109 1913 1231 1973 euram,
1262 1898 1359 1957 dixisti

210 1992 310 2072 patrii
352 1992 447 2057 Most.
471 1990 531 2071 ΠΙ,
557 1997 584 2071 l,
611 1998 686 2058 117:
719 1996 794 2055 Nam
820 1999 977 2068 postquam
1000 1996 1074 2054 baec
1097 1996 1189 2055 aedes
1211 1998 1255 2055 ita
1279 1999 1365 2054 erant

207 2098 243 2153 nt
263 2092 324 2152 dixi
346 2093 410 2160 tibi,
444 2093 622 2153 Cantiaacst
644 2095 719 2154 alias
741 2094 825 2154 aedis
848 2102 998 2154 mercatae
1021 2094 1091 2169 sibi,
1122 2092 1176 2169 qui
1204 2105 1292 2155 anus
1314 2094 1359 2155 est

205 2186 296 2260 icens
318 2187 496 2267 Plautinus,
525 2188 584 2254 nbi
602 2195 761 2264 postauam
783 2208 855 2253 eum
876 2188 1063 2269 imperfecte
1085 2189 1291 2252 coniunctum
1314 2204 1358 2251 re·

206 2286 348 2369 peritam
378 2285 446 2351 eine
472 2302 569 2352 causa
595 2284 773 2351 sufficiente
803 2292 910 2351 tamen
932 2286 1132 2367 Ladewigius
1161 2286 1195 2351 in
1225 2296 1363 2364 censure

205 2383 406 2449 Fleckeiseni
435 2401 537 2449 exerc.
582 2382 685 2448 Plaut.
708 2402 738 2465 p.
763 2388 825 2449 627
857 2387 974 2449 iterum
1002 2382 1265 2465 significationem
1289 2400 1357 2449 caa-

206 2471 306 2567 salem
328 2484 470 2558 quaram
491 2479 610 2547 inferre
632 2481 768 2549 valebat.
835 2481 889 2559 IV,
914 2487 942 2560 2,
963 2488 1020 2548 45:
1051 2486 1124 2560 Quis
1151 2487 1247 2545 istaec
1271 2484 1358 2557 sacte-

205 2583 279 2647 bat?
322 2579 517 2645 Menaechm.
540 2578 595 2648 lv.
621 2585 649 2658 2,
673 2586 714 2646 68
737 2597 819 2660 sqq-3
858 2586 924 2644 Non
953 2601 1008 2660 ega
1036 2591 1066 2643 te
1094 2584 1180 2644 mado
1212 2586 1261 2644 hie
1293 2591 1360 2643 ante·

204 2672 347 2742 isidis-
362 2680 430 2739 Vidi
452 2687 562 2753 astare,
586 2697 674 2753 auom
696 2682 825 2754 aepabas
847 2682 918 2740 mihi
941 2699 1007 2742 esse
1031 2700 1132 2742 sanam
1157 2683 1356 2757 sinciput,·lit

204 2772 340 2850 meabas
358 2794 405 2836 me
429 2779 557 2850 novisse,
581 2781 769 2853 peregrinam
799 2779 883 2839 aibas
906 2798 973 2840 esse
995 2780 1048 2842 te?
1093 2779 1157 2844 Mil.
1182 2777 1225 2854 ΙΙ,
1250 2781 1281 2855 6,
1306 2781 1355 2840 273

195 2863 274 2934 'inde
305 2876 511 2949 inspectavisti
538 2892 633 2935 meam
663 2881 735 2952 aput
763 2894 808 2935 me
839 2879 1001 2956 hospitem,
1036 2883 1210 2954 implexam
1234 2880 1357 2938 amicam

204 2986 292 3044 qaam
312 2971 525 3032 areaatabatar
547 2990 639 3033 suem.
664 2970 759 3037 Merc.
777 2972 831 3052 IV,
855 2981 884 3053 4,
912 2980 967 3039 14:
992 2979 1124 3038 Haecine
1148 2983 1230 3036 tuest
1253 2979 1354 3050 amica,

204 3082 292 3144 qaam
315 3069 424 3131 dadam
447 3072 517 3130 mihi
541 3077 570 3131 te
593 3089 692 3131 amare
716 3074 800 3147 dixti,
831 3090 917 3145 qaam
940 3077 1127 3136 maeatas?
1169 3072 1225 3151 IV,
1247 3080 1279 3153 4,
1304 3077 1354 3136 21:

204 3168 386 3243 Temperare
415 3170 491 3230 istac
521 3171 573 3229 ted
600 3175 698 3229 aetate
722 3170 767 3231 his
790 3171 910 3230 decebat
930 3177 1033 3235 naxds.
1078 3172 1193 3237 Pseud.
1218 3171 1244 3249 I,
1269 3177 1298 3250 5,
1322 3173 1353 3238 i:

203 3268 303 3340 atque
326 3267 356 3326 id
379 3268 437 3327 iam
459 3269 574 3343 pridem
598 3270 677 3328 sensi
701 3274 732 3326 et
753 3270 906 3330 eabotebat
927 3274 1006 3334 mibi.
1052 3289 1080 3333 v.
1104 3274 1145 3334 85
1168 3286 1231 3349 sqc:
1253 3268 1354 3331 Nona

202 3372 250 3422 me
287 3365 384 3424 scibas
421 3369 594 3440 prietrinnm
631 3369 661 3426 in
699 3367 807 3426 munda
845 3367 922 3443 iore,
961 3371 1053 3446 Quam
1089 3388 1125 3430 ea
1160 3363 1353 3430 amatam?

202 3456 249 3529 11,
266 3466 296 3536 4,
321 3463 376 3524 28:
412 3465 485 3524 Eius
508 3483 594 3525 servo
617 3467 668 3541 qni
691 3465 768 3523 hunc
791 3465 905 3536 serebat
927 3485 993 3528 cam
1016 3471 1144 3545 quinque
1165 3471 1283 3546 argenti
1305 3467 1354 3526 rb

202 3560 260 3631 nis,
283 3560 374 3619 Tuam
398 3564 447 3635 qai
471 3565 593 3623 amicam
618 3566 686 3623 hine
709 3565 882 3624 arcessebat.
914 3564 1011 3628 Poen.
1034 3564 1088 3644 IV,
1113 3573 1142 3643 2,
1167 3571 1206 3628 77
1232 3580 1295 3644 sq.:
1318 3566 1353 3624 nt

204 3658 256 3716 iiie
281 3658 330 3732 qai
353 3674 404 3718 eas
427 3661 589 3734 vendebat,
618 3662 693 3721 dixit
715 3679 748 3721 se
769 3661 895 3724 furtivas
918 3667 1063 3739 vendere;
1092 3670 1239 3742 ingenuas
1264 3665 1352 3725 Obar-

202 3754 324 3829 thagine
354 3756 439 3815 aibat
464 3774 541 3819 esse.
585 3755 675 3823 Pers.
696 3756 753 3839 IV,
778 3762 806 3837 3,
830 3763 866 3822 8:
900 3764 943 3822 ita
971 3773 1090 3839 prosum
1118 3766 1173 3840 t:
1194 3757 1354 3840 prorsum)

201 3852 353 3914 credebam
375 3857 517 3918 omnibus.
562 3854 643 3920 itud.
660 3854 703 3935 ΙΙ,
720 3860 749 3934 2,
767 3861 803 3920 2:
826 3861 902 3919 Nam
926 3881 1012 3936 quam
1036 3865 1122 3924 modo
1145 3864 1247 3923 atbar
1265 3861 1352 3931 iores,

201 3949 241 4011 ad
261 3959 379 4026 partam
403 3970 434 4013 se
451 3955 533 4016 aibat
554 3958 609 4018 ire.
651 3953 694 4033 ΙΙ,
720 3958 749 4033 6,
774 3960 828 4020 54:
854 3960 949 4031 Quinc
972 3961 1109 4021 auderem
1132 3969 1231 4021 tecam
1254 3964 1285 4021 in
1306 3975 1352 4018 na·

203 4056 269 4110 sem
292 4049 472 4126 ascendere,
504 4055 561 4129 Qui
587 4054 820 4116 ainndamento
843 4057 884 4115 mi
906 4075 998 4133 usqne
1023 4061 1142 4121 movisti·
1162 4059 1266 4119 marei
1298 4055 1353 4130 ΙΙΙ,

201 4149 288 4226 1,e:
322 4150 426 4226 Neque
456 4168 508 4213 ess
537 4155 655 4230 eripere
678 4154 782 4226 aaibat
804 4155 882 4218 inde.
928 4152 983 4227 lv,
1008 4160 1037 4235 3,
1063 4160 1117 4219 16;
1153 4161 1278 4218 Fartnm
1301 4170 1352 4234 ago

199 4245 261 4307 vidi
288 4249 339 4323 qni
367 4249 505 4320 saciabat.
551 4254 580 4329 7,
603 4255 643 4316 23
667 4267 748 4331 aaa:
783 4253 925 4327 Spectavi
951 4273 1006 4331 ega
1026 4257 1141 4331 pridem
1165 4259 1295 4318 comicas
1317 4253 1352 4315 ad

200 4343 290 4405 ianm
311 4347 430 4408 modam
453 4348 612 4425 Sapienter
633 4352 713 4412 dicte
736 4351 837 4412 dicere
860 4359 948 4429 atque
965 4355 990 4413 is
1005 4356 1151 4429 plandier,
1177 4357 1271 4430 Quam
1287 4357 1351 4417 idas
