3125 5075
289 371 351 431 124
712 376 714 380 ·
729 357 855 399 nabun.
882 357 945 398 011³.
959 358 1007 399 111.

287 554 414 614 animum
442 549 561 608 induxti
588 554 676 608 tuum.
730 546 811 611 Eun.
835 545 869 624 I,
896 553 928 625 1,
951 552 988 610 2:
1015 550 1060 608 Ne
1091 565 1168 607 nunu
1197 548 1318 623 quidem
1353 548 1449 623 Quen

287 666 420 709 arcessor
442 642 546 706 ultro?
569 664 593 705 v.
612 650 630 705 7
638 664 645 703 :
669 661 755 717 quom
778 664 865 707 nemo
887 651 1004 719 expetet.
1028 643 1070 721 ΙΙ,
1095 648 1123 721 2,
1149 647 1201 706 12;
1226 646 1269 704 nil
1292 662 1386 718 qucum
1400 650 1447 722 mi,

286 748 328 807 nil
353 745 424 805 defit
448 753 556 804 tamen.
582 746 610 819 3,
637 745 686 805 19.
710 758 738 805 v,
762 749 802 806 41
820 761 882 822 sq.:
910 746 1061 804 mensibus
1084 745 1143 803 Sex
1173 750 1291 818 septem
1322 760 1447 817 prorsus

285 862 344 905 nou
368 843 476 902 vidisse
499 842 658 915 proxumis,
681 842 745 900 Nisi
769 860 856 916 uuna,
878 859 965 914 quom
988 844 1114 901 minume
1129 841 1232 899 vellem
1255 843 1446 915 minutaeque

286 960 360 1017 opus
390 940 458 1013 suit.
491 943 520 1013 3,
545 940 600 999 51:
630 955 716 1010 quom
746 940 803 999 buc
834 940 956 1013 respicio
983 940 1020 998 ad
1051 940 1202 1013 virginem.
1233 954 1264 999 v.
1291 940 1352 1000 54:
1385 940 1446 998 Huc

285 1056 371 1112 quum
394 1037 526 1103 advenio,
550 1037 632 1095 nulla
654 1043 728 1095 erat.
752 1034 819 1112 ΙΙΙ,
844 1041 877 1113 3,
902 1040 937 1098 4:
960 1038 1018 1096 iam
1041 1045 1101 1095 tum
1124 1038 1368 1109 quamprimum
1391 1036 1446 1095 iae

284 1137 324 1197 ait
344 1154 390 1195 me
414 1134 451 1194 ad
475 1151 506 1193 ae
531 1135 687 1194 arcessier·
717 1150 745 1197 v.
773 1138 825 1195 16:
856 1135 926 1209 quid
950 1135 1116 1204 habuisset,
1147 1150 1234 1204 quom
1256 1134 1348 1205 perit.
1394 1129 1445 1207 IV,

286 1236 315 1310 2,
339 1236 372 1295 6:
397 1234 484 1307 louge
506 1231 564 1290 iam
587 1233 726 1304 abieram,
750 1233 844 1307 Quom
865 1234 951 1293 sensi.
996 1237 1025 1303 4,
1050 1233 1105 1292 57:
1131 1232 1223 1303 Quia,
1254 1246 1346 1301 quom
1378 1231 1444 1289 iude

285 1332 369 1398 abeo,
397 1332 454 1390 iam
485 1334 545 1387 tum
569 1329 724 1403 inceperat
747 1331 847 1389 Turba
869 1331 949 1389 inter
972 1345 1032 1389 eus.
1079 1332 1108 1403 7,
1132 1330 1181 1389 22.
1220 1324 1340 1388 Heaui„
1366 1323 1444 1405 prol.

283 1445 314 1490 v,
338 1430 393 1490 33:
426 1428 471 1486 De
499 1427 580 1485 illius
611 1430 743 1499 peccatis
770 1432 858 1501 plura
887 1429 984 1500 diuet,
1014 1442 1101 1498 quom
1123 1425 1208 1483 dubii
1229 1423 1317 1485 Aliae
1344 1443 1443 1486 nouae.

284 1522 340 1599 IV,
366 1528 401 1601 l,
434 1527 487 1585 37:
522 1540 608 1595 quom
635 1526 838 1598 exponendam
866 1525 982 1585 duilli.
1028 1527 1063 1596 5,
1096 1526 1152 1584 54:
1182 1524 1260 1595 Quia
1293 1523 1444 1583 videbitur

288 1623 384 1696 Magis
415 1623 478 1681 veri
505 1621 599 1680 simile
627 1621 658 1679 id
680 1639 760 1689 esse,
781 1639 868 1695 quma
891 1623 939 1681 bie
962 1622 1007 1681 illi
1028 1620 1120 1678 dabit.
1164 1622 1194 1694 8,
1222 1623 1321 1696 lsq.:
1348 1621 1443 1679 Multo

287 1721 416 1780 omuium
439 1736 516 1776 nunc
540 1735 586 1776 me
603 1717 876 1780 fortunatissumum
902 1721 1025 1779 Factum
1048 1726 1120 1791 puto
1136 1733 1211 1787 esse,
1237 1745 1275 1758 -·
1302 1735 1394 1790 quom
1415 1723 1443 1776 te

283 1817 417 1887 intelleqo
440 1816 604 1889 Resipisse.
649 1813 776 1877 Phorm.
808 1814 886 1894 prol.
919 1832 947 1877 v.
972 1819 1021 1877 23.
1053 1833 1081 1875 v.
1106 1818 1162 1876 32:
1190 1816 1286 1890 Quom
1316 1831 1376 1888 per
1401 1821 1444 1873 tu·

283 1918 406 1973 multum
435 1918 536 1971 noster
562 1929 635 1987 grex
664 1920 759 1973 motus
793 1917 893 1974 locust.
940 1910 970 1979 1.
1000 1917 1035 1986 2,
1063 1914 1121 1973 82;
1154 1914 1249 1988 Quom
1280 1919 1313 1971 tu
1339 1913 1441 1972 borum

284 2012 326 2070 nil
341 2010 463 2082 refelles,
484 2012 598 2068 vincam
623 2012 747 2071 scilicet.
792 2015 826 2086 4,
851 2013 905 2073 30:
934 2013 1028 2087 Quom
1051 2011 1106 2070 boc
1127 2028 1184 2069 nou
1204 2026 1337 2085 possum,
1361 2010 1441 2069 illud:

283 2110 379 2167 miuus
402 2125 528 2182 possem,
574 2104 615 2183 II,
642 2111 674 2183 1,
700 2112 753 2169 ll:
784 2111 878 2182 Quam
907 2110 1008 2168 obrem
1032 2110 1144 2183 omnis,
1171 2124 1259 2179 quum
1292 2110 1441 2167 secundae

283 2211 355 2264 steni
379 2222 530 2278 maxume,
562 2213 622 2263 tum
640 2223 772 2265 maxume
797 2208 937 2266 Meditari
962 2223 1060 2265 secum
1085 2211 1205 2280 oportet
1227 2207 1303 2265 cett.
1329 2220 1360 2264 v.
1385 2208 1439 2267 31:

284 2304 379 2378 Quom
402 2304 490 2379 illest,
515 2304 563 2361 bic
586 2311 746 2376 praestost.
793 2307 821 2376 2,
846 2307 901 2365 26:
932 2321 1018 2375 quom
1046 2306 1097 2362 ille
1121 2309 1151 2361 et
1172 2319 1244 2361 cura
1267 2308 1299 2361 et
1323 2309 1439 2376 sumptu

284 2400 459 2460 absumitur.
505 2397 580 2461 Hee.
610 2399 689 2477 prol.
720 2403 747 2477 1,
771 2418 799 2460 v.
827 2406 856 2461 1:
881 2404 954 2460 baeu
978 2418 1065 2473 quom
1094 2401 1192 2458 datast
1219 2401 1313 2459 Nova.
1362 2395 1439 2476 prul.

283 2493 326 2573 ΙΙ,
349 2513 374 2558 v.
400 2501 453 2559 25:
482 2499 574 2572 Quum
602 2499 725 2572 primum
757 2516 821 2558 eam
850 2516 937 2573 agere
966 2500 1053 2572 coepi.
1084 2496 1125 2559 ib.
1149 2513 1177 2558 v.
1203 2499 1261 2559 31:
1286 2514 1377 2569 quom
1398 2498 1439 2556 iu·

283 2602 367 2654 terea
390 2613 489 2654 rumor
511 2598 597 2655 venii.
643 2593 667 2669 Ι,
693 2599 720 2658 2.
745 2601 800 2658 41:
825 2598 952 2656 Amabat
977 2628 1014 2638 -
1037 2598 1130 2672 Quom
1153 2603 1239 2668 pater
1262 2613 1389 2653 uxorem
1411 2601 1439 2653 ut

284 2693 373 2751 ducat
406 2710 492 2751 orare
524 2694 635 2765 occipit.
681 2691 744 2769 ΙΙΙ,
770 2698 806 2769 3,
831 2697 884 2755 25:
918 2712 1002 2765 quem
1038 2700 1123 2752 orata
1159 2693 1222 2752 eius
1254 2693 1439 2764 reminiscor,

283 2806 396 2862 nequeo
427 2791 496 2863 quin
530 2792 690 2848 laurumem
719 2794 819 2852 miser.
864 2796 898 2866 4,
928 2794 983 2852 45:
1015 2792 1178 2861 Lacrumo,
1209 2807 1285 2862 quae
1314 2793 1439 2863 posthae

282 2885 412 2945 futurast
442 2888 502 2944 vitu
533 2904 619 2958 quom
647 2889 674 2944 in
704 2897 831 2948 mentem
862 2890 948 2949 venit.
995 2891 1027 2962 5,
1052 2891 1104 2948 25.
1131 2884 1184 2959 lv,
1213 2890 1242 2961 l,
1276 2891 1330 2948 57:
1355 2906 1438 2960 quom

281 2988 481 3054 eompressasi
502 2993 599 3057 gnata.
627 3002 653 3045 v.
679 2987 735 3045 61:
760 3005 846 3061 quom
870 2989 954 3045 sciet.
983 2991 1013 3056 4,
1030 2989 1084 3046 27:
1108 3002 1194 3056 quom
1217 3001 1281 3045 eam
1306 2988 1439 3059 sequitur

282 3081 396 3138 alienus
418 3098 501 3153 puer.
548 3079 582 3157 V,
612 3085 636 3158 1,
660 3086 692 3142 8:
716 3101 802 3155 qucum
824 3085 904 3142 uenit
933 3086 961 3141 iu
991 3092 1126 3142 mentem.
1173 3084 1209 3155 2,
1234 3085 1265 3143 3:
1289 3084 1387 3159 Quom
1409 3091 1438 3141 tu

281 3176 339 3235 eris
362 3184 464 3237 sutura
487 3185 574 3253 atque
599 3182 690 3239 ebria.
738 3178 871 3256 Adelph.
897 3178 974 3257 prol.
1004 3198 1032 3242 v.
1060 3181 1113 3240 18:
1142 3197 1228 3250 quom
1251 3181 1314 3239 illis
1334 3182 1436 3253 placei.

283 3271 309 3350 I,
333 3277 361 3346 2,
389 3277 441 3336 16;
466 3278 539 3334 haec
562 3294 648 3348 quom
671 3277 723 3347 ilii,
748 3279 856 3352 Micio,
878 3278 969 3344 Dico,
993 3279 1046 3336 tibi
1070 3278 1144 3336 dico.
1190 3291 1218 3338 v.
1243 3279 1299 3337 59:
1325 3288 1373 3337 est
1396 3279 1439 3336 dis

280 3376 384 3443 gratia,
407 3374 500 3448 Quom
523 3377 565 3433 ita
586 3384 618 3433 ut
635 3379 700 3433 volo
723 3379 772 3436 esi.
810 3393 838 3436 v.
857 3378 911 3436 64:
935 3378 1028 3450 Quom
1046 3376 1141 3447 placo,
1165 3375 1309 3433 adversor
1325 3376 1436 3434 sedulo.

282 3465 522 3532 Submiederue:
547 3498 615 3545 „=
643 3487 713 3532 cum
744 3469 869 3548 placare
898 3471 984 3545 vulo,
1017 3476 1144 3548 oportet
1166 3487 1216 3531 me
1240 3469 1437 3534 adversari.“

278 3562 321 3640 ΙΙ,
346 3571 374 3641 3,
403 3571 432 3628 1:
460 3572 574 3639 quamsi
599 3586 681 3642 opus.
710 3566 774 3642 III,
799 3574 834 3635 3.
859 3572 899 3630 30
915 3585 976 3644 sq.:
1006 3571 1115 3628 Videre
1146 3569 1247 3627 videor
1276 3570 1335 3628 iam
1361 3571 1436 3628 diem

279 3663 371 3734 illum,
396 3681 484 3735 quom
508 3668 575 3723 hine
599 3672 688 3739 egens
712 3666 876 3738 Prosayiei.
902 3664 957 3738 IV,
983 3673 1011 3740 5,
1036 3670 1085 3728 34.
1111 3669 1140 3741 7,
1165 3669 1221 3726 20:
1250 3685 1331 3725 uuuc
1352 3685 1437 3741 quom

278 3778 336 3821 ιιοιι
360 3779 441 3837 quea,
465 3780 560 3835 aequo
583 3765 681 3821 animo
705 3763 778 3821 iero.
827 3761 863 3840 V,
886 3767 916 3838 6,
940 3767 967 3824 9.

364 3856 393 3920 b.
445 3861 542 3935 Quum
575 3856 731 3936 particula
773 3877 844 3921 eum
878 3858 1049 3923 indicativo
1084 3860 1251 3924 coniuncta
1288 3860 1436 3939 deposita

278 3953 430 4031 temporis
463 3951 692 4033 significatione
733 3956 937 4035 coniungitur
973 3975 1043 4018 cum
1079 3956 1181 4021 altera
1214 3960 1434 4022 enunciatione

276 4067 335 4129 per
358 4057 419 4112 tam
442 4069 593 4130 expressa
608 4053 647 4114 ad
664 4052 857 4130 copulandas
880 4053 951 4116 ilias
975 4055 1221 4118 enunciationes.
1254 4055 1307 4120 Sic
1330 4058 1433 4120 Plaut.

275 4146 352 4210 Cist.
377 4148 402 4226 Ι,
429 4153 524 4211 1-3;
550 4151 621 4210 Cum
644 4159 673 4210 te
697 4155 824 4212 antebac
847 4155 947 4211 amavi
969 4163 1000 4211 eb
1023 4156 1093 4213 mibi
1117 4157 1240 4214 amicum
1257 4174 1325 4215 esse
1349 4161 1435 4230 crevi,

275 4248 346 4305 Mea
368 4249 573 4322 Gymnasium,
598 4257 628 4307 et
651 4260 774 4308 matrum
799 4258 894 4325 tuam,
918 4254 979 4310 tum
1003 4252 1034 4309 id
1057 4254 1129 4310 mibi
1153 4255 1239 4313 bodie
1263 4260 1432 4331 aperuistis.

275 4341 368 4408 Truc.
393 4344 448 4421 lv,
476 4353 502 4424 1,
526 4350 553 4405 6.
575 4344 701 4408 Terent.
726 4348 823 4408 Andr.
849 4347 872 4424 1,
901 4354 925 4422 l,
950 4353 1003 4412 09:
1028 4356 1121 4428 Quom
1144 4354 1173 4410 id
1197 4355 1268 4411 mihi
1287 4356 1432 4426 placebat,
