3125 5075
207 382 250 442 60
644 370 776 410 ἾΙΙΒΒΙΙΙ.
806 369 868 412 ΟΑΡ.
883 371 909 411 1.

206 564 311 632 tundo,
341 565 446 639 nequis
477 582 522 624 me
551 570 754 638 cognosceret.
800 557 916 623 Heaut.
940 559 965 637 1,
993 564 1018 635 Ι,
1043 565 1099 624 91:
1135 562 1282 634 nistros,
1312 568 1361 641 qut

206 679 292 736 opere
312 664 421 722 rustico
446 661 598 721 Faciundo
624 659 712 720 facile
736 667 882 733 sumptum
907 663 1078 718 exereirent
1094 679 1185 723 suom.
1213 659 1269 741 lv,
1283 665 1312 739 2,
1325 665 1359 728 8:

206 760 257 819 Nit
286 766 345 819 tam
369 759 535 833 difficilest,
566 762 635 833 quin
659 757 826 831 quoacndo
848 759 1020 832 investigari
1044 760 1164 831 possiet.
1210 757 1361 838 Resque

206 854 326 936 aliquid
348 856 551 935 cognoscitur
573 853 727 935 gerundio
751 869 904 933 expressa
931 858 980 916 est
1001 853 1105 917 Plaut.
1132 854 1245 936 Amph.
1271 855 1314 935 11,
1334 861 1360 938 1,

205 957 262 1017 41:
297 973 404 1030 neque*
418 955 513 1027 fondo
550 972 685 1029 umquam
719 954 832 1026 occepit
857 954 1026 1028 quisquam,
1063 952 1116 1014 ubi
1143 953 1227 1032 quod
1256 954 1361 1019 Taub·

205 1068 338 1115 mannus
362 1057 491 1115 secutus
515 1049 643 1114 Bosium
666 1049 825 1128 passivam
849 1046 1109 1128 significationem
1132 1051 1288 1129 gerundio
1315 1053 1361 1116 iu·

205 1148 288 1214 ferre
317 1148 458 1226 volebat,
492 1148 531 1212 de
560 1166 597 1211 eo
624 1146 696 1211 vide
723 1164 805 1227 quae
836 1165 936 1225 supra
965 1145 1129 1226 disputata
1159 1155 1244 1213 sunt.
1297 1149 1359 1215 Pro

204 1246 427 1311 enunciatione
466 1244 671 1311 conditionali
698 1243 887 1324 gerundium
913 1244 944 1307 in
969 1244 1109 1309 ablativo
1137 1248 1278 1326 positum
1311 1255 1361 1314 est

203 1344 274 1410 loeo
297 1343 425 1409 Catonis
448 1361 498 1424 ap.
524 1343 605 1409 Geli.
630 1341 685 1420 xl,
708 1348 741 1407 2:
776 1346 851 1405 Nam
881 1348 943 1405 vita
962 1345 1090 1404 humana
1111 1364 1206 1422 prope
1231 1351 1275 1407 uti
1298 1347 1358 1409 fer-

204 1463 269 1505 rum
300 1452 359 1506 est.
387 1446 578 1512 siccamus,
601 1445 782 1515 couterinum
812 1445 837 1503 si
860 1461 918 1504 non
942 1461 1099 1517 exerceas,
1131 1453 1230 1505 tamen
1255 1449 1359 1523 rubigo

204 1542 358 1603 interficit.
383 1545 453 1602 item
477 1543 610 1601 homines
633 1541 790 1600 excreando
813 1541 943 1602 videmus
967 1545 1096 1614 conteri3
1127 1545 1151 1602 si
1175 1546 1247 1603 nihil
1272 1563 1358 1604 exer·

202 1659 282 1714 oeae,
306 1643 415 1701 inertia
442 1649 530 1715 atque
553 1639 679 1714 torpedo
710 1643 776 1712 plue
800 1641 971 1698 detrimenti
995 1639 1068 1699 tacit
1092 1660 1178 1714 quam
1202 1646 1357 1704 exercitio.

203 1738 252 1802 De
284 1744 427 1816 tempore
458 1735 553 1799 etiam
593 1753 654 1798 uon
683 1743 748 1798 tam
777 1753 837 1798 sua
866 1736 896 1798 vi
926 1753 1019 1814 quam
1043 1736 1187 1801 adiutum
1216 1739 1356 1803 ablativo

203 1851 280 1900 casu
314 1839 347 1897 et
379 1832 570 1913 gerundium
603 1836 636 1896 et
666 1832 876 1912 gerundivum
907 1832 968 1897 diei
998 1840 1030 1898 et
1060 1835 1106 1899 ita
1129 1837 1168 1899 ad
1193 1838 1356 1918 participii

202 1931 382 2012 praesentis
410 1930 472 1994 vim
502 1931 654 1995 accedere
683 1937 715 1994 et
741 1932 932 2010 interpretes
960 1940 1056 2011 atque
1079 1936 1279 2014 grammatici
1310 1938 1356 2000 iu·

203 2027 404 2106 tellexerunt
428 2035 460 2092 et
483 2046 560 2092 usus
583 2029 652 2108 ipse
674 2029 870 2109 comprobat,
892 2030 1002 2110 negari
1025 2042 1131 2095 tamen
1158 2051 1219 2095 non
1247 2040 1357 2114 potest

202 2144 298 2206 saepe
321 2126 472 2207 temporis
495 2124 716 2208 significationi
740 2128 912 2191 admixtam
929 2145 1000 2192 esse
1016 2128 1185 2208 causalem,
1209 2150 1237 2194 v.
1253 2130 1314 2194 vol.
1329 2132 1356 2210 1,

202 2242 232 2305 p.
259 2230 329 2290 114.
374 2224 470 2290 Naev.
494 2224 617 2289 Oetacis
639 2225 675 2288 fr.
705 2232 733 2288 l:
768 2229 885 2287 Polluxi
914 2229 967 2286 tibi
990 2230 1048 2287 iam
1065 2230 1245 2302 publicando
1269 2233 1354 2305 epulo

201 2328 341 2387 Herculis
365 2328 521 2386 Decumos.
556 2321 635 2387 Cato
658 2322 694 2386 R.
718 2321 756 2385 R.
781 2341 808 2387 c.
835 2329 910 2387 134:
935 2328 1005 2385 Iane
1029 2334 1124 2402 puter,
1149 2335 1178 2387 te
1202 2329 1354 2390 hocstrae

200 2424 404 2485 ammonendo
425 2409 525 2485 bonas¹
541 2440 647 2497 praees
669 2441 788 2498 precor.
833 2420 893 2486 Ib.:
918 2425 1053 2498 Iuppiter
1076 2433 1106 2484 te
1130 2428 1183 2486 hoc
1199 2430 1292 2499 [creto
1310 2431 1356 2488 on

200 2523 341 2583 movendo
363 2525 455 2583 bonas
478 2540 584 2597 preces
608 2540 724 2596 precor.
769 2519 830 2585 Ib.:
856 2523 897 2581 uti
921 2530 950 2582 te
973 2528 1053 2583 strue
1074 2527 1282 2585 corrrmooendo
1305 2528 1356 2587 bo-

201 2640 254 2682 nas
284 2640 390 2696 preces
422 2622 497 2679 bene
525 2630 666 2694 precatus
697 2639 768 2679 sum.
814 2617 847 2682 C.
878 2626 951 2684 139:
990 2624 1061 2682 Eius
1085 2626 1129 2682 rei
1153 2644 1223 2699 ergo
1248 2636 1277 2685 te
1303 2628 1356 2685 hoc

194 2737 286 2794 porco
305 2719 426 2792 piaculo
447 2719 625 2777 annotando
648 2718 741 2778 bonas
765 2737 871 2792 preces
894 2738 1010 2794 precor.
1057 2718 1157 2782 Plaut-
1184 2721 1276 2799 Epiri.
1295 2721 1354 2800 ΙΙΙ,

202 2821 231 2895 3,
245 2821 301 2878 52:
325 2816 646 2889 monteracororondis
662 2818 732 2876 meis
744 2818 943 2877 Eradieabam
960 2820 1108 2878 hominum
1127 2823 1218 2878 nuris.
1266 2819 1352 2882 Pers

200 2912 225 2982 Ι,
253 2918 279 2989 1,
304 2918 336 2974 ir:
375 2915 420 2972 Ita
442 2914 479 2973 fio
508 2915 598 2973 miser
621 2915 787 2993 quaerendo
809 2921 931 2989 cruento
952 2921 1061 2976 moino.
1107 2915 1235 2978 Terent.
1256 2918 1352 2981 Andr.

201 3008 239 3088 V,
256 3017 286 3087 4,
303 3013 356 3073 35:
381 3012 436 3069 Vix
459 3031 521 3071 sum
545 3013 622 3087 apud
646 3030 702 3086 me,
725 3014 768 3072 ita
791 3017 904 3073 animus
928 3024 1089 3075 commotus
1113 3026 1159 3075 est
1183 3023 1272 3092 metu,
1291 3036 1352 3092 spe,

201 3110 316 3185 gaudio,
350 3110 486 3168 nriroodo
515 3113 567 3170 hoc
589 3120 648 3169 tam
672 3112 766 3171 subito
790 3119 820 3171 et
842 3113 992 3185 repentino
1015 3115 1101 3189 boum,
1136 3112 1219 3190 quod
1247 3112 1353 3176 Dona·

200 3211 254 3270 tus
277 3222 335 3285 per
354 3208 426 3266 dum
446 3210 541 3267 oriror
563 3207 708 3286 explicat.
753 3207 871 3271 Eadem
895 3208 1018 3272 ratione
1040 3210 1105 3272 t'ere
1129 3227 1191 3288 qua
1215 3210 1353 3274 soloen

200 3303 296 3367 lativo
319 3304 428 3367 addita
450 3306 684 3385 praepositione
706 3311 739 3366 io
761 3313 887 3386 tempus
911 3305 1122 3386 significatum
1147 3308 1202 3370 sed
1219 3309 1250 3371 id
1268 3311 1353 3372 vide·

203 3406 257 3466 tur
280 3402 362 3466 inter
382 3414 548 3482 utramque
565 3405 831 3469 constructionem
848 3406 1009 3482 interesse,
1033 3405 1116 3483 quod
1140 3406 1193 3469 uiri
1208 3409 1352 3487 proprie·

199 3505 250 3563 tas
287 3500 442 3579 quaedam
481 3501 686 3578 describitur,
728 3501 887 3566 ablativus
925 3503 1081 3566 actionem
1116 3504 1218 3583 addit,
1262 3508 1350 3571 cuius

200 3604 349 3677 respectu
378 3599 424 3661 rei
453 3600 502 3662 vel
526 3616 680 3678 personae
703 3600 870 3675 tribunum
900 3602 1094 3680 praepositio
1125 3620 1205 3681 eam,
1235 3604 1267 3668 in
1291 3621 1351 3683 que

200 3701 353 3775 appareat
376 3703 409 3759 et
432 3697 660 3774 conspiciatur;
685 3697 737 3761 ubi
762 3698 844 3761 actio
868 3706 917 3762 est
933 3699 1141 3763 describenda
1157 3700 1288 3765 ablativi
1306 3704 1349 3765 ris

200 3793 338 3858 causalis
360 3795 406 3857 ita
428 3800 477 3859 est
499 3795 669 3859 obscurata
693 3802 724 3859 et
747 3796 921 3875 debilitata,
944 3804 980 3862 ut
998 3798 1030 3860 in
1047 3797 1269 3862 coniunctione
1286 3819 1349 3861 cam

199 3892 292 3956 etin
321 3890 469 3956 ablativis
496 3891 573 3955 illis:
607 3893 760 3972 adventu,
791 3894 932 3959 discessu
961 3896 1014 3959 eil.
1042 3896 1159 3959 tactum
1190 3898 1349 3974 videmus3

198 3989 393 4070 praepositio
417 4007 485 4053 eam
507 4009 574 4053 rem
597 3992 648 4054 vel
671 3993 827 4058 actionem
843 3995 1013 4057 comitatur
1033 3994 1066 4056 in
1081 4011 1143 4073 quo
1160 3992 1265 4058 altera
1280 4015 1350 4060 cou-

199 4088 339 4154 oluditur
362 4092 395 4153 et
417 4090 604 4167 continetur,
627 4094 663 4153 ut
684 4093 763 4161 dom,
787 4091 946 4156 interdum
969 4092 1064 4169 etiarn
1080 4111 1146 4153 com
1166 4102 1349 4172 usurpatur.

199 4185 343 4266 Utroque
376 4195 482 4250 autem
520 4187 613 4251 modo
647 4192 773 4268 tempus
808 4195 841 4254 et
874 4191 1012 4255 conditio
1043 4178 1240 4271 designatur.
1288 4191 1349 4265 (Sic

199 4284 375 4349 Weissenb.
399 4304 427 4366 p.
455 4289 524 4361 131,
549 4284 654 4348 adnot.
680 4286 765 4367 258).
812 4287 913 4352 Plaut.
937 4288 1049 4369 Amph.
1075 4288 1154 4369 prol.
1183 4295 1196 4352 1
1224 4307 1285 4368 sq.:
1318 4293 1350 4348 ia

198 4387 304 4446 nostris
326 4417 367 4427 -
392 4385 586 4447 mercimoniis
608 4388 757 4449 meumes
789 4389 1015 4461 vendundisque.
1061 4387 1157 4453 Stich.
1182 4387 1206 4467 Ι,
1239 4395 1264 4468 l,
1296 4396 1347 4454 543
