3125 5075
442 344 465 381 Υ,
495 342 664 381 Pitononln'a
681 343 851 381 iatri-{n'ixl'l‘n
867 345 905 382 ET
921 345 1097 383 mentesanus.
1283 355 1344 410 397

211 520 235 596 8,
258 521 286 580 i:
319 520 416 592 unquis
435 537 482 579 me
509 520 597 580 hodie
627 521 699 580 vivit
721 518 923 580 fortunatior?
965 518 1014 582 Ex
1043 517 1092 581 his
1116 517 1267 597 exemplis
1289 536 1346 599 ap·

207 617 303 694 paret,
334 619 433 690 arquis
454 619 488 680 et
513 618 597 689 ecqui
625 613 710 695 apud
732 614 882 679 Plautum
910 616 1038 694 quidem
1061 615 1253 681 substantivi
1274 615 1344 681 loco

204 712 372 793 promiscue
400 712 479 792 diei,
512 715 616 788 ecquid
642 719 827 778 constanter
857 713 1048 779 substantivi
1080 714 1151 780 loco
1182 714 1343 795 usurpari,

201 812 303 886 eoquod
321 828 449 891 semper
471 829 542 876 esse
564 811 765 877 adiectivnm.

273 914 326 974 31.
367 907 740 988 (mammarumque
769 930 917 986 uumquuc
948 912 1098 985 numquid.
1141 909 1244 975 Plaut.
1273 910 1345 976 Aul.

199 1005 234 1086 Η,
255 1011 285 1086 2,
309 1011 368 1072 84;
403 1027 535 1083 uuuzquo
558 1010 698 1071 causasti
742 1008 857 1073 Bacch.
880 1008 940 1087 111,
963 1012 992 1085 6,
1016 1016 1049 1071 a:
1078 1010 1239 1082 Numquae
1260 1014 1348 1073 adve-

199 1110 284 1168 nienti
306 1108 466 1184 aegritudo
497 1108 664 1169 obiectast?
708 1105 764 1187 IV,
788 1112 817 1184 2,
842 1110 896 1169 22:
929 1109 1084 1181 Numquid
1111 1108 1176 1168 vis?
1219 1106 1346 1172 Curcul.

199 1202 267 1286 Ll,
292 1207 352 1271 23:
387 1206 543 1280 Numquid
564 1215 596 1267 tn
619 1207 696 1282 qnod
720 1214 750 1267 te
772 1214 824 1266 ant
846 1224 955 1281 genere
979 1207 1129 1282 indignum
1153 1208 1193 1267 sit
1214 1212 1266 1267 tuo
1289 1209 1347 1267 Fa·

203 1307 235 1365 cis
253 1312 308 1365 aut
331 1307 471 1379 inceptas
494 1305 610 1366 facinus
633 1303 734 1365 iacere
758 1304 822 1362 -i
865 1302 959 1365 Poen.
982 1301 1021 1380 V,
1051 1306 1079 1380 6,
1105 1306 1157 1366 18:
1193 1306 1349 1378 Numquid

205 1417 311 1464 rioms
336 1411 445 1463 contra
466 1403 536 1463 me?
566 1402 657 1481 Epiri.
679 1399 733 1476 IV,
758 1405 786 1471 2,
810 1404 864 1464 23:
887 1403 1041 1475 Numquid
1060 1403 1101 1463 ibi
1124 1420 1178 1477 ego
1201 1405 1255 1463 tibi
1277 1423 1347 1479 pec·

211 1499 282 1560 uri?
311 1499 406 1563 Asin.
430 1497 469 1579 V,
495 1506 520 1577 1,
545 1505 579 1563 3:
602 1501 825 1573 Numquidrmm
848 1502 903 1560 tibi
926 1504 1112 1560 molestnmst
1135 1501 1195 1560 -i
1232 1498 1347 1564 Bacch.

212 1592 236 1674 i,
256 1601 282 1675 1,
306 1601 367 1661 23:
388 1597 614 1672 Numquidnam
636 1600 673 1659 ad
695 1601 788 1659 filium
811 1600 885 1658 baec
901 1598 1057 1673 aegritudo
1072 1598 1199 1658 attinet?
1233 1596 1347 1661 Pseud.

209 1689 269 1771 Ι,2,
293 1700 353 1759 27:
387 1698 521 1771 Numqui
550 1701 645 1757 miuus
674 1715 710 1756 ea
737 1700 834 1773 gratia
861 1706 960 1756 tamen
992 1699 1118 1756 omnium
1147 1704 1215 1757 utor
1238 1697 1349 1773 opera?

208 1789 302 1868 (sbi).
352 1791 468 1857 Caecil.
492 1792 572 1857 Stat.
597 1792 724 1857 Chalcia
746 1792 784 1856 ir.
809 1799 842 1857 2:
875 1795 1020 1868 numquid
1041 1812 1108 1855 nam
1130 1794 1211 1856 iores
1234 1798 1348 1857 Fecere

210 1893 305 1951 coniti?
343 1890 472 1955 Terent.
494 1892 591 1955 Andr.
609 1892 634 1966 Ι,
650 1897 680 1970 4,
698 1895 730 1954 8;
754 1895 914 1968 Opperiar,
937 1903 969 1952 ut
992 1896 1093 1966 sciam,
1116 1895 1261 1967 numquid
1283 1913 1350 1954 nam

211 1990 271 2050 baec
290 1992 381 2051 turba
403 1994 544 2052 tristitiae
568 1992 696 2052 adierat.
742 1988 784 2066 ΙΙ,
814 1995 838 2066 i,
862 1994 916 2052 25:
951 1992 1106 2063 Numquid
1134 2010 1200 2052 nam
1223 1996 1351 2068 amplius

213 2087 255 2146 tibi
269 2106 333 2148 cum
355 2092 409 2151 illa
431 2089 488 2151 init
511 2090 573 2149 —?
617 2088 696 2151 Eun.
720 2086 763 2166 ΙΙ,
789 2092 818 2163 2,
842 2093 900 2150 41:
936 2090 1178 2161 Numquidnam
1201 2093 1248 2151 bic
1272 2092 1351 2166 quod

216 2188 278 2246 nolis
302 2188 408 2248 vides?
452 2187 567 2252 Heaut.
592 2185 651 2266 III,
676 2193 703 2264 l,
727 2190 784 2250 20:
820 2187 975 2259 Numquid
1002 2204 1070 2247 nam
1100 2189 1137 2248 de
1168 2206 1233 2249 meo
1261 2199 1350 2264 gnato

215 2285 336 2345 audivisti
360 2286 424 2344 -P

348 2454 386 2518 V.
431 2453 661 2518 Pronominu
683 2452 893 2518 indefinita
916 2456 954 2516 et
975 2452 1197 2516 numeralia.

290 2584 339 2644 33.
363 2578 605 2660 Simplicissima
626 2577 728 2642 turma
751 2577 945 2657 pronominis
960 2574 1114 2641 indefiniti
1129 2581 1195 2653 quis
1209 2581 1261 2652 qui
1274 2595 1350 2651 quoe

223 2678 279 2747 qaia
297 2680 374 2752 quod
402 2678 512 2742 eadem
537 2682 587 2742 est
608 2694 689 2756 quae
712 2676 942 2757 interrogativi.
990 2677 1128 2755 Antiqua
1149 2676 1252 2739 iorma
1273 2693 1357 2739 inus·

223 2773 301 2839 cuiirvi
329 2775 456 2857 generis
478 2779 564 2851 quipe
593 2783 721 2839 servata
751 2778 801 2839 est
827 2777 859 2838 in
881 2774 964 2855 legg.
988 2773 1051 2837 XII
1074 2775 1159 2838 tabb.
1182 2774 1241 2851 ΙΙΙ,
1265 2773 1302 2837 fr.
1328 2778 1355 2838 3.

221 2867 409 2953 [ismpantnr
439 2880 546 2937 autem
575 2878 608 2937 ct
630 2877 696 2948 quis
725 2881 757 2937 et
786 2876 837 2946 qui
864 2872 1041 2953 promiscue
1069 2872 1260 2937 substantivi
1287 2872 1356 2936 loco

218 2968 256 3043 (ci
283 2972 378 3036 ilaus.
406 2971 447 3035 ad
475 2971 595 3051 Reisig.
624 2989 654 3051 p.
684 2976 763 3049 344,
791 2971 896 3034 adnot.
922 2970 1012 3050 356),
1050 2972 1082 3035 in
1105 2990 1222 3050 genere
1244 2982 1357 3035 neutro

216 3075 306 3133 autern
333 3069 429 3134 huius
456 3070 651 3150 pronominis
678 3072 862 3134 constanter
895 3071 967 3142 quid
1004 3069 1194 3133 substantivi
1222 3075 1356 3146 tantum,
1386 3076 1390 3085 '

216 3172 282 3239 quod
302 3168 449 3232 adiectivi
471 3168 540 3232 vice
563 3168 716 3248 fungitur.
754 3167 902 3230 Formam
925 3187 983 3241 quo
1007 3184 1065 3246 pro
1087 3167 1280 3230 nominativo
1304 3184 1358 3246 ge·

215 3266 287 3331 ueris
317 3265 458 3329 feminini
489 3273 676 3346 usurpatum
700 3266 786 3346 apud
808 3264 931 3343 priscos
954 3263 1126 3343 scriptores
1146 3281 1210 3327 nou
1231 3262 1359 3327 memini

211 3376 254 3428 me
279 3381 414 3445 usquam
448 3362 565 3444 legere.
610 3364 723 3428 Naevii
746 3363 867 3426 Hector
890 3358 1094 3441 proficiscens
1115 3360 1153 3426 fr.
1179 3367 1210 3424 l:
1247 3364 1359 3435 nequi

210 3460 272 3524 bine
294 3466 434 3540 Spartam
462 3464 576 3525 referat
605 3467 749 3525 nuntium.
794 3460 873 3524 Cato
896 3459 933 3522 R.
957 3459 994 3523 R.
1017 3478 1044 3524 c.
1069 3466 1102 3524 5:
1147 3462 1178 3520 Si
1200 3460 1266 3533 quis
1288 3460 1359 3533 quid

210 3561 374 3638 deliquerit.
419 3558 453 3624 G.
489 3565 523 3625 ὃς
562 3564 689 3622 materia
726 3563 751 3620 si
788 3577 862 3632 quoe
889 3578 963 3633 opus
991 3562 1038 3620 sit.
1085 3556 1118 3620 Ο.
1143 3563 1175 3622 5:
1219 3561 1264 3618 Ne
1287 3557 1360 3630 quid

210 3664 314 3722 emisse
337 3662 412 3721 velit
432 3693 491 3735 -,
515 3680 552 3722 ne
575 3662 647 3733 quid
668 3661 816 3720 dominum
840 3661 983 3719 celavisse
1006 3662 1087 3719 velit.
1133 3659 1300 3718 Parasitum
1322 3673 1360 3715 ne

211 3775 291 3830 quem
319 3759 438 3819 habeat.
484 3761 680 3834 Haruspicum
712 3793 743 3800 --
772 3775 808 3816 ue
831 3775 916 3829 quau
939 3759 1122 3817 consuluisse
1145 3758 1226 3816 velit.
1271 3751 1359 3817 Orat·

209 3870 263 3934 pro
301 3853 419 3919 Rhea:
465 3858 496 3918 Si
518 3859 585 3931 quis
612 3859 755 3918 advorsus
784 3873 846 3915 rem
874 3873 956 3916 snam
985 3856 1056 3928 quid
1077 3855 1143 3915 fieri
1167 3855 1358 3915 arbitrantur.

207 3950 261 4017 lb:
310 3956 395 4028 Quod
428 3957 503 4016 bene
537 3955 638 4017 facere
673 3957 800 4015 voluisse
837 3955 903 4026 quis
936 3955 1017 4013 dicit.
1062 3949 1141 4015 Cato
1163 3956 1243 4015 orat.
1266 3966 1361 4028 quam

206 4048 319 4115 babuit
354 4048 544 4116 Numantiae
578 4051 664 4132 apud
698 4051 835 4132 equites:
881 4052 940 4112 Sed
975 4054 1060 4123 siquo
1087 4068 1142 4125 per
1179 4053 1361 4123 voluptatem

213 4200 417 4209 ——-.-—--

276 4280 312 4345 ²⁸)
335 4280 515 4353 Masculinurn
538 4279 619 4335 huius
638 4276 804 4349 pronominis
830 4277 904 4347 apud
922 4275 1026 4347 priscos
1053 4275 1201 4344 scriptores
1226 4288 1359 4341 nusquam

212 4363 289 4431 potui
305 4362 433 4419 invenire.
