<?xml version="1.0" encoding="UTF-8"?>
<!DOCTYPE html PUBLIC "-//W3C//DTD XHTML 1.0 Transitional//EN"
    "http://www.w3.org/TR/xhtml1/DTD/xhtml1-transitional.dtd">
<html xmlns="http://www.w3.org/1999/xhtml" xml:lang="en" lang="en">
 <head>
  <title>
</title>
<meta http-equiv="Content-Type" content="text/html;charset=utf-8" />
  <meta name='ocr-system' content='tesseract 3.04.00' />
  <meta name='ocr-capabilities' content='ocr_page ocr_carea ocr_par ocr_line ocrx_word'/>
</head>
<body>
  <div class='ocr_page' id='page_1' title='image "./syntaxispriscor00holtgoog_0727.png"; bbox 0 0 3125 5075; ppageno 0'>
   <div class='ocr_carea' id='block_1_1' title="bbox 287 366 1155 439">
    <p class='ocr_par' dir='ltr' id='par_1_1' title="bbox 287 366 1155 439">
     <span class='ocr_line' id='line_1_1' title="bbox 287 366 1155 439; baseline -0.001 -29"><span class='ocrx_word' id='word_1_1' title='bbox 287 376 351 439; x_wconf 59' lang='lat'><strong>2⁶8</strong></span> <span class='ocrx_word' id='word_1_2' title='bbox 579 367 642 411; x_wconf 75' lang='grc' dir='ltr'>ΟΔΡ.</span> <span class='ocrx_word' id='word_1_3' title='bbox 655 369 702 409; x_wconf 77' lang='lat' dir='ltr'><strong>XV.</strong></span> <span class='ocrx_word' id='word_1_4' title='bbox 729 366 878 408; x_wconf 69' lang='lat' dir='ltr'><strong>moenalus</strong></span> <span class='ocrx_word' id='word_1_5' title='bbox 905 366 1155 409; x_wconf 65' lang='lat' dir='ltr'><strong>lavacionem</strong></span> 
     </span>
    </p>
   </div>
   <div class='ocr_carea' id='block_1_2' title="bbox 287 552 1446 4466">
    <p class='ocr_par' dir='ltr' id='par_1_2' title="bbox 287 552 1443 1128">
     <span class='ocr_line' id='line_1_2' title="bbox 288 552 1441 636; baseline -0.001 -15"><span class='ocrx_word' id='word_1_6' title='bbox 288 560 385 621; x_wconf 82' lang='lat' dir='ltr'><strong>volum</strong></span> <span class='ocrx_word' id='word_1_7' title='bbox 409 559 509 618; x_wconf 84' lang='lat' dir='ltr'><strong>Meum</strong></span> <span class='ocrx_word' id='word_1_8' title='bbox 532 560 724 636; x_wconf 78' lang='lat' dir='ltr'><strong>Stalagmum,</strong></span> <span class='ocrx_word' id='word_1_9' title='bbox 748 575 844 618; x_wconf 91' lang='lat' dir='ltr'><strong>meum</strong></span> <span class='ocrx_word' id='word_1_10' title='bbox 867 558 917 633; x_wconf 92' lang='lat' dir='ltr'><strong>qui</strong></span> <span class='ocrx_word' id='word_1_11' title='bbox 941 564 1061 633; x_wconf 89' lang='lat' dir='ltr'><strong>gnatum</strong></span> <span class='ocrx_word' id='word_1_12' title='bbox 1085 556 1266 634; x_wconf 77' lang='lat' dir='ltr'><strong>subrupultl</strong></span> <span class='ocrx_word' id='word_1_13' title='bbox 1310 553 1400 621; x_wconf 80' lang='lat' dir='ltr'><strong>Pers.</strong></span> <span class='ocrx_word' id='word_1_14' title='bbox 1419 552 1441 635; x_wconf 83' lang='lat' dir='ltr'>L</span> 
     </span>
     <span class='ocr_line' id='line_1_3' title="bbox 291 654 1442 732; baseline -0.003 -13"><span class='ocrx_word' id='word_1_15' title='bbox 291 660 319 731; x_wconf 85' lang='lat'><strong>1,</strong></span> <span class='ocrx_word' id='word_1_16' title='bbox 343 659 400 718; x_wconf 80' lang='lat'><strong>26:</strong></span> <span class='ocrx_word' id='word_1_17' title='bbox 434 656 511 729; x_wconf 83' lang='lat' dir='ltr'>Quid</span> <span class='ocrx_word' id='word_1_18' title='bbox 534 674 589 732; x_wconf 86' lang='lat' dir='ltr'><strong>ego</strong></span> <span class='ocrx_word' id='word_1_19' title='bbox 611 655 743 719; x_wconf 80' lang='lat' dir='ltr'><strong>faciam?</strong></span> <span class='ocrx_word' id='word_1_20' title='bbox 771 656 874 716; x_wconf 80' lang='lat' dir='ltr'><strong>deisne</strong></span> <span class='ocrx_word' id='word_1_21' title='bbox 895 656 1038 716; x_wconf 80' lang='lat' dir='ltr'><strong>adversor</strong></span> <span class='ocrx_word' id='word_1_22' title='bbox 1060 657 1145 732; x_wconf 86' lang='lat' dir='ltr'><strong>quasi</strong></span> <span class='ocrx_word' id='word_1_23' title='bbox 1168 654 1293 718; x_wconf 75' lang='lat' dir='ltr'><strong>&#39;litanti</strong></span> <span class='ocrx_word' id='word_1_24' title='bbox 1317 671 1384 716; x_wconf 85' lang='lat' dir='ltr'><strong>enm</strong></span> <span class='ocrx_word' id='word_1_25' title='bbox 1404 656 1442 716; x_wconf 77' lang='lat' dir='ltr'><strong>dr</strong></span> 
     </span>
     <span class='ocr_line' id='line_1_4' title="bbox 288 750 1442 830; baseline -0.001 -15"><span class='ocrx_word' id='word_1_26' title='bbox 288 755 474 830; x_wconf 79' lang='lat' dir='ltr'>belligerem,</span> <span class='ocrx_word' id='word_1_27' title='bbox 499 756 610 828; x_wconf 81' lang='lat' dir='ltr'><strong>Quibus</strong></span> <span class='ocrx_word' id='word_1_28' title='bbox 634 762 682 815; x_wconf 81' lang='lat' dir='ltr'><strong>sat</strong></span> <span class='ocrx_word' id='word_1_29' title='bbox 703 771 770 815; x_wconf 85' lang='lat' dir='ltr'><strong>esse</strong></span> <span class='ocrx_word' id='word_1_30' title='bbox 793 770 851 813; x_wconf 93' lang='lat' dir='ltr'><strong>non</strong></span> <span class='ocrx_word' id='word_1_31' title='bbox 875 751 1003 828; x_wconf 81' lang='lat' dir='ltr'><strong>queam?</strong></span> <span class='ocrx_word' id='word_1_32' title='bbox 1046 750 1103 824; x_wconf 86' lang='grc' dir='ltr'><em>Ν,</em></span> <span class='ocrx_word' id='word_1_33' title='bbox 1126 756 1162 828; x_wconf 83' lang='grc'><em>3,</em></span> <span class='ocrx_word' id='word_1_34' title='bbox 1186 756 1222 817; x_wconf 78' lang='lat' dir='ltr'><strong>b:</strong></span> <span class='ocrx_word' id='word_1_35' title='bbox 1247 752 1363 814; x_wconf 66' lang='lat' dir='ltr'><strong>m</strong></span> <span class='ocrx_word' id='word_1_36' title='bbox 1381 770 1442 830; x_wconf 85' lang='lat' dir='ltr'><strong>pro·</strong></span> 
     </span>
     <span class='ocr_line' id='line_1_5' title="bbox 287 848 1442 931; baseline 0.003 -20"><span class='ocrx_word' id='word_1_37' title='bbox 287 851 355 927; x_wconf 89' lang='lat' dir='ltr'><strong>bus,</strong></span> <span class='ocrx_word' id='word_1_38' title='bbox 377 868 445 910; x_wconf 80' lang='lat' dir='ltr'><strong>eum</strong></span> <span class='ocrx_word' id='word_1_39' title='bbox 467 853 583 926; x_wconf 87' lang='lat' dir='ltr'><strong>lepidus</strong></span> <span class='ocrx_word' id='word_1_40' title='bbox 607 854 689 929; x_wconf 79' lang='lat' dir='ltr'><strong>cisia,</strong></span> <span class='ocrx_word' id='word_1_41' title='bbox 712 854 763 928; x_wconf 86' lang='lat' dir='ltr'><strong>qui</strong></span> <span class='ocrx_word' id='word_1_42' title='bbox 786 854 860 914; x_wconf 74' lang='lat' dir='ltr'><strong>cett.</strong></span> <span class='ocrx_word' id='word_1_43' title='bbox 884 848 970 913; x_wconf 83' lang='lat' dir='ltr'><strong>Trio.</strong></span> <span class='ocrx_word' id='word_1_44' title='bbox 995 848 1029 927; x_wconf 92' lang='grc' dir='ltr'><strong>Ι,</strong></span> <span class='ocrx_word' id='word_1_45' title='bbox 1053 853 1091 929; x_wconf 87' lang='grc'><em>2,</em></span> <span class='ocrx_word' id='word_1_46' title='bbox 1115 853 1156 914; x_wconf 83' lang='grc'><strong>99</strong></span> <span class='ocrx_word' id='word_1_47' title='bbox 1179 866 1246 931; x_wconf 72' lang='lat' dir='ltr'><strong>etp:</strong></span> <span class='ocrx_word' id='word_1_48' title='bbox 1270 852 1442 914; x_wconf 69' lang='lat' dir='ltr'><strong>mwuetlta</strong></span> 
     </span>
     <span class='ocr_line' id='line_1_6' title="bbox 291 948 1443 1026; baseline -0.002 -15"><span class='ocrx_word' id='word_1_49' title='bbox 291 951 367 1011; x_wconf 80' lang='lat' dir='ltr'><strong>stine</strong></span> <span class='ocrx_word' id='word_1_50' title='bbox 389 966 454 1009; x_wconf 85' lang='lat' dir='ltr'><strong>eum</strong></span> <span class='ocrx_word' id='word_1_51' title='bbox 478 952 529 1025; x_wconf 92' lang='lat' dir='ltr'><strong>qui</strong></span> <span class='ocrx_word' id='word_1_52' title='bbox 552 950 723 1011; x_wconf 73' lang='lat' dir='ltr'><strong>mandatust</strong></span> <span class='ocrx_word' id='word_1_53' title='bbox 744 948 820 1012; x_wconf 83' lang='lat' dir='ltr'><strong>tibi?</strong></span> <span class='ocrx_word' id='word_1_54' title='bbox 863 950 921 1011; x_wconf 89' lang='lat' dir='ltr'><strong>Ille</strong></span> <span class='ocrx_word' id='word_1_55' title='bbox 943 951 994 1026; x_wconf 86' lang='lat' dir='ltr'><strong>qui</strong></span> <span class='ocrx_word' id='word_1_56' title='bbox 1016 950 1168 1011; x_wconf 83' lang='lat' dir='ltr'><strong>mandarit</strong></span> <span class='ocrx_word' id='word_1_57' title='bbox 1190 967 1258 1011; x_wconf 87' lang='lat' dir='ltr'><strong>eum</strong></span> <span class='ocrx_word' id='word_1_58' title='bbox 1281 950 1443 1011; x_wconf 79' lang='lat' dir='ltr'><strong>exturbnri·</strong></span> 
     </span>
     <span class='ocr_line' id='line_1_7' title="bbox 290 1043 1004 1128; baseline 0 -20"><span class='ocrx_word' id='word_1_59' title='bbox 290 1049 330 1108; x_wconf 88' lang='lat' dir='ltr'><strong>sti</strong></span> <span class='ocrx_word' id='word_1_60' title='bbox 353 1047 502 1110; x_wconf 80' lang='lat' dir='ltr'><strong>aedibus?</strong></span> <span class='ocrx_word' id='word_1_61' title='bbox 546 1044 675 1110; x_wconf 68' lang='lat' dir='ltr'><strong>Terent.</strong></span> <span class='ocrx_word' id='word_1_62' title='bbox 698 1043 825 1110; x_wconf 88' lang='lat' dir='ltr'><strong>Phorm.</strong></span> <span class='ocrx_word' id='word_1_63' title='bbox 850 1043 899 1121; x_wconf 85' lang='lat'><strong>11,</strong></span> <span class='ocrx_word' id='word_1_64' title='bbox 922 1048 952 1128; x_wconf 85' lang='grc'><em>2,</em></span> <span class='ocrx_word' id='word_1_65' title='bbox 975 1049 1004 1109; x_wconf 90' lang='grc'><strong>2.</strong></span> 
     </span>
    </p>

    <p class='ocr_par' dir='ltr' id='par_1_3' title="bbox 289 1141 1446 1906">
     <span class='ocr_line' id='line_1_8' title="bbox 376 1141 1444 1225; baseline 0.001 -18"><span class='ocrx_word' id='word_1_66' title='bbox 376 1161 407 1223; x_wconf 92' lang='lat' dir='ltr'><strong>p.</strong></span> <span class='ocrx_word' id='word_1_67' title='bbox 451 1142 579 1225; x_wconf 81' lang='lat' dir='ltr'><strong>Duplex</strong></span> <span class='ocrx_word' id='word_1_68' title='bbox 599 1162 653 1222; x_wconf 82' lang='lat' dir='ltr'><strong>ne,</strong></span> <span class='ocrx_word' id='word_1_69' title='bbox 675 1142 761 1222; x_wconf 86' lang='lat' dir='ltr'><strong>quod</strong></span> <span class='ocrx_word' id='word_1_70' title='bbox 783 1141 935 1223; x_wconf 81' lang='lat' dir='ltr'><strong>explicuit</strong></span> <span class='ocrx_word' id='word_1_71' title='bbox 962 1141 1108 1207; x_wconf 89' lang='lat' dir='ltr'><strong>Handius</strong></span> <span class='ocrx_word' id='word_1_72' title='bbox 1130 1142 1191 1220; x_wconf 85' lang='lat' dir='ltr'><strong>IV,</strong></span> <span class='ocrx_word' id='word_1_73' title='bbox 1213 1161 1245 1225; x_wconf 93' lang='lat' dir='ltr'><strong>p.</strong></span> <span class='ocrx_word' id='word_1_74' title='bbox 1269 1147 1331 1219; x_wconf 85' lang='grc'><em>86,</em></span> <span class='ocrx_word' id='word_1_75' title='bbox 1353 1142 1444 1224; x_wconf 80' lang='lat' dir='ltr'><strong>quod</strong></span> 
     </span>
     <span class='ocr_line' id='line_1_9' title="bbox 290 1237 1443 1328; baseline -0.003 -24"><span class='ocrx_word' id='word_1_76' title='bbox 290 1256 352 1318; x_wconf 88' lang='lat' dir='ltr'><strong>que</strong></span> <span class='ocrx_word' id='word_1_77' title='bbox 371 1258 434 1304; x_wconf 92' lang='lat' dir='ltr'><strong>non</strong></span> <span class='ocrx_word' id='word_1_78' title='bbox 457 1237 557 1304; x_wconf 84' lang='lat' dir='ltr'><strong>efficit</strong></span> <span class='ocrx_word' id='word_1_79' title='bbox 577 1239 862 1322; x_wconf 78' lang='lat' dir='ltr'><strong>interrogationem</strong></span> <span class='ocrx_word' id='word_1_80' title='bbox 878 1239 1099 1328; x_wconf 75' lang='lat' dir='ltr'><strong>distinctivum,</strong></span> <span class='ocrx_word' id='word_1_81' title='bbox 1123 1242 1289 1307; x_wconf 83' lang='lat' dir='ltr'><strong>invenitur</strong></span> <span class='ocrx_word' id='word_1_82' title='bbox 1311 1258 1364 1322; x_wconf 84' lang='lat' dir='ltr'><strong>ap.</strong></span> <span class='ocrx_word' id='word_1_83' title='bbox 1379 1239 1443 1324; x_wconf 81' lang='lat' dir='ltr'><strong>Ter.</strong></span> 
     </span>
     <span class='ocr_line' id='line_1_10' title="bbox 289 1329 1445 1417; baseline -0.001 -15"><span class='ocrx_word' id='word_1_84' title='bbox 289 1336 368 1403; x_wconf 91' lang='lat' dir='ltr'><strong>Hec.</strong></span> <span class='ocrx_word' id='word_1_85' title='bbox 391 1337 447 1417; x_wconf 83' lang='lat' dir='ltr'><strong>IV,</strong></span> <span class='ocrx_word' id='word_1_86' title='bbox 471 1346 501 1417; x_wconf 87' lang='grc'><strong>4,</strong></span> <span class='ocrx_word' id='word_1_87' title='bbox 524 1341 582 1403; x_wconf 76' lang='grc' dir='ltr'><strong>42τ</strong></span> <span class='ocrx_word' id='word_1_88' title='bbox 603 1341 726 1401; x_wconf 84' lang='lat' dir='ltr'><strong>Vosmet</strong></span> <span class='ocrx_word' id='word_1_89' title='bbox 748 1342 847 1403; x_wconf 79' lang='lat' dir='ltr'><strong>videte</strong></span> <span class='ocrx_word' id='word_1_90' title='bbox 869 1342 927 1401; x_wconf 86' lang='lat' dir='ltr'><strong>lam</strong></span> <span class='ocrx_word' id='word_1_91' title='bbox 949 1372 992 1385; x_wconf 93' lang='lat'><em>-</em></span> <span class='ocrx_word' id='word_1_92' title='bbox 1011 1342 1170 1403; x_wconf 60' lang='lat' dir='ltr'><strong>Remissa</strong></span> <span class='ocrx_word' id='word_1_93' title='bbox 1191 1329 1268 1417; x_wconf 85' lang='lat' dir='ltr'><strong>opus</strong></span> <span class='ocrx_word' id='word_1_94' title='bbox 1298 1342 1342 1403; x_wconf 86' lang='lat' dir='ltr'><strong>sit</strong></span> <span class='ocrx_word' id='word_1_95' title='bbox 1370 1340 1445 1402; x_wconf 84' lang='lat' dir='ltr'><strong>rebla</strong></span> 
     </span>
     <span class='ocr_line' id='line_1_11' title="bbox 290 1433 1443 1518; baseline 0.001 -20"><span class='ocrx_word' id='word_1_96' title='bbox 290 1439 458 1499; x_wconf 78' lang='lat' dir='ltr'><strong>redductan</strong></span> <span class='ocrx_word' id='word_1_97' title='bbox 491 1439 617 1499; x_wconf 88' lang='lat' dir='ltr'><strong>domum.</strong></span> <span class='ocrx_word' id='word_1_98' title='bbox 670 1433 734 1499; x_wconf 91' lang='lat' dir='ltr'><strong>Pro</strong></span> <span class='ocrx_word' id='word_1_99' title='bbox 767 1435 885 1518; x_wconf 85' lang='lat' dir='ltr'><strong>duplici</strong></span> <span class='ocrx_word' id='word_1_100' title='bbox 916 1456 954 1499; x_wconf 79' lang='lat' dir='ltr'><strong>ne</strong></span> <span class='ocrx_word' id='word_1_101' title='bbox 980 1436 1143 1502; x_wconf 86' lang='lat' dir='ltr'><strong>iuvenitur</strong></span> <span class='ocrx_word' id='word_1_102' title='bbox 1175 1434 1274 1501; x_wconf 82' lang='lat' dir='ltr'><strong>etiam</strong></span> <span class='ocrx_word' id='word_1_103' title='bbox 1305 1434 1443 1517; x_wconf 77' lang='lat' dir='ltr'><strong>simplex.</strong></span> 
     </span>
     <span class='ocr_line' id='line_1_12' title="bbox 291 1531 1446 1616; baseline -0.002 -18"><span class='ocrx_word' id='word_1_104' title='bbox 291 1532 386 1598; x_wconf 88' lang='lat' dir='ltr'><strong>alteri</strong></span> <span class='ocrx_word' id='word_1_105' title='bbox 409 1532 529 1597; x_wconf 91' lang='lat' dir='ltr'><strong>nomini</strong></span> <span class='ocrx_word' id='word_1_106' title='bbox 551 1532 742 1614; x_wconf 85' lang='lat' dir='ltr'><strong>appositum,</strong></span> <span class='ocrx_word' id='word_1_107' title='bbox 765 1551 848 1615; x_wconf 86' lang='lat' dir='ltr'><strong>quae</strong></span> <span class='ocrx_word' id='word_1_108' title='bbox 863 1538 914 1599; x_wconf 86' lang='lat' dir='ltr'><strong>est</strong></span> <span class='ocrx_word' id='word_1_109' title='bbox 928 1534 1035 1600; x_wconf 86' lang='lat' dir='ltr'><strong>soluta</strong></span> <span class='ocrx_word' id='word_1_110' title='bbox 1055 1532 1159 1604; x_wconf 83' lang='lat' dir='ltr'><strong>forma</strong></span> <span class='ocrx_word' id='word_1_111' title='bbox 1180 1534 1214 1599; x_wconf 92' lang='lat' dir='ltr'><strong>in</strong></span> <span class='ocrx_word' id='word_1_112' title='bbox 1235 1532 1368 1616; x_wconf 85' lang='lat' dir='ltr'><strong>vulgari</strong></span> <span class='ocrx_word' id='word_1_113' title='bbox 1387 1531 1446 1599; x_wconf 89' lang='lat' dir='ltr'><strong>col·</strong></span> 
     </span>
     <span class='ocr_line' id='line_1_13' title="bbox 292 1628 1445 1713; baseline 0.004 -18"><span class='ocrx_word' id='word_1_114' title='bbox 292 1629 444 1713; x_wconf 84' lang='lat' dir='ltr'><strong>loquendi</strong></span> <span class='ocrx_word' id='word_1_115' title='bbox 466 1648 541 1710; x_wconf 85' lang='lat' dir='ltr'><strong>usu,</strong></span> <span class='ocrx_word' id='word_1_116' title='bbox 570 1634 606 1694; x_wconf 86' lang='lat' dir='ltr'><strong>ut</strong></span> <span class='ocrx_word' id='word_1_117' title='bbox 628 1630 706 1695; x_wconf 90' lang='lat' dir='ltr'><strong>dicit</strong></span> <span class='ocrx_word' id='word_1_118' title='bbox 729 1631 874 1697; x_wconf 87' lang='lat' dir='ltr'><strong>Haudius</strong></span> <span class='ocrx_word' id='word_1_119' title='bbox 903 1649 934 1712; x_wconf 89' lang='lat' dir='ltr'><strong>p.</strong></span> <span class='ocrx_word' id='word_1_120' title='bbox 957 1637 1008 1697; x_wconf 82' lang='lat'><strong>87.</strong></span> <span class='ocrx_word' id='word_1_121' title='bbox 1053 1631 1107 1698; x_wconf 86' lang='lat' dir='ltr'><strong>Sic</strong></span> <span class='ocrx_word' id='word_1_122' title='bbox 1128 1631 1223 1697; x_wconf 88' lang='lat' dir='ltr'><strong>Ennii</strong></span> <span class='ocrx_word' id='word_1_123' title='bbox 1254 1628 1445 1699; x_wconf 80' lang='lat' dir='ltr'><strong>annalib</strong></span> 
     </span>
     <span class='ocr_line' id='line_1_14' title="bbox 290 1730 1443 1810; baseline -0.004 -16"><span class='ocrx_word' id='word_1_124' title='bbox 290 1747 320 1810; x_wconf 86' lang='lat' dir='ltr'><strong>p.</strong></span> <span class='ocrx_word' id='word_1_125' title='bbox 346 1734 402 1810; x_wconf 78' lang='lat' dir='ltr'><strong>bi,</strong></span> <span class='ocrx_word' id='word_1_126' title='bbox 424 1746 453 1792; x_wconf 84' lang='grc' dir='ltr'><strong>ν.</strong></span> <span class='ocrx_word' id='word_1_127' title='bbox 476 1731 532 1793; x_wconf 80' lang='lat'><strong>85:</strong></span> <span class='ocrx_word' id='word_1_128' title='bbox 566 1730 732 1791; x_wconf 83' lang='lat' dir='ltr'><strong>certabant</strong></span> <span class='ocrx_word' id='word_1_129' title='bbox 766 1734 868 1792; x_wconf 89' lang='lat' dir='ltr'><strong>orbern</strong></span> <span class='ocrx_word' id='word_1_130' title='bbox 901 1731 1030 1792; x_wconf 76' lang='lat' dir='ltr'><strong>Romam</strong></span> <span class='ocrx_word' id='word_1_131' title='bbox 1062 1733 1263 1792; x_wconf 68' lang='lat' dir='ltr'><strong>Remorum</strong></span> <span class='ocrx_word' id='word_1_132' title='bbox 1296 1739 1443 1793; x_wconf 70' lang='lat' dir='ltr'><strong>mutent</strong></span> 
     </span>
     <span class='ocr_line' id='line_1_15' title="bbox 291 1824 1377 1906; baseline -0.001 -15"><span class='ocrx_word' id='word_1_133' title='bbox 291 1826 397 1892; x_wconf 89' lang='lat' dir='ltr'><strong>Plaut.</strong></span> <span class='ocrx_word' id='word_1_134' title='bbox 419 1826 534 1891; x_wconf 87' lang='lat' dir='ltr'><strong>Pseud.</strong></span> <span class='ocrx_word' id='word_1_135' title='bbox 558 1824 595 1901; x_wconf 81' lang='lat' dir='ltr'><strong>V,</strong></span> <span class='ocrx_word' id='word_1_136' title='bbox 620 1833 649 1905; x_wconf 85' lang='grc'><em>2,</em></span> <span class='ocrx_word' id='word_1_137' title='bbox 674 1832 709 1890; x_wconf 87' lang='lat'><strong>3:</strong></span> <span class='ocrx_word' id='word_1_138' title='bbox 733 1829 838 1904; x_wconf 83' lang='lat' dir='ltr'><strong>Cogito</strong></span> <span class='ocrx_word' id='word_1_139' title='bbox 860 1832 988 1890; x_wconf 68' lang='lat' dir='ltr'><strong>saevior</strong></span> <span class='ocrx_word' id='word_1_140' title='bbox 1010 1829 1194 1890; x_wconf 71' lang='lat' dir='ltr'><strong>claudicem</strong></span> <span class='ocrx_word' id='word_1_141' title='bbox 1216 1830 1377 1906; x_wconf 80' lang='lat' dir='ltr'><strong>adloquar.</strong></span> 
     </span>
    </p>

    <p class='ocr_par' dir='ltr' id='par_1_4' title="bbox 291 1913 1445 2495">
     <span class='ocr_line' id='line_1_16' title="bbox 378 1913 1444 2008; baseline 0.001 -20"><span class='ocrx_word' id='word_1_142' title='bbox 378 1942 409 2006; x_wconf 88' lang='lat' dir='ltr'><strong>q.</strong></span> <span class='ocrx_word' id='word_1_143' title='bbox 454 1923 491 1988; x_wconf 94' lang='lat' dir='ltr'><strong>Iu</strong></span> <span class='ocrx_word' id='word_1_144' title='bbox 512 1922 562 1988; x_wconf 89' lang='lat' dir='ltr'><strong>his</strong></span> <span class='ocrx_word' id='word_1_145' title='bbox 590 1924 735 1989; x_wconf 88' lang='lat' dir='ltr'><strong>omuibus</strong></span> <span class='ocrx_word' id='word_1_146' title='bbox 765 1925 920 2008; x_wconf 84' lang='lat' dir='ltr'><strong>exemplis</strong></span> <span class='ocrx_word' id='word_1_147' title='bbox 948 1944 985 1987; x_wconf 80' lang='lat' dir='ltr'><strong>nc</strong></span> <span class='ocrx_word' id='word_1_148' title='bbox 1012 1924 1168 1990; x_wconf 60' lang='lat' dir='ltr'><strong>moenum</strong></span> <span class='ocrx_word' id='word_1_149' title='bbox 1197 1913 1340 1990; x_wconf 83' lang='lat' dir='ltr'><strong>vidimus</strong></span> <span class='ocrx_word' id='word_1_150' title='bbox 1360 1941 1444 1989; x_wconf 80' lang='lat' dir='ltr'><strong>roon-</strong></span> 
     </span>
     <span class='ocr_line' id='line_1_17' title="bbox 291 2021 1445 2105; baseline -0.001 -18"><span class='ocrx_word' id='word_1_151' title='bbox 291 2021 367 2089; x_wconf 85' lang='lat' dir='ltr'><strong>bnlo</strong></span> <span class='ocrx_word' id='word_1_152' title='bbox 389 2023 435 2103; x_wconf 88' lang='lat' dir='ltr'><strong>ci,</strong></span> <span class='ocrx_word' id='word_1_153' title='bbox 465 2022 551 2102; x_wconf 89' lang='lat' dir='ltr'><strong>quod</strong></span> <span class='ocrx_word' id='word_1_154' title='bbox 573 2021 675 2104; x_wconf 88' lang='lat' dir='ltr'><strong>ipsam</strong></span> <span class='ocrx_word' id='word_1_155' title='bbox 695 2022 979 2105; x_wconf 80' lang='lat' dir='ltr'><strong>interrogationem</strong></span> <span class='ocrx_word' id='word_1_156' title='bbox 1003 2023 1119 2088; x_wconf 78' lang='lat' dir='ltr'><strong>format</strong></span> <span class='ocrx_word' id='word_1_157' title='bbox 1140 2021 1292 2103; x_wconf 88' lang='lat' dir='ltr'><strong>quodque</strong></span> <span class='ocrx_word' id='word_1_158' title='bbox 1316 2021 1445 2104; x_wconf 82' lang='lat' dir='ltr'><strong>plerum</strong></span> 
     </span>
     <span class='ocr_line' id='line_1_18' title="bbox 292 2114 1443 2202; baseline -0.002 -16"><span class='ocrx_word' id='word_1_159' title='bbox 292 2136 355 2201; x_wconf 89' lang='lat' dir='ltr'><strong>que</strong></span> <span class='ocrx_word' id='word_1_160' title='bbox 378 2119 480 2202; x_wconf 90' lang='lat' dir='ltr'><strong>primo</strong></span> <span class='ocrx_word' id='word_1_161' title='bbox 502 2120 572 2185; x_wconf 93' lang='lat' dir='ltr'><strong>loco</strong></span> <span class='ocrx_word' id='word_1_162' title='bbox 595 2121 733 2200; x_wconf 83' lang='lat' dir='ltr'><strong>ponitur.</strong></span> <span class='ocrx_word' id='word_1_163' title='bbox 764 2120 828 2186; x_wconf 86' lang='lat' dir='ltr'><strong>Sed</strong></span> <span class='ocrx_word' id='word_1_164' title='bbox 843 2125 951 2202; x_wconf 87' lang='lat' dir='ltr'><strong>potest</strong></span> <span class='ocrx_word' id='word_1_165' title='bbox 966 2119 1062 2186; x_wconf 92' lang='lat' dir='ltr'><strong>etiam</strong></span> <span class='ocrx_word' id='word_1_166' title='bbox 1076 2139 1114 2182; x_wconf 77' lang='lat' dir='ltr'><strong>nc</strong></span> <span class='ocrx_word' id='word_1_167' title='bbox 1128 2120 1348 2186; x_wconf 84' lang='lat' dir='ltr'><strong>dubitativum</strong></span> <span class='ocrx_word' id='word_1_168' title='bbox 1362 2114 1443 2201; x_wconf 73' lang='lat' dir='ltr'><strong>prae</strong></span> 
     </span>
     <span class='ocr_line' id='line_1_19' title="bbox 291 2215 1439 2300; baseline -0.003 -17"><span class='ocrx_word' id='word_1_169' title='bbox 291 2218 385 2297; x_wconf 86' lang='lat' dir='ltr'><strong>mitti,</strong></span> <span class='ocrx_word' id='word_1_170' title='bbox 411 2219 438 2283; x_wconf 88' lang='lat' dir='ltr'><strong>si</strong></span> <span class='ocrx_word' id='word_1_171' title='bbox 461 2217 556 2283; x_wconf 89' lang='lat' dir='ltr'><strong>simul</strong></span> <span class='ocrx_word' id='word_1_172' title='bbox 578 2218 708 2283; x_wconf 87' lang='lat' dir='ltr'><strong>verendi</strong></span> <span class='ocrx_word' id='word_1_173' title='bbox 730 2216 921 2300; x_wconf 83' lang='lat' dir='ltr'><strong>significatio</strong></span> <span class='ocrx_word' id='word_1_174' title='bbox 943 2219 1035 2283; x_wconf 84' lang='lat' dir='ltr'><strong>inest</strong></span> <span class='ocrx_word' id='word_1_175' title='bbox 1066 2219 1119 2284; x_wconf 86' lang='lat' dir='ltr'><strong>Sic</strong></span> <span class='ocrx_word' id='word_1_176' title='bbox 1139 2215 1247 2284; x_wconf 82' lang='lat' dir='ltr'><strong>Plaur.</strong></span> <span class='ocrx_word' id='word_1_177' title='bbox 1274 2217 1347 2284; x_wconf 74' lang='lat' dir='ltr'><strong>eut</strong></span> <span class='ocrx_word' id='word_1_178' title='bbox 1369 2215 1439 2299; x_wconf 86' lang='lat' dir='ltr'><strong>pr&#39;ol</strong></span> 
     </span>
     <span class='ocr_line' id='line_1_20' title="bbox 292 2313 1442 2396; baseline -0.004 -14"><span class='ocrx_word' id='word_1_179' title='bbox 292 2336 322 2382; x_wconf 84' lang='lat' dir='ltr'><strong>v.</strong></span> <span class='ocrx_word' id='word_1_180' title='bbox 346 2321 401 2382; x_wconf 83' lang='lat'><strong>39:</strong></span> <span class='ocrx_word' id='word_1_181' title='bbox 434 2319 550 2394; x_wconf 82' lang='lat' dir='ltr'><strong>Oredo,</strong></span> <span class='ocrx_word' id='word_1_182' title='bbox 585 2337 687 2379; x_wconf 88' lang='lat' dir='ltr'><strong>aurum</strong></span> <span class='ocrx_word' id='word_1_183' title='bbox 714 2321 865 2394; x_wconf 85' lang='lat' dir='ltr'><strong>inspicere</strong></span> <span class='ocrx_word' id='word_1_184' title='bbox 888 2324 967 2394; x_wconf 82' lang='lat' dir='ltr'><strong>solt,</strong></span> <span class='ocrx_word' id='word_1_185' title='bbox 1001 2336 1039 2380; x_wconf 80' lang='lat' dir='ltr'><strong>rac</strong></span> <span class='ocrx_word' id='word_1_186' title='bbox 1061 2320 1235 2396; x_wconf 87' lang='lat' dir='ltr'><strong>subreptum</strong></span> <span class='ocrx_word' id='word_1_187' title='bbox 1265 2320 1343 2396; x_wconf 85' lang='lat' dir='ltr'><strong>siat,</strong></span> <span class='ocrx_word' id='word_1_188' title='bbox 1373 2313 1442 2379; x_wconf 82' lang='lat' dir='ltr'><strong>lte.</strong></span> 
     </span>
     <span class='ocr_line' id='line_1_21' title="bbox 293 2412 839 2495; baseline -0.002 -15"><span class='ocrx_word' id='word_1_189' title='bbox 293 2419 527 2495; x_wconf 88' lang='lat' dir='ltr'><strong>surreptumue.</strong></span> <span class='ocrx_word' id='word_1_190' title='bbox 551 2412 642 2494; x_wconf 81' lang='lat' dir='ltr'><strong>capt.</strong></span> <span class='ocrx_word' id='word_1_191' title='bbox 665 2413 698 2492; x_wconf 86' lang='lat'><strong>1,</strong></span> <span class='ocrx_word' id='word_1_192' title='bbox 722 2418 757 2493; x_wconf 95' lang='grc'><em>2,</em></span> <span class='ocrx_word' id='word_1_193' title='bbox 783 2419 839 2479; x_wconf 84' lang='lat'><strong>18:</strong></span> 
     </span>
    </p>

    <p class='ocr_par' dir='ltr' id='par_1_5' title="bbox 291 2514 1250 2789">
     <span class='ocr_line' id='line_1_22' title="bbox 463 2514 1250 2593; baseline 0 -17"><span class='ocrx_word' id='word_1_194' title='bbox 463 2518 529 2592; x_wconf 88' lang='lat' dir='ltr'><strong>Ego</strong></span> <span class='ocrx_word' id='word_1_195' title='bbox 551 2518 601 2577; x_wconf 91' lang='lat' dir='ltr'><strong>ibo</strong></span> <span class='ocrx_word' id='word_1_196' title='bbox 623 2514 662 2576; x_wconf 90' lang='lat' dir='ltr'><strong>ad</strong></span> <span class='ocrx_word' id='word_1_197' title='bbox 685 2514 810 2576; x_wconf 79' lang='lat' dir='ltr'><strong>fratrem</strong></span> <span class='ocrx_word' id='word_1_198' title='bbox 833 2516 871 2577; x_wconf 91' lang='lat' dir='ltr'><strong>ad</strong></span> <span class='ocrx_word' id='word_1_199' title='bbox 890 2516 967 2577; x_wconf 87' lang='lat' dir='ltr'><strong>alios</strong></span> <span class='ocrx_word' id='word_1_200' title='bbox 990 2518 1124 2593; x_wconf 79' lang='lat' dir='ltr'><strong>captivos</strong></span> <span class='ocrx_word' id='word_1_201' title='bbox 1146 2531 1250 2576; x_wconf 74' lang='lat' dir='ltr'><strong>mense</strong></span> 
     </span>
     <span class='ocr_line' id='line_1_23' title="bbox 461 2615 1183 2689; baseline 0.001 -16"><span class='ocrx_word' id='word_1_202' title='bbox 461 2616 561 2675; x_wconf 89' lang='lat' dir='ltr'><strong>Visam</strong></span> <span class='ocrx_word' id='word_1_203' title='bbox 583 2631 621 2673; x_wconf 80' lang='lat' dir='ltr'><strong>ne</strong></span> <span class='ocrx_word' id='word_1_204' title='bbox 644 2620 732 2673; x_wconf 86' lang='lat' dir='ltr'><strong>nocte</strong></span> <span class='ocrx_word' id='word_1_205' title='bbox 756 2615 812 2673; x_wconf 87' lang='lat' dir='ltr'><strong>bac</strong></span> <span class='ocrx_word' id='word_1_206' title='bbox 836 2616 965 2689; x_wconf 88' lang='lat' dir='ltr'><strong>quipiam</strong></span> <span class='ocrx_word' id='word_1_207' title='bbox 988 2615 1183 2676; x_wconf 71' lang='lat' dir='ltr'><strong>turbaverint</strong></span> 
     </span>
     <span class='ocr_line' id='line_1_24' title="bbox 291 2708 1137 2789; baseline -0.001 -15"><span class='ocrx_word' id='word_1_208' title='bbox 291 2708 387 2775; x_wconf 82' lang='lat' dir='ltr'><strong>Most.</strong></span> <span class='ocrx_word' id='word_1_209' title='bbox 412 2709 471 2782; x_wconf 83' lang='grc' dir='ltr'><strong>ΙΙΙ,</strong></span> <span class='ocrx_word' id='word_1_210' title='bbox 494 2714 524 2781; x_wconf 85' lang='grc'><em>2,</em></span> <span class='ocrx_word' id='word_1_211' title='bbox 548 2713 624 2774; x_wconf 87' lang='grc'><strong>162;</strong></span> <span class='ocrx_word' id='word_1_212' title='bbox 649 2712 780 2784; x_wconf 79' lang='lat' dir='ltr'><strong>videam,</strong></span> <span class='ocrx_word' id='word_1_213' title='bbox 803 2728 840 2770; x_wconf 74' lang='lat' dir='ltr'><strong>aa</strong></span> <span class='ocrx_word' id='word_1_214' title='bbox 862 2714 954 2789; x_wconf 88' lang='lat' dir='ltr'><strong>oanis,</strong></span> <span class='ocrx_word' id='word_1_215' title='bbox 978 2728 1020 2774; x_wconf 85' lang='lat' dir='ltr'><strong>sc.</strong></span> <span class='ocrx_word' id='word_1_216' title='bbox 1044 2710 1137 2775; x_wconf 82' lang='lat' dir='ltr'><strong>adsit.</strong></span> 
     </span>
    </p>

    <p class='ocr_par' dir='ltr' id='par_1_6' title="bbox 291 2803 1442 3775">
     <span class='ocr_line' id='line_1_25' title="bbox 381 2803 1440 2888; baseline -0.005 -17"><span class='ocrx_word' id='word_1_217' title='bbox 381 2812 428 2872; x_wconf 88' lang='lat'><strong>19.</strong></span> <span class='ocrx_word' id='word_1_218' title='bbox 472 2808 522 2872; x_wconf 91' lang='lat' dir='ltr'><strong>De</strong></span> <span class='ocrx_word' id='word_1_219' title='bbox 550 2804 783 2888; x_wconf 85' lang='lat' dir='ltr'><strong>significatione</strong></span> <span class='ocrx_word' id='word_1_220' title='bbox 810 2805 987 2887; x_wconf 80' lang='lat' dir='ltr'><strong>particulae</strong></span> <span class='ocrx_word' id='word_1_221' title='bbox 1021 2827 1118 2870; x_wconf 77' lang='lat' dir='ltr'><strong>nonae</strong></span> <span class='ocrx_word' id='word_1_222' title='bbox 1145 2826 1174 2871; x_wconf 81' lang='lat' dir='ltr'><strong>v,</strong></span> <span class='ocrx_word' id='word_1_223' title='bbox 1203 2806 1369 2871; x_wconf 88' lang='lat' dir='ltr'><strong>Handium</strong></span> <span class='ocrx_word' id='word_1_224' title='bbox 1396 2803 1440 2880; x_wconf 83' lang='lat' dir='ltr'><strong>IV,</strong></span> 
     </span>
     <span class='ocr_line' id='line_1_26' title="bbox 291 2901 1440 2987; baseline -0.005 -18"><span class='ocrx_word' id='word_1_225' title='bbox 291 2922 323 2985; x_wconf 89' lang='lat' dir='ltr'><strong>p.</strong></span> <span class='ocrx_word' id='word_1_226' title='bbox 348 2909 420 2969; x_wconf 88' lang='lat'><strong>310.</strong></span> <span class='ocrx_word' id='word_1_227' title='bbox 448 2904 583 2969; x_wconf 90' lang='lat' dir='ltr'><strong>Ponitur</strong></span> <span class='ocrx_word' id='word_1_228' title='bbox 608 2909 732 2984; x_wconf 85' lang='lat' dir='ltr'><strong>autem,</strong></span> <span class='ocrx_word' id='word_1_229' title='bbox 766 2904 793 2969; x_wconf 88' lang='lat' dir='ltr'><strong>si</strong></span> <span class='ocrx_word' id='word_1_230' title='bbox 822 2901 983 2969; x_wconf 79' lang='lat' dir='ltr'><strong>affirmans</strong></span> <span class='ocrx_word' id='word_1_231' title='bbox 1010 2910 1217 2987; x_wconf 82' lang='lat' dir='ltr'><strong>exspectatur</strong></span> <span class='ocrx_word' id='word_1_232' title='bbox 1251 2919 1440 2987; x_wconf 88' lang='lat' dir='ltr'><strong>responsum.</strong></span> 
     </span>
     <span class='ocr_line' id='line_1_27' title="bbox 292 3000 1441 3084; baseline -0.001 -18"><span class='ocrx_word' id='word_1_233' title='bbox 292 3000 398 3066; x_wconf 86' lang='lat' dir='ltr'><strong>Plaot.</strong></span> <span class='ocrx_word' id='word_1_234' title='bbox 422 3001 534 3084; x_wconf 83' lang='lat' dir='ltr'><strong>Amph.</strong></span> <span class='ocrx_word' id='word_1_235' title='bbox 558 3001 582 3076; x_wconf 84' lang='grc' dir='ltr'><strong>Ι,</strong></span> <span class='ocrx_word' id='word_1_236' title='bbox 610 3009 636 3082; x_wconf 92' lang='grc'><em>1,</em></span> <span class='ocrx_word' id='word_1_237' title='bbox 664 3009 710 3067; x_wconf 91' lang='lat' dir='ltr'><strong>ll.</strong></span> <span class='ocrx_word' id='word_1_238' title='bbox 735 3005 806 3067; x_wconf 87' lang='grc'><em>248.</em></span> <span class='ocrx_word' id='word_1_239' title='bbox 831 3007 901 3066; x_wconf 86' lang='grc'><strong>249.</strong></span> <span class='ocrx_word' id='word_1_240' title='bbox 925 3008 954 3079; x_wconf 90' lang='grc'><strong>3,</strong></span> <span class='ocrx_word' id='word_1_241' title='bbox 977 3009 1027 3068; x_wconf 83' lang='grc'><strong>41.</strong></span> <span class='ocrx_word' id='word_1_242' title='bbox 1052 3003 1148 3068; x_wconf 89' lang='lat' dir='ltr'><strong>Mero.</strong></span> <span class='ocrx_word' id='word_1_243' title='bbox 1164 3001 1202 3080; x_wconf 80' lang='lat' dir='ltr'><strong>V,</strong></span> <span class='ocrx_word' id='word_1_244' title='bbox 1221 3007 1251 3078; x_wconf 90' lang='grc'><em>2,</em></span> <span class='ocrx_word' id='word_1_245' title='bbox 1276 3008 1337 3068; x_wconf 83' lang='grc'><strong>37;</strong></span> <span class='ocrx_word' id='word_1_246' title='bbox 1359 3017 1441 3065; x_wconf 68' lang='lat' dir='ltr'><strong>nome</strong></span> 
     </span>
     <span class='ocr_line' id='line_1_28' title="bbox 293 3100 1440 3179; baseline 0.002 -16"><span class='ocrx_word' id='word_1_247' title='bbox 293 3120 329 3163; x_wconf 85' lang='lat' dir='ltr'><strong>ex</strong></span> <span class='ocrx_word' id='word_1_248' title='bbox 363 3103 488 3165; x_wconf 89' lang='lat' dir='ltr'><strong>advorso</strong></span> <span class='ocrx_word' id='word_1_249' title='bbox 519 3106 601 3165; x_wconf 85' lang='lat' dir='ltr'><strong>vidos</strong></span> <span class='ocrx_word' id='word_1_250' title='bbox 625 3102 694 3165; x_wconf 86' lang='lat'><strong>—?</strong></span> <span class='ocrx_word' id='word_1_251' title='bbox 737 3100 832 3165; x_wconf 88' lang='lat' dir='ltr'><strong>Poen.</strong></span> <span class='ocrx_word' id='word_1_252' title='bbox 857 3100 893 3179; x_wconf 88' lang='lat'><strong>1,</strong></span> <span class='ocrx_word' id='word_1_253' title='bbox 917 3104 954 3178; x_wconf 86' lang='lat'><strong>2,</strong></span> <span class='ocrx_word' id='word_1_254' title='bbox 976 3103 1032 3165; x_wconf 76' lang='lat'><strong>46:</strong></span> <span class='ocrx_word' id='word_1_255' title='bbox 1068 3107 1125 3163; x_wconf 90' lang='lat' dir='ltr'><strong>iam</strong></span> <span class='ocrx_word' id='word_1_256' title='bbox 1154 3119 1253 3162; x_wconf 76' lang='lat' dir='ltr'><strong>nonne</strong></span> <span class='ocrx_word' id='word_1_257' title='bbox 1282 3120 1332 3163; x_wconf 90' lang='lat' dir='ltr'><strong>me</strong></span> <span class='ocrx_word' id='word_1_258' title='bbox 1356 3105 1440 3165; x_wconf 77' lang='lat' dir='ltr'><strong>&#39;denti</strong></span> 
     </span>
     <span class='ocr_line' id='line_1_29' title="bbox 292 3196 1440 3281; baseline -0.003 -18"><span class='ocrx_word' id='word_1_259' title='bbox 292 3202 368 3264; x_wconf 85' lang='lat' dir='ltr'><strong>cado</strong></span> <span class='ocrx_word' id='word_1_260' title='bbox 391 3204 496 3264; x_wconf 91' lang='lat' dir='ltr'><strong>donari</strong></span> <span class='ocrx_word' id='word_1_261' title='bbox 518 3204 578 3264; x_wconf 85' lang='lat' dir='ltr'><strong>vini</strong></span> <span class='ocrx_word' id='word_1_262' title='bbox 600 3199 733 3264; x_wconf 77' lang='lat' dir='ltr'><strong>ueteris?</strong></span> <span class='ocrx_word' id='word_1_263' title='bbox 756 3196 817 3278; x_wconf 85' lang='lat' dir='ltr'><strong>(sic</strong></span> <span class='ocrx_word' id='word_1_264' title='bbox 832 3199 942 3263; x_wconf 89' lang='lat' dir='ltr'><strong>Herm.</strong></span> <span class='ocrx_word' id='word_1_265' title='bbox 966 3200 1055 3264; x_wconf 91' lang='lat' dir='ltr'><strong>elem.</strong></span> <span class='ocrx_word' id='word_1_266' title='bbox 1079 3199 1108 3263; x_wconf 91' lang='lat' dir='ltr'><strong>d.</strong></span> <span class='ocrx_word' id='word_1_267' title='bbox 1130 3216 1171 3262; x_wconf 92' lang='lat' dir='ltr'><strong>m.</strong></span> <span class='ocrx_word' id='word_1_268' title='bbox 1194 3216 1226 3278; x_wconf 90' lang='lat' dir='ltr'><strong>p.</strong></span> <span class='ocrx_word' id='word_1_269' title='bbox 1242 3199 1331 3281; x_wconf 82' lang='grc'><em>297).</em></span> <span class='ocrx_word' id='word_1_270' title='bbox 1359 3198 1440 3263; x_wconf 75' lang='lat' dir='ltr'><strong>&#39;l&#39;ruc</strong></span> 
     </span>
     <span class='ocr_line' id='line_1_30' title="bbox 291 3294 1442 3379; baseline -0.002 -18"><span class='ocrx_word' id='word_1_271' title='bbox 291 3296 334 3377; x_wconf 92' lang='grc' dir='ltr'><strong>ΙΙ,</strong></span> <span class='ocrx_word' id='word_1_272' title='bbox 358 3304 387 3379; x_wconf 89' lang='grc'><strong>2,</strong></span> <span class='ocrx_word' id='word_1_273' title='bbox 411 3306 448 3365; x_wconf 82' lang='lat'><strong>2:</strong></span> <span class='ocrx_word' id='word_1_274' title='bbox 472 3319 569 3361; x_wconf 77' lang='lat' dir='ltr'><strong>nonne</strong></span> <span class='ocrx_word' id='word_1_275' title='bbox 591 3320 645 3377; x_wconf 86' lang='lat' dir='ltr'><strong>ego</strong></span> <span class='ocrx_word' id='word_1_276' title='bbox 668 3297 776 3360; x_wconf 83' lang='lat' dir='ltr'><strong>viden?</strong></span> <span class='ocrx_word' id='word_1_277' title='bbox 822 3295 948 3362; x_wconf 83' lang='lat' dir='ltr'><strong>Terent</strong></span> <span class='ocrx_word' id='word_1_278' title='bbox 974 3298 1070 3363; x_wconf 82' lang='lat' dir='ltr'><strong>Andr.</strong></span> <span class='ocrx_word' id='word_1_279' title='bbox 1094 3296 1120 3374; x_wconf 92' lang='lat'><strong>1,</strong></span> <span class='ocrx_word' id='word_1_280' title='bbox 1144 3301 1173 3376; x_wconf 79' lang='lat'><strong>5,</strong></span> <span class='ocrx_word' id='word_1_281' title='bbox 1194 3302 1225 3360; x_wconf 84' lang='lat'><strong>4.</strong></span> <span class='ocrx_word' id='word_1_282' title='bbox 1251 3295 1337 3363; x_wconf 85' lang='lat' dir='ltr'><strong>Eun.</strong></span> <span class='ocrx_word' id='word_1_283' title='bbox 1361 3294 1442 3376; x_wconf 66' lang='lat' dir='ltr'><strong>lli,</strong></span> 
     </span>
     <span class='ocr_line' id='line_1_31' title="bbox 292 3393 1441 3478; baseline -0.013 -13"><span class='ocrx_word' id='word_1_284' title='bbox 292 3405 343 3465; x_wconf 78' lang='lat'><strong>43.</strong></span> <span class='ocrx_word' id='word_1_285' title='bbox 366 3399 422 3478; x_wconf 89' lang='grc' dir='ltr'><strong>Ν,</strong></span> <span class='ocrx_word' id='word_1_286' title='bbox 448 3403 477 3478; x_wconf 80' lang='lat'><strong>5,</strong></span> <span class='ocrx_word' id='word_1_287' title='bbox 504 3404 551 3464; x_wconf 90' lang='lat'><strong>10.</strong></span> <span class='ocrx_word' id='word_1_288' title='bbox 574 3397 701 3463; x_wconf 86' lang='lat' dir='ltr'><strong>Phorm.</strong></span> <span class='ocrx_word' id='word_1_289' title='bbox 725 3395 762 3470; x_wconf 89' lang='lat' dir='ltr'><strong>V,</strong></span> <span class='ocrx_word' id='word_1_290' title='bbox 787 3399 816 3474; x_wconf 88' lang='grc'><em>2,</em></span> <span class='ocrx_word' id='word_1_291' title='bbox 840 3401 874 3460; x_wconf 88' lang='lat'><strong>3:</strong></span> <span class='ocrx_word' id='word_1_292' title='bbox 896 3415 993 3462; x_wconf 73' lang='lat' dir='ltr'><strong>nom</strong></span> <span class='ocrx_word' id='word_1_293' title='bbox 1014 3400 1045 3459; x_wconf 90' lang='lat' dir='ltr'><strong>id</strong></span> <span class='ocrx_word' id='word_1_294' title='bbox 1068 3410 1115 3459; x_wconf 80' lang='lat' dir='ltr'><strong>sat</strong></span> <span class='ocrx_word' id='word_1_295' title='bbox 1136 3404 1218 3471; x_wconf 84' lang='lat' dir='ltr'><strong>arat,</strong></span> <span class='ocrx_word' id='word_1_296' title='bbox 1245 3399 1395 3473; x_wconf 79' lang='lat' dir='ltr'><strong>Accipere</strong></span> <span class='ocrx_word' id='word_1_297' title='bbox 1410 3393 1441 3453; x_wconf 83' lang='lat' dir='ltr'><strong>ab</strong></span> 
     </span>
     <span class='ocr_line' id='line_1_32' title="bbox 292 3487 1440 3576; baseline -0.004 -17"><span class='ocrx_word' id='word_1_298' title='bbox 292 3500 345 3559; x_wconf 89' lang='lat' dir='ltr'><strong>illo</strong></span> <span class='ocrx_word' id='word_1_299' title='bbox 373 3498 535 3561; x_wconf 85' lang='lat' dir='ltr'><strong>iniuriam?</strong></span> <span class='ocrx_word' id='word_1_300' title='bbox 579 3497 657 3563; x_wconf 82' lang='lat' dir='ltr'><strong>Ideo.</strong></span> <span class='ocrx_word' id='word_1_301' title='bbox 687 3494 877 3570; x_wconf 78' lang='lat' dir='ltr'><strong>1v,1,en.</strong></span> <span class='ocrx_word' id='word_1_302' title='bbox 924 3494 957 3560; x_wconf 89' lang='lat' dir='ltr'><strong>Si</strong></span> <span class='ocrx_word' id='word_1_303' title='bbox 991 3495 1136 3576; x_wconf 91' lang='lat' dir='ltr'><strong>procedit</strong></span> <span class='ocrx_word' id='word_1_304' title='bbox 1168 3494 1383 3574; x_wconf 85' lang='lat' dir='ltr'><strong>interrogatio</strong></span> <span class='ocrx_word' id='word_1_305' title='bbox 1408 3487 1440 3553; x_wconf 86' lang='lat' dir='ltr'><strong>ad</strong></span> 
     </span>
     <span class='ocr_line' id='line_1_33' title="bbox 291 3587 1438 3679; baseline -0.008 -20"><span class='ocrx_word' id='word_1_306' title='bbox 291 3594 372 3660; x_wconf 90' lang='lat' dir='ltr'><strong>alias</strong></span> <span class='ocrx_word' id='word_1_307' title='bbox 393 3595 655 3679; x_wconf 83' lang='lat' dir='ltr'><strong>interrogationis</strong></span> <span class='ocrx_word' id='word_1_308' title='bbox 676 3596 797 3676; x_wconf 83' lang='lat' dir='ltr'><strong>partes,</strong></span> <span class='ocrx_word' id='word_1_309' title='bbox 820 3590 853 3656; x_wconf 94' lang='lat' dir='ltr'><strong>in</strong></span> <span class='ocrx_word' id='word_1_310' title='bbox 875 3591 925 3658; x_wconf 91' lang='lat' dir='ltr'><strong>his</strong></span> <span class='ocrx_word' id='word_1_311' title='bbox 946 3593 1076 3673; x_wconf 88' lang='lat' dir='ltr'><strong>ponitur</strong></span> <span class='ocrx_word' id='word_1_312' title='bbox 1098 3611 1167 3656; x_wconf 77' lang='lat' dir='ltr'><strong>noa.</strong></span> <span class='ocrx_word' id='word_1_313' title='bbox 1202 3589 1311 3656; x_wconf 80' lang='lat' dir='ltr'><strong>Plani.</strong></span> <span class='ocrx_word' id='word_1_314' title='bbox 1338 3587 1438 3670; x_wconf 80' lang='lat' dir='ltr'><strong>Amph.</strong></span> 
     </span>
     <span class='ocr_line' id='line_1_34' title="bbox 291 3691 557 3775; baseline 0.011 -19"><span class='ocrx_word' id='word_1_315' title='bbox 291 3691 557 3775; x_wconf 77' lang='lat' dir='ltr'><strong>1,1,250sq.:</strong></span> 
     </span>
    </p>

    <p class='ocr_par' dir='ltr' id='par_1_7' title="bbox 333 3792 1408 4068">
     <span class='ocr_line' id='line_1_35' title="bbox 335 3792 1408 3871; baseline -0.004 -17"><span class='ocrx_word' id='word_1_316' title='bbox 335 3793 444 3855; x_wconf 76' lang='lat' dir='ltr'><strong>Nonae</strong></span> <span class='ocrx_word' id='word_1_317' title='bbox 466 3812 521 3871; x_wconf 88' lang='lat' dir='ltr'><strong>ego</strong></span> <span class='ocrx_word' id='word_1_318' title='bbox 549 3812 626 3855; x_wconf 89' lang='lat' dir='ltr'><strong>nnuc</strong></span> <span class='ocrx_word' id='word_1_319' title='bbox 655 3802 701 3855; x_wconf 91' lang='lat' dir='ltr'><strong>sto</strong></span> <span class='ocrx_word' id='word_1_320' title='bbox 724 3803 794 3855; x_wconf 87' lang='lat' dir='ltr'><strong>ante</strong></span> <span class='ocrx_word' id='word_1_321' title='bbox 819 3796 906 3856; x_wconf 80' lang='lat' dir='ltr'><strong>aedis</strong></span> <span class='ocrx_word' id='word_1_322' title='bbox 928 3792 1069 3856; x_wconf 81' lang='lat' dir='ltr'><strong>nostras?</strong></span> <span class='ocrx_word' id='word_1_323' title='bbox 1104 3809 1166 3853; x_wconf 76' lang='lat' dir='ltr'><strong>aon</strong></span> <span class='ocrx_word' id='word_1_324' title='bbox 1195 3793 1268 3853; x_wconf 88' lang='lat' dir='ltr'><strong>mist</strong></span> <span class='ocrx_word' id='word_1_325' title='bbox 1290 3793 1408 3852; x_wconf 76' lang='lat' dir='ltr'><strong>laterna</strong></span> 
     </span>
     <span class='ocr_line' id='line_1_36' title="bbox 948 3891 1112 3953; baseline -0.012 -1"><span class='ocrx_word' id='word_1_326' title='bbox 948 3896 980 3953; x_wconf 92' lang='lat' dir='ltr'><strong>in</strong></span> <span class='ocrx_word' id='word_1_327' title='bbox 1002 3891 1112 3953; x_wconf 77' lang='lat' dir='ltr'><strong>manui</strong></span> 
     </span>
     <span class='ocr_line' id='line_1_37' title="bbox 333 3988 1398 4068; baseline 0.003 -18"><span class='ocrx_word' id='word_1_328' title='bbox 333 3991 405 4050; x_wconf 82' lang='lat' dir='ltr'><strong>Noa</strong></span> <span class='ocrx_word' id='word_1_329' title='bbox 426 3988 557 4068; x_wconf 78' lang='lat' dir='ltr'><strong>loquor?</strong></span> <span class='ocrx_word' id='word_1_330' title='bbox 577 4008 639 4052; x_wconf 75' lang='lat' dir='ltr'><strong>nort</strong></span> <span class='ocrx_word' id='word_1_331' title='bbox 659 3989 770 4068; x_wconf 74' lang='lat' dir='ltr'><strong>vigilo?</strong></span> <span class='ocrx_word' id='word_1_332' title='bbox 792 4009 853 4051; x_wconf 75' lang='lat' dir='ltr'><strong>soa</strong></span> <span class='ocrx_word' id='word_1_333' title='bbox 874 3993 924 4052; x_wconf 89' lang='lat' dir='ltr'><strong>bic</strong></span> <span class='ocrx_word' id='word_1_334' title='bbox 947 3994 1034 4054; x_wconf 91' lang='lat' dir='ltr'><strong>bomo</strong></span> <span class='ocrx_word' id='word_1_335' title='bbox 1056 4008 1102 4051; x_wconf 87' lang='lat' dir='ltr'><strong>me</strong></span> <span class='ocrx_word' id='word_1_336' title='bbox 1116 3992 1224 4066; x_wconf 81' lang='lat' dir='ltr'><strong>pognia</strong></span> <span class='ocrx_word' id='word_1_337' title='bbox 1240 3990 1398 4053; x_wconf 82' lang='lat' dir='ltr'><strong>contudit?</strong></span> 
     </span>
    </p>

    <p class='ocr_par' dir='ltr' id='par_1_8' title="bbox 289 4085 1441 4466">
     <span class='ocr_line' id='line_1_38' title="bbox 379 4085 1441 4170; baseline -0.006 -17"><span class='ocrx_word' id='word_1_338' title='bbox 379 4093 429 4153; x_wconf 88' lang='grc'><strong>20.</strong></span> <span class='ocrx_word' id='word_1_339' title='bbox 473 4090 524 4155; x_wconf 92' lang='lat' dir='ltr'><strong>De</strong></span> <span class='ocrx_word' id='word_1_340' title='bbox 551 4107 625 4152; x_wconf 72' lang='lat' dir='ltr'><strong>aeae</strong></span> <span class='ocrx_word' id='word_1_341' title='bbox 654 4088 833 4170; x_wconf 89' lang='lat' dir='ltr'><strong>particulae</strong></span> <span class='ocrx_word' id='word_1_342' title='bbox 865 4087 1097 4170; x_wconf 84' lang='lat' dir='ltr'><strong>significatione</strong></span> <span class='ocrx_word' id='word_1_343' title='bbox 1130 4088 1281 4167; x_wconf 84' lang='lat' dir='ltr'><strong>exposuit</strong></span> <span class='ocrx_word' id='word_1_344' title='bbox 1307 4085 1441 4153; x_wconf 84' lang='lat' dir='ltr'><strong>Handius</strong></span> 
     </span>
     <span class='ocr_line' id='line_1_39' title="bbox 289 4184 1440 4271; baseline 0 -22"><span class='ocrx_word' id='word_1_345' title='bbox 289 4185 346 4265; x_wconf 85' lang='lat' dir='ltr'><strong>lv,</strong></span> <span class='ocrx_word' id='word_1_346' title='bbox 369 4205 399 4268; x_wconf 86' lang='lat' dir='ltr'><strong>p.</strong></span> <span class='ocrx_word' id='word_1_347' title='bbox 429 4192 491 4252; x_wconf 80' lang='lat'><strong>315</strong></span> <span class='ocrx_word' id='word_1_348' title='bbox 520 4202 604 4266; x_wconf 65' lang='lat' dir='ltr'><strong>sqq„</strong></span> <span class='ocrx_word' id='word_1_349' title='bbox 646 4203 782 4267; x_wconf 86' lang='lat' dir='ltr'><strong>quornm</strong></span> <span class='ocrx_word' id='word_1_350' title='bbox 820 4204 945 4252; x_wconf 86' lang='lat' dir='ltr'><strong>summa</strong></span> <span class='ocrx_word' id='word_1_351' title='bbox 966 4186 1066 4271; x_wconf 38' lang='lat' dir='ltr'><strong>,naec</strong></span> <span class='ocrx_word' id='word_1_352' title='bbox 1098 4191 1157 4250; x_wconf 87' lang='lat' dir='ltr'><strong>est</strong></span> <span class='ocrx_word' id='word_1_353' title='bbox 1213 4184 1358 4251; x_wconf 86' lang='lat' dir='ltr'><strong>Primum</strong></span> <span class='ocrx_word' id='word_1_354' title='bbox 1390 4198 1440 4249; x_wconf 81' lang='lat' dir='ltr'><strong>neu</strong></span> 
     </span>
     <span class='ocr_line' id='line_1_40' title="bbox 292 4280 1440 4368; baseline -0.003 -21"><span class='ocrx_word' id='word_1_355' title='bbox 292 4285 420 4349; x_wconf 91' lang='lat' dir='ltr'><strong>omniuo</strong></span> <span class='ocrx_word' id='word_1_356' title='bbox 443 4302 553 4348; x_wconf 82' lang='lat' dir='ltr'><strong>verum</strong></span> <span class='ocrx_word' id='word_1_357' title='bbox 577 4292 629 4348; x_wconf 88' lang='lat' dir='ltr'><strong>est</strong></span> <span class='ocrx_word' id='word_1_358' title='bbox 651 4286 735 4365; x_wconf 86' lang='lat' dir='ltr'><strong>quod</strong></span> <span class='ocrx_word' id='word_1_359' title='bbox 752 4286 849 4368; x_wconf 88' lang='lat' dir='ltr'><strong>vulgo</strong></span> <span class='ocrx_word' id='word_1_360' title='bbox 873 4284 1113 4366; x_wconf 83' lang='lat' dir='ltr'><strong>praescribitur,</strong></span> <span class='ocrx_word' id='word_1_361' title='bbox 1134 4303 1208 4346; x_wconf 73' lang='lat' dir='ltr'><strong>aas·</strong></span> <span class='ocrx_word' id='word_1_362' title='bbox 1222 4301 1287 4348; x_wconf 92' lang='lat' dir='ltr'><strong>non</strong></span> <span class='ocrx_word' id='word_1_363' title='bbox 1302 4285 1377 4365; x_wconf 91' lang='lat' dir='ltr'><strong>poni</strong></span> <span class='ocrx_word' id='word_1_364' title='bbox 1390 4280 1440 4347; x_wconf 85' lang='lat' dir='ltr'><strong>ruisi</strong></span> 
     </span>
     <span class='ocr_line' id='line_1_41' title="bbox 289 4380 1439 4466; baseline -0.003 -20"><span class='ocrx_word' id='word_1_365' title='bbox 289 4382 549 4463; x_wconf 86' lang='lat' dir='ltr'><strong>respondendum</strong></span> <span class='ocrx_word' id='word_1_366' title='bbox 579 4385 624 4449; x_wconf 88' lang='lat' dir='ltr'><strong>sit</strong></span> <span class='ocrx_word' id='word_1_367' title='bbox 645 4385 802 4465; x_wconf 87' lang='lat' dir='ltr'><strong>negando.</strong></span> <span class='ocrx_word' id='word_1_368' title='bbox 846 4384 942 4466; x_wconf 77' lang='lat' dir='ltr'><strong>Apud</strong></span> <span class='ocrx_word' id='word_1_369' title='bbox 970 4384 1155 4448; x_wconf 86' lang='lat' dir='ltr'><strong>Terentium</strong></span> <span class='ocrx_word' id='word_1_370' title='bbox 1191 4384 1290 4459; x_wconf 89' lang='lat' dir='ltr'><strong>enim,</strong></span> <span class='ocrx_word' id='word_1_371' title='bbox 1327 4388 1362 4447; x_wconf 88' lang='lat' dir='ltr'><strong>ut</strong></span> <span class='ocrx_word' id='word_1_372' title='bbox 1391 4380 1439 4444; x_wconf 85' lang='lat' dir='ltr'><strong>boo</strong></span> 
     </span>
    </p>
   </div>
   <div class='ocr_carea' id='block_1_3' title="bbox 0 0 1570 5075">
    <p class='ocr_par' dir='ltr' id='par_1_9' title="bbox 0 0 1570 5075">
     <span class='ocr_line' id='line_1_42' title="bbox 0 0 1570 5075; baseline 0 0"><span class='ocrx_word' id='word_1_373' title='bbox 0 0 1570 5075; x_wconf 95' lang='lat' dir='ltr'><strong> </strong></span> 
     </span>
    </p>
   </div>
  </div>
 </body>
</html>
