3125 5075
572 367 721 410 bochonia
735 368 970 409 raamcuhaauit.
1293 376 1356 436 313

195 550 308 621 gnatae
331 562 418 620 quem
441 564 589 621 uunquam
613 549 702 624 siem,
732 544 846 608 vocula
874 544 902 607 si
932 542 1111 623 eleganter,
1138 542 1197 622 ait,
1227 542 1355 608 omissa.

197 639 430 721 divulgatam
453 647 673 722 procuderet
695 642 832 723 positam
856 646 967 705 tuetur
991 640 1109 706 Acidal.
1133 640 1228 705 divin.
1252 640 1356 704 Plaut.

196 736 240 802 ad
262 737 437 804 Trinumm.
461 758 492 820 p.
516 741 608 804 511.“
635 740 779 806 Alterum
802 738 981 818 exemplum
1010 742 1060 802 eet
1083 737 1148 802 Mil.
1176 738 1226 816 ΙΙ,
1256 741 1292 815 6,
1324 742 1358 803 2:

196 835 277 898 Plus
308 845 396 898 curat
426 840 516 912 quom
549 857 607 900 non
641 842 816 901 servitutem
851 838 992 915 sarmati,
1027 836 1068 901 ad
1096 853 1126 916 q.
1154 835 1175 900 l.
1198 835 1355 900 Lindem:

196 936 332 1012 „Quoad
354 935 440 1014 quod
462 935 633 1015 legendum
656 954 727 1001 esse
742 953 800 1016 pro
823 933 954 1016 vulgato
977 953 1065 1009 quom
1087 938 1115 997 ei
1137 951 1249 997 versus
1266 950 1356 1014 prae·

197 1030 278 1112 cipit
300 1029 443 1111 viditque
462 1032 635 1109 Acidaliae,
651 1038 725 1115 post
741 1032 991 1114 comparativum
1008 1032 1104 1097 etiam
1121 1032 1224 1097 locum
1241 1030 1359 1096 babere

197 1126 261 1192 hoc
288 1128 468 1209 exemplum
498 1147 562 1194 uon
585 1130 717 1196 dubium
747 1130 921 1196 ostendit.“
957 1130 1184 1194 Numeralibus
1214 1128 1357 1193 additum

197 1223 361 1307 significat
391 1228 471 1307 scre,
504 1232 631 1292 circiter
677 1228 729 1294 Sic
757 1229 852 1293 Most.
881 1228 944 1306 111,
983 1234 1013 1307 1,
1050 1233 1105 1292 95:
1141 1231 1236 1289 Huice
1269 1229 1360 1288 debet

198 1326 394 1388 Philolaches
429 1358 469 1370 —
497 1328 594 1403 Quasi
626 1328 824 1405 qnadraginta
857 1330 963 1402 minae,
996 1344 1026 1389 v.
1061 1325 1192 1389 Taubm.
1229 1325 1357 1388 Terent.

197 1421 316 1487 licant
339 1420 372 1500 1,
398 1428 432 1502 1,
457 1428 531 1489 194:
555 1427 721 1487 mercedem
744 1428 832 1500 quom
853 1428 970 1486 talenta
999 1425 1036 1485 ad
1063 1426 1229 1497 qaindecim
1257 1425 1358 1499 coegi,

197 1518 240 1584 ad
263 1535 294 1599 q.
317 1519 339 1584 l
362 1520 434 1585 vide
456 1520 582 1585 Ruhnk.
626 1521 698 1586 Non
721 1521 893 1587 obliterata
916 1519 1147 1603 significatione
1161 1537 1191 1582 v.
1215 1524 1251 1597 ei,
1276 1536 1357 1599 quae

197 1617 233 1681 in
254 1620 344 1692 quad
364 1617 559 1697 continetur,
589 1619 746 1684 seditem
771 1637 831 1700 per
859 1623 1055 1686 contractam
1085 1619 1261 1684 orationem
1291 1617 1359 1680 siva

199 1713 327 1795 ellipsin
357 1715 475 1780 dicitur
503 1716 599 1781 etiam
626 1721 714 1791 orma
741 1721 779 1780 ei.
832 1718 884 1783 Sic
904 1716 1009 1782 Plaut.
1036 1715 1147 1796 Amph.
1171 1715 1210 1794 V,
1242 1720 1275 1792 l,
1300 1717 1358 1777 26:

197 1817 269 1877 idon
291 1832 379 1878 eecce
399 1825 448 1876 eet
470 1817 558 1888 ouem
578 1817 606 1875 ei
628 1815 666 1877 ab
687 1820 861 1878 Acherunte
884 1820 1018 1894 veniam,
1046 1815 1087 1879 ad
1109 1832 1138 1894 q.
1161 1813 1181 1877 l.
1197 1811 1359 1877 Lindem:

199 1913 317 1991 „Quae
337 1914 365 1973 ai
385 1909 500 1976 Plauto
523 1912 674 1977 usitatius
701 1918 750 1978 est
773 1909 884 1994 [quam
906 1933 996 1988 quom
1017 1910 1057 1994 ei]
1082 1918 1156 1994 poet
1176 1929 1226 1976 vv.
1258 1929 1359 1989 oeque,

196 2027 295 2087 exue,
318 2007 442 2074 similia.
487 2009 629 2074 Eandem
654 2008 824 2075 formulam
855 2012 951 2076 etiam
980 2011 1056 2075 alibi
1087 2010 1200 2074 Plauto
1227 2009 1358 2074 restitu-

198 2107 315 2172 endam
344 2115 463 2187 putem.
513 2106 551 2171 ln
574 2126 637 2189 qua
665 2108 800 2174 iormula
826 2128 856 2172 v.
877 2114 965 2184 quaa
995 2127 1052 2189 pro
1083 2114 1224 2183 anonam
1253 2106 1355 2187 accipi

198 2213 349 2287 coeptum
378 2209 444 2281 est,
475 2207 739 2285 quemadmodum
762 2207 920 2287 particula
949 2210 1025 2283 mei,
1055 2206 1202 2285 neglecta
1229 2209 1256 2267 ei
1286 2223 1360 2269 con-

197 2302 371 2380 iunctione,
394 2302 584 2368 exclusionis
599 2308 724 2369 tantum
740 2305 803 2368 vim
827 2304 966 2368 retinuit.
984 2321 1047 2384 qua
1068 2305 1110 2368 de
1126 2320 1223 2367 causa
1236 2306 1358 2383 postea,

197 2400 255 2465 nbi
277 2400 499 2466 coniunctione
521 2418 603 2482 opus
626 2408 727 2481 esset,
754 2403 909 2466 eideuuo
936 2402 1110 2467 additum.“
1144 2403 1231 2467 Asin.
1261 2400 1299 2478 V,
1331 2406 1359 2478 1,

200 2503 258 2563 ll:
282 2503 387 2561 Putem
410 2518 465 2575 ego
487 2518 574 2576 quem
597 2502 711 2564 videam
735 2520 802 2564 esse
830 2512 993 2576 maestum,
1020 2503 1108 2575 quom
1135 2502 1199 2562 dica
1226 2503 1254 2562 ei
1281 2501 1363 2561 dicta

200 2599 262 2660 eit?
294 2595 367 2660 (las.
383 2594 463 2681 prol.
480 2616 509 2661 v.
528 2602 583 2661 46:
607 2602 744 2677 Qooeim
764 2612 847 2662 esset
861 2622 900 2663 cx
922 2620 954 2663 ae
971 2608 1050 2675 nem,
1074 2619 1132 2662 non
1156 2601 1248 2659 multo
1264 2617 1359 2660 secus.

284 2696 411 2773 Qeidm
440 2696 608 2777 restringit
635 2714 736 2777 eoque
764 2698 901 2763 intendit
929 2700 1090 2763 notionem
1118 2694 1358 2761 enunciatlouis.

196 2790 350 2873 Inprimis
371 2791 559 2873 frequenter
587 2795 773 2876 adiungitur
796 2797 1050 2877 pronominibus,
1074 2795 1208 2858 maxime
1231 2792 1360 2857 demon-

196 2891 358 2968 strativis,
380 2892 437 2956 sed
453 2893 550 2956 etiam
563 2894 855 2975 coniunctionibus,
879 2900 916 2959 ut
937 2914 1012 2973 arm,
1035 2900 1078 2964 ert,
1101 2896 1138 2971 ei,
1155 2892 1224 2954 niel.
1257 2889 1361 2956 Maior

197 2989 249 3055 vie
270 2988 402 3053 additur
423 2990 602 3071 particulae
623 2991 772 3072 apposito
794 2999 887 3054 certe:
915 2993 1052 3079 denique
1074 2993 1170 3056 etiam
1194 2991 1359 3064 etquidem

196 3086 318 3153 dicitnr
347 3087 390 3152 ad
425 3105 521 3153 unam
551 3087 711 3154 notionem
744 3089 981 3154 intendendam.
1032 3109 1061 3153 v.
1091 3089 1210 3168 Reisig.
1238 3106 1268 3168 p.
1295 3092 1360 3152 454

197 3184 308 3266 ibique
330 3184 428 3251 Haaa
451 3187 558 3252 adnot
582 3193 655 3254 429.
700 3188 805 3252 Plaut.
827 3186 942 3267 Amph.
966 3186 992 3265 i,
1020 3194 1046 3262 l,
1067 3190 1143 3250 261:
1168 3189 1225 3247 Hic
1240 3186 1359 3258 widem

199 3289 278 3347 ccede
299 3302 377 3360 quea
399 3288 446 3348 llli
468 3293 540 3349 eunt
560 3305 610 3348 ree
632 3295 734 3364 gestae
757 3296 903 3350 memorat
925 3287 1108 3348 memoriter.
1152 3281 1245 3362 Epid.
1268 3279 1312 3360 ΙΙ,
1328 3286 1358 3360 2,

199 3386 256 3447 ld:
289 3384 367 3444 liam
395 3383 447 3445 illc
474 3384 591 3458 oeddm
617 3394 669 3447 aut
695 3388 753 3447 iem
782 3387 831 3446 bic
861 3386 974 3463 ederit,
1001 3385 1077 3447 cett.
1101 3378 1167 3445 Mil.
1192 3378 1237 3457 ΙΙ,
1262 3388 1297 3450 4,
1320 3383 1356 3443 9:

197 3482 255 3543 Eri
276 3482 475 3543 concubinaet
496 3482 569 3544 boec
590 3482 716 3556 paidom
753 3481 810 3562 lv,
831 3485 861 3562 6,
880 3486 932 3546 68:
955 3484 1123 3543 Nauclerue
1138 3481 1187 3539 llic
1201 3479 1356 3553 dommac.

199 3576 300 3643 Pocn·
323 3575 364 3656 V,
386 3576 417 3648 d,
439 3583 498 3643 29:
527 3582 589 3641 Iam
612 3584 662 3642 diu
690 3583 799 3656 edepol
822 3590 903 3643 tuem
933 3582 1112 3642 sententiam
1140 3579 1212 3638 boec
1240 3577 1359 3652 quidm

197 3678 331 3739 maaet.
376 3675 505 3741 Terent.
528 3675 645 3743 Heaut·
668 3677 731 3756 ΙΙΙ,
755 3683 786 3758 3,
810 3682 846 3742 5:
868 3682 963 3741 letaoc
990 3678 1108 3752 gradem
1137 3676 1356 3738 contumeliast

196 3772 334 3855 adelph
357 3772 423 3855 ΙΙΙ,
450 3784 488 3855 4,
514 3779 569 3842 23:
596 3794 666 3839 nam
689 3780 744 3839 boc
764 3780 882 3853 quidem
910 3777 1067 3840 ieruudunr
1099 3777 1200 3850 atiquo
1228 3776 1356 3837 modost.

196 3870 304 3938 Pleua
327 3868 419 3953 θερί,
440 3872 489 3953 ΙΙ,
513 3879 543 3953 2,
567 3879 624 3938 b‘l:
647 3879 693 3938 Et
712 3878 831 3951 quidm
853 3879 879 3940 ei
901 3877 1027 3953 proinde
1052 3882 1085 3934 ut
1107 3878 1172 3950 ipae
1195 3873 1238 3934 ini
1261 3875 1354 3948 impe-

195 3980 283 4035 neor
303 3972 435 4034 familiae
459 3970 594 4035 Habeam
618 3976 782 4049 dominum,
811 3982 869 4036 nori
898 3993 1004 4036 verear
1034 3976 1108 4038 cett
1154 3968 1233 4035 cist.
1264 3967 1295 4048 Ι,
1329 3975 1356 4048 Ι,

195 4072 254 4136 bil:
275 4072 349 4131 Nisi
368 4073 487 4144 quidm
508 4090 574 4132 cnm
598 4074 838 4146 Alcesimarcho,
868 4076 998 4134 nemine.
1042 4071 1128 4135 Triu.
1157 4067 1206 4138 ΙΙ,
1231 4074 1267 4147 4,
1297 4072 1354 4131 28:

197 4170 240 4231 Ut
259 4169 379 4243 quidm
399 4172 469 4230 ttlut
489 4173 630 4246 perierit,
657 4169 699 4233 ad
727 4187 757 4250 q.
786 4169 807 4233 l.
837 4170 992 4246 Lindem:
1024 4166 1209 4248 ,Particula
1239 4168 1358 4242 qam

197 4280 296 4347 saepe
318 4282 390 4331 cum
414 4265 551 4346 quadarn
574 4267 677 4332 ironia
699 4269 935 4338 casamentis,
963 4286 1027 4348 qua
1048 4269 1175 4336 ailoe,
1203 4268 1356 4334 mrem,

196 4364 360 4446 ponitur.“
383 4365 525 4430 Licinius
549 4364 678 4430 Imbrex
697 4365 826 4431 Neaera
852 4384 882 4429 v.
912 4370 948 4428 2:
980 4367 1054 4429 Oen·
1080 4367 1198 4440 quidem
1226 4366 1356 4431 hlerorti
