3125 5075
285 360 346 421 156
712 351 840 392 vnnauu.
868 350 930 391 cnr.
946 349 994 390 xa.
1091 327 1095 334 “

283 538 318 606 C.
341 544 399 604 48:
422 544 467 601 ati
490 543 592 603 subtus
615 543 702 602 homo
725 544 878 603 ambulare
903 541 1017 615 possit,
1046 538 1147 611 facito.
1195 531 1232 597 0.
1258 537 1316 599 69:
1343 536 1441 595 llicitc

283 647 318 700 ot
338 658 486 701 amurcam
510 641 641 713 quotidie
663 641 809 713 suppleas.
841 637 876 701 C.
900 642 956 701 70:
980 637 1097 712 Bosquo
1121 635 1204 709 ipsus
1228 642 1262 692 et
1285 634 1338 708 qui
1354 634 1440 704 dabit

283 739 375 811 facito
397 742 431 798 ot
452 746 576 812 uterque
600 738 768 796 sublimiter
790 743 873 799 stem.
907 734 940 798 (l.
965 738 1020 800 85:
1043 734 1134 806 facito
1156 735 1193 791 ul
1213 733 1294 791 bene
1318 729 1440 790 mm

284 832 318 900 C.
346 839 420 897 151:
444 835 534 906 sumto
556 836 602 893 uti
623 851 727 908 aquam
750 835 855 897 olidos.
886 833 950 898 lb.:
973 834 1064 905 sumto
1086 832 1132 891 uti
1154 832 1191 890 ab
1208 831 1314 889 herbis
1327 843 1442 902 puroet

282 930 386 996 Plaut.
411 931 523 1011 Amph.
546 929 624 1010 prol.
649 949 678 992 v.
704 936 753 994 55.
777 930 809 1006 Ι,
836 937 868 1006 1,
897 934 970 993 142:
1001 947 1077 990 nunc
1099 934 1268 1003 propteroa
1296 928 1378 1001 qnod
1400 942 1442 984 me

284 1049 366 1092 meus
390 1049 459 1091 erus
477 1031 561 1089 Fecit
580 1035 614 1089 ot
633 1031 799 1104 aipitorcm,
824 1034 871 1090 hic
888 1031 994 1105 pugnis
1009 1026 1101 1100 societ
1122 1028 1209 1085 hodie
1224 1026 1273 1084 uti
1287 1025 1441 1083 domm

283 1145 313 1190 v.
341 1131 407 1190 189.
432 1144 460 1188 v.
478 1129 556 1191 276:
570 1129 734 1187 Factumst
757 1131 833 1196 illut,
856 1133 890 1187 ot
911 1144 965 1201 ego
988 1128 1050 1185 illic
1073 1126 1132 1183 vini
1148 1125 1287 1183 hirneam
1304 1122 1442 1181 οὺὶὺσήπ

285 1228 369 1286 meri.
414 1223 438 1293 Ι,
462 1228 490 1297 2,
515 1228 565 1287 33.
591 1228 618 1294 3,
643 1229 697 1286 ol:
721 1228 817 1285 Tanto
840 1228 956 1285 brevior
980 1226 1043 1283 dies
1064 1227 1100 1280 ut
1120 1223 1176 1293 pat
1197 1221 1324 1292 facicm.
1356 1216 1399 1293 ΙΙ,
1420 1222 1441 1292 Ι,

285 1325 343 1385 66:
374 1326 498 1383 Praeter
524 1341 571 1382 me
598 1326 722 1382 alterum
754 1356 795 1364 —
824 1323 936 1394 faciam
963 1326 997 1380 ut
1020 1319 1151 1394 offendas
1181 1320 1273 1379 domi.
1314 1313 1393 1391 -ΙΙΙ,
1420 1318 1442 1387 1,

287 1423 325 1482 16
342 1436 424 1497 sqq:
448 1422 519 1480 Post
541 1422 631 1496 igitur
654 1422 768 1479 demum
793 1421 906 1491 sociam
928 1416 987 1494 [ut]
1011 1435 1059 1477 res
1081 1418 1136 1489 pac
1157 1418 1257 1491 palam
1276 1414 1380 1489 Atque
1396 1414 1443 1473 at-

285 1533 429 1578 cumenae
455 1518 485 1575 in
518 1528 651 1591 tempore
676 1519 816 1577 auxilinm
843 1520 941 1588 taam
965 1518 1146 1590 o'aciamque
1177 1516 1212 1572 ut
1234 1531 1295 1573 uno
1319 1511 1385 1570 latu
1406 1539 1442 1549 -

281 1618 395 1689 pariat.
443 1619 471 1687 3,
496 1617 536 1676 23
553 1631 613 1691 sq:
648 1617 711 1675 Fac
738 1616 983 1689 Amphitruonem
1013 1616 1070 1671 iam
1100 1612 1311 1670 advenientem
1341 1640 1384 1650 -
1408 1608 1444 1667 Ut

286 1714 398 1785 adipes.
443 1717 479 1786 4,
506 1714 560 1773 18:
597 1713 709 1782 taciem
736 1716 771 1772 ot
799 1714 839 1772 sit
866 1713 999 1770 madidus
1029 1712 1154 1770 sobrius.
1202 1703 1239 1781 V,
1270 1712 1296 1781 Ι,
1321 1709 1382 1768 33;
1407 1710 1443 1764 At

286 1827 341 1883 ego
368 1810 481 1880 sociam
502 1818 534 1868 tu
558 1810 634 1870 idem
651 1815 685 1869 ot
706 1812 795 1870 aliter
815 1809 977 1882 praedices.
1022 1806 1109 1868 Asin.
1134 1804 1157 1876 Ι,
1184 1809 1211 1880 l,
1238 1806 1294 1865 13:
1325 1813 1359 1863 ut
1383 1806 1443 1876 ipse

286 1908 386 1980 scibo,
414 1915 444 1964 te
473 1906 586 1977 faciam
614 1913 649 1966 at
668 1909 754 1967 setas.
801 1923 828 1968 v.
853 1911 909 1967 77:
934 1908 1012 1964 Face
1033 1907 1063 1962 id
1093 1909 1127 1962 ut
1153 1912 1293 1977 paratum
1316 1903 1376 1960 inm
1399 1901 1441 1959 at.

286 2006 315 2075 2,
342 2006 395 2064 14:
430 2004 493 2077 Ego
522 2007 628 2079 edepol
659 2016 688 2064 te
719 2005 830 2077 sociam
857 2010 891 2064 ut
916 2022 991 2079 quae
1019 2004 1060 2061 sis
1091 2018 1168 2060 auno
1190 2008 1222 2059 et
1244 2016 1325 2074 quaa
1349 1997 1440 2057 fueris

283 2101 370 2160 com.
418 2102 480 2174 ΙΙΙ,
505 2104 534 2177 3,
560 2107 632 2164 149;
657 2104 739 2161 Haec
762 2103 851 2174 faciet
874 2102 961 2161 facile
984 2105 1018 2158 ut
1037 2099 1147 2172 potino.
1181 2096 1251 2158 Aul.
1278 2094 1322 2171 ΙΙ,
1339 2099 1371 2171 2,
1388 2097 1440 2155 ta:

285 2200 357 2257 iliud
386 2198 493 2272 foedo,
528 2204 562 2259 ut
588 2201 764 2259 naemtnats.
811 2197 901 2276 Gapt.
934 2196 1012 2276 prol.
1043 2213 1068 2256 v.
1098 2200 1154 2257 65:
1187 2213 1242 2269 ego
1271 2194 1387 2266 facicm
1413 2196 1443 2251 at

284 2312 410 2369 pugnam
433 2297 572 2369 inspectet
594 2316 649 2356 non
675 2298 791 2359 bonam.
839 2295 892 2370 ΙΙΙ,
917 2301 945 2368 5,
971 2299 1028 2354 31ε
1059 2295 1162 2354 liicito
1192 2310 1263 2365 ergo
1289 2296 1324 2351 ut
1346 2293 1442 2350 Ache·

285 2395 364 2452 ruuti
387 2394 482 2453 clucaa
504 2396 608 2468 gloria.
655 2390 726 2454 Cae.
750 2393 793 2470 ΙΙ,
822 2399 845 2470 Ι,
873 2399 926 2455 ll:
951 2395 1072 2453 Faciam
1093 2397 1142 2464 ut,
1172 2391 1301 2465 proinde
1326 2396 1374 2449 est
1402 2390 1442 2446 di·

285 2507 376 2564 guas,
401 2494 490 2551 vitam
514 2492 591 2552 colat
617 2489 675 2558 (sic
699 2490 820 2553 Ioudcw.
845 2491 884 2554 de
909 2489 978 2554 Cas.
1003 2508 1031 2569 p.
1061 2496 1138 2552 1337.
1174 2485 1251 2550 cist.
1276 2484 1311 2561 Ι,
1341 2492 1366 2554 Ι,
1390 2489 1441 2547 64:

289 2589 412 2660 Ibidem,
436 2591 512 2648 uude
536 2592 640 2656 oritur,
663 2592 752 2661 fulcito
774 2597 809 2649 nt
823 2594 919 2662 socias
935 2593 1089 2650 stultitiam
1107 2588 1303 2661 sepelibilem.
1330 2582 1440 2647 Bacch.

283 2682 329 2757 ΙΙ,
353 2689 380 2758 3,
404 2691 461 2749 94:
491 2688 595 2746 Facito
620 2694 653 2748 ut
667 2691 834 2748 memineris
850 2689 938 2748 terre.
972 2685 1007 2751 V,
1025 2691 1052 2756 2,
1070 2690 1126 2747 34:
1151 2686 1256 2744 Facito
1281 2694 1316 2741 ut
1338 2682 1440 2741 facias.

286 2778 371 2842 Men
404 2782 440 2847 V,
466 2786 501 2857 5,
525 2790 580 2846 45:
610 2787 654 2844 Ad
684 2807 728 2846 nne
758 2788 823 2857 foce
850 2788 895 2844 uti
921 2786 1083 2856 deseratur.
1129 2780 1226 2843 Mcrc.
1257 2778 1323 2844 ΙΙΙ,
1348 2787 1385 2854 3,
1409 2786 1440 2840 4:

287 2879 378 2938 tacito
402 2890 434 2938 at
457 2885 579 2955 cogites.
626 2881 739 2944 Pseml.
765 2882 789 2957 Ι,
815 2887 843 2958 2,
866 2889 920 2944 44:
954 2884 1054 2943 llicite
1082 2886 1121 2940 mi
1146 2882 1232 2944 hodie
1259 2883 1296 2937 ut
1319 2896 1440 2937 manera

285 2979 378 3035 urulta
414 2980 470 3038 huc
505 2981 540 3036 ab
571 2983 751 3041 amatoribus
781 2982 961 3042 concoeniant.
1008 2998 1036 3038 u.
1066 2984 1120 3039 ld:
1154 2979 1218 3050 soce
1244 2981 1279 3037 ut
1313 2981 1440 3036 animum

285 3074 431 3136 advortas.
478 3092 506 3138 v,
533 3081 585 3138 79:
613 3082 653 3135 'lo
679 3083 771 3152 ipsam
797 3082 893 3138 culleo
917 3097 971 3151 ego
1000 3094 1066 3136 cras
1089 3076 1199 3147 sociam
1226 3081 1259 3136 ut
1281 3076 1439 3149 deporore.

283 3177 312 3245 o,
342 3176 414 3234 100·Ι
440 3177 544 3234 Facito
568 3186 599 3233 at
622 3178 800 3234 meminerim
842 3174 896 3251 IV,
925 3181 950 3243 Ι,
976 3178 1027 3236 to:
1053 3179 1095 3233 ita
1117 3177 1167 3232 illo
1190 3173 1271 3244 suxit
1295 3175 1440 3247 luppiter.

284 3272 324 3330 Ut
345 3272 396 3330 ille
420 3276 518 3345 palam
534 3275 642 3332 ibidem
659 3274 759 3333 adstet.
784 3271 879 3334 Poeni.
898 3271 923 3345 Ι,
945 3278 968 3340 Ι,
986 3277 1040 3334 37:
1065 3275 1128 3345 Epo
1145 3273 1258 3344 faciam
1279 3275 1315 3330 ut
1337 3271 1439 3342 saciat

281 3383 310 3426 v.
336 3372 391 3430 69:
414 3369 541 3445 factam,
563 3376 597 3430 ut
619 3370 698 3429 iacto
719 3373 857 3443 pandens.
902 3369 968 3443 ΙΙΙ,
993 3375 1021 3445 2,
1046 3374 1079 3432 3;
1105 3371 1166 3428 Fac
1189 3371 1290 3442 modo,
1316 3373 1350 3427 at
1372 3386 1438 3426 con·

282 3468 371 3525 docta
400 3470 453 3525 tibi
488 3469 550 3525 sint
580 3471 660 3528 dicta
687 3471 724 3526 ad
755 3472 832 3529 hanc
861 3471 1020 3529 fallacium.
1049 3472 1077 3544 3,
1101 3472 1157 3529 aa:
1188 3467 1312 3537 famam,
1337 3468 1386 3525 ubi
1409 3474 1439 3522 tu

281 3566 405 3637 laveris,
435 3567 479 3624 Ibi
501 3571 536 3625 ut
558 3569 713 3625 balneator
736 3569 832 3651 faciat
854 3571 1088 3640 unguentariam.
1114 3563 1150 3631 V,
1175 3568 1203 3631 5,
1231 3567 1285 3625 1οῑ
1312 3566 1374 3623 Iam
1391 3547 1439 3636 pol

281 3679 336 3737 ego
360 3664 442 3722 illam
472 3665 578 3737 pugnis
612 3673 704 3722 totum
734 3664 847 3735 sociam
875 3669 909 3725 ot
935 3667 975 3722 sit
1001 3666 1124 3724 morula.
1152 3661 1238 3723 Pera.
1264 3661 1302 3728 V,
1328 3665 1356 3722 2.
1381 3666 1438 3722 42:

281 3760 320 3818 Di
343 3761 467 3831 faciant,
491 3765 525 3821 nt
548 3763 577 3819 id
600 3762 718 3836 bibatis,
743 3765 819 3835 quod
844 3781 895 3822 vos
919 3780 1075 3837 numquam
1099 3771 1244 3820 trauseat.
1269 3757 1351 3820 Rud.
1384 3754 1437 3830 lv,

279 3859 310 3923 4,
334 3864 390 3918 44:
415 3859 478 3917 l'cc
501 3861 541 3918 eis
564 3878 666 3918 aarum
690 3864 725 3920 nt
744 3860 867 3920 υὲἀθαηι.
892 3858 984 3921 Truc.
1015 3857 1056 3925 ΙΙ,
1082 3863 1110 3934 5,
1135 3864 1190 3920 25τ
1221 3861 1300 3917 Face
1326 3865 1359 3917 ut
1388 3856 1437 3914 ad·

281 3956 424 4014 cumbam.
452 3951 487 4026 V,
511 3973 539 4017 v.
565 3961 619 4018 74:
644 3959 694 4027 fac
721 3961 778 4017 iam
800 3961 846 4015 ati
868 3961 967 4018 cctam
993 3955 1108 4019 Caecil.
1134 3955 1214 4020 Stat..
1239 3955 1297 4017 inc.
1315 3952 1378 4017 fab.
1402 3949 1437 4014 fr.

278 4056 308 4127 2,
327 4047 361 4111 ’7.
386 4056 464 4114 233:
488 4072 563 4128 quac
588 4064 619 4113 tu
642 4059 740 4114 omnia
763 4058 834 4114 Tuis
862 4057 957 4115 foedis
981 4058 1068 4115 tactis
1091 4056 1168 4126 sacis
1199 4059 1233 4114 at
1261 4058 1438 4130 nequiquam

277 4150 373 4209 celim.
428 4149 553 4213 Terent.
585 4150 681 4213 Andr.
712 4153 791 4230 prol.
824 4173 848 4215 v.
880 4159 932 4216 ll:
961 4157 1126 4215 lleciaatne
1154 4156 1374 4227 intellegendo,
1407 4157 1439 4211 ut

276 4250 319 4308 nil
341 4249 535 4322 intellepant?
559 4245 673 4312 (laecil.
700 4249 780 4313 Stat.
800 4250 940 4315 Plocium
965 4253 1003 4314 ir.
1023 4258 1050 4325 1,
1067 4271 1094 4313 v.
1115 4254 1188 4314 156:
1213 4254 1323 4326 Effeci,
1344 4256 1437 4330 pelice

277 4350 427 4406 ulmeam
446 4351 601 4420 privarem
626 4352 727 4408 virum.
765 4349 868 4412 l’laut.
894 4350 987 4412 Poen.
1015 4350 1050 4421 V,
1075 4354 1103 4413 2.
1127 4350 1167 4412 96
1183 4367 1244 4428 sq:
1269 4356 1320 4427 qui
1345 4355 1438 4426 potuit
