3125 5075
197 346 261 404 266
625 336 778 378 ΒΠΜΔΙΙΤ.
796 335 860 378 ΟΑΡ.
874 335 915 378 ΙΙΙ.

197 511 318 579 Asotus
338 509 377 577 ir.
401 515 436 576 i:
459 514 542 574 Nihil
563 512 629 574 iore
651 513 742 588 opino
763 515 844 575 later
865 529 914 574 ms
935 520 1025 588 etque
1046 514 1140 573 illum.
1181 507 1360 592 Hypoboll·

197 629 309 679 maeus
320 611 537 680 Rastrariofr.
553 623 587 684 3:
610 623 675 685 llos
698 614 868 693 singulatim
892 629 1009 687 erpere,
1033 629 1087 674 nos
1098 613 1195 673 mium
1214 611 1358 672 arbitror.

196 707 375 789 Ephesius:
397 715 470 775 Tum
492 720 630 794 equidem
652 722 683 779 in
706 721 830 778 senecta
852 712 908 772 boc
924 710 1036 786 deputo
1050 709 1261 782 miserrimam,
1284 709 1359 770 See·

198 811 258 870 tire
280 827 317 872 oa
339 817 439 874 aetate
466 816 563 890 ipsum
585 835 653 880 esee
684 816 820 877 odiosum
841 808 940 871 alteri.
985 804 1128 870 Plocium
1149 801 1187 870 ir.
1214 808 1271 870 lo:
1315 807 1361 868 ΙῚι

199 924 305 968 uarum
328 927 387 971 aon
410 913 454 973 rie
477 915 610 976 odiosam
638 915 693 976 tibi
717 928 784 973 esse
807 905 873 970 -?
917 902 1058 969 Fallacia
1078 900 1115 967 lr.
1139 907 1176 966 b:
1213 905 1272 968 uisi
1295 905 1361 980 qal·

201 1006 268 1066 dem
291 1009 341 1081 qui
364 1025 397 1068 se
419 1012 505 1072 malit
532 1014 675 1089 pupaitus
709 1025 830 1086 pessum
863 1006 939 1066 dari.
983 1001 1228 1082 Harpazomenc
1264 998 1305 1067 ir.
1328 1005 1362 1066 at

198 1103 277 1164 bunc
299 1107 408 1166 collum
435 1109 505 1170 ludo
531 1111 665 1186 praecidi
693 1109 775 1169 iubet
820 1101 954 1184 Hymnis
988 1099 1026 1164 ir.
1050 1104 1087 1164 8:
1130 1109 1161 1162 ts
1189 1101 1360 1162 inriderier.

202 1197 477 1279 Hypobolimaeus
498 1203 665 1270 Rastraria
685 1203 725 1269 fr.
746 1208 784 1269 4:
806 1205 925 1264 ltabere
948 1219 981 1262 se
1004 1203 1056 1261 ait
1100 1195 1244 1262 Plocium
1266 1195 1307 1262 ir.
1334 1203 1362 1276 1,

198 1315 229 1360 u.
255 1303 333 1363 149:
357 1303 405 1362 Ea
425 1321 473 1365 me
496 1306 572 1366 clau
595 1323 628 1366 se
651 1321 717 1365 cnm
740 1320 808 1364 mes
831 1301 943 1362 ancilla
962 1301 1008 1360 alt
1029 1305 1214 1360 consuetum.
1236 1313 1266 1358 r.
1285 1297 1361 1360 143:

197 1397 294 1458 Ferre
317 1400 362 1460 ita
382 1417 430 1461 me
452 1421 527 1465 uror
550 1411 582 1464 et
603 1402 701 1464 forma
721 1407 754 1462 et
774 1400 864 1462 iactis
884 1398 966 1459 lacit.
990 1394 1212 1476 synaristosae
1234 1411 1263 1458 r.
1284 1397 1361 1460 19⁷2

198 1497 392 1570 prospexisse
413 1517 481 1560 eum
510 1519 543 1562 se
572 1518 610 1561 ex
630 1501 749 1576 tegulis.
794 1491 990 1575 Triumphus
1024 1490 1063 1557 fr.
1087 1495 1122 1557 2:
1166 1494 1255 1554 Naso
1276 1497 1361 1554 meat

202 1593 347 1669 malitiae,
375 1598 504 1672 Astatia,
535 1605 565 1660 te
587 1617 662 1674 opus
684 1606 732 1660 est
753 1595 981 1658 subcenturiati.
1029 1589 1242 1670 Androgynos
1263 1587 1303 1654 fr.
1327 1591 1359 1654 2:

201 1692 385 1765 gratulatum
422 1696 490 1756 med
527 1697 687 1771 oportebat
721 1695 816 1770 prius.
862 1690 927 1755 Inc.
944 1687 1013 1756 ¹lab.
1035 1687 1148 1768 fragm.
1175 1689 1230 1752 1⁶:
1275 1689 1362 1750 dean

201 1783 381 1865 (Amorem)
405 1794 536 1867 quinon
560 1811 703 1854 summum
726 1797 828 1868 patet,
859 1795 920 1852 Aut
941 1789 1066 1850 abritum
1092 1796 1144 1849 eut
1173 1805 1273 1850 rerem
1304 1799 1364 1848 esu

206 1883 368 1958 s'rrprrr'trrm
389 1891 577 1951 existumem:
623 1891 714 1952 Caius
739 1891 771 1949 ln
799 1905 888 1948 manu
915 1889 970 1960 sit,
1005 1903 1091 1960 quem
1115 1903 1176 1946 ms
1201 1885 1363 1946 amru

203 1983 283 2056 ”dlis
307 1986 400 2062 Ques·
420 2003 532 2062 supere,
554 2006 640 2062 qums
660 1988 775 2055 sonori,
795 2002 880 2060 puers
901 1986 932 2046 in
947 1986 1080 2046 morbum
1102 1984 1178 2056 idid
1272 1983 1364 2059 Qus·

207 2091 315 2142 contre
329 2085 438 2152 umam,
459 2103 544 2159 puers
555 2088 660 2160 expeti,
680 2103 767 2160 puers
780 2084 934 2146 arcessier.
959 2079 1088 2144 Terent.
1111 2077 1248 2160 Adelph.
1263 2077 1363 2159 1V,s,

206 2179 243 2242 9:
266 2180 405 2243 Sostrata
427 2185 535 2258 eredit,
556 2185 630 2244 mihi
651 2202 698 2245 me
720 2185 874 2259 psaltriam
899 2182 976 2242 hanc
999 2181 1117 2240 emisse.
1145 2177 1245 2242 Andr.
1268 2176 1313 2256 ΙΙ,
1335 2181 1364 2255 b,

203 2281 260 2340 27:
304 2279 379 2340 Nam
402 2283 555 2356 pollicitus
576 2300 639 2343 sum
663 2289 881 2356 suscepturum.
926 2273 1061 2355 Adelph.
1085 2272 1124 2354 V,
1146 2282 1177 2354 4,
1199 2281 1259 2342 25:
1299 2279 1362 2356 Epo

200 2393 318 2451 qaoque
342 2381 456 2440 amois
478 2397 525 2439 me
546 2380 646 2440 umori
668 2388 700 2440 et
719 2379 817 2454 magni
834 2377 928 2452 pendi
943 2377 1070 2452 postulo.
1115 2372 1158 2453 ΙΙ,
1184 2381 1212 2450 l,
1234 2379 1292 2440 46:
1319 2377 1362 2438 Ob

204 2474 367 2536 malefacta
388 2478 463 2539 haec
486 2479 636 2539 tantidem
655 2485 784 2553 emptam
807 2477 942 2552 postulat
964 2475 1019 2534 sibi
1042 2475 1165 2534 tradler.
1201 2471 1280 2540 llec
1304 2471 1359 2553 lv,

210 2577 236 2649 1,
258 2578 316 2637 47:
341 2578 434 2649 Quam
457 2580 560 2638 obrem
585 2577 808 2641 incenderim,
831 2590 897 2635 esse
921 2589 1021 2633 ansam
1045 2572 1145 2633 iacere
1167 2574 1243 2634 baec
1262 2582 1293 2635 ts
1316 2576 1359 2634 la·

203 2672 286 2734 iussu
306 2690 382 2734 meo.
419 2673 518 2737 Andr.
541 2672 596 2751 lV,
620 2678 649 2750 5,
672 2678 709 2736 2:
738 2676 910 2747 Quaerere
933 2672 1090 2731 inhoneste
1114 2672 1230 2746 optarit
1251 2688 1359 2747 parere

204 2770 255 2830 lde
277 2770 377 2835 ditias.
420 2771 517 2835 Andr.
540 2771 565 2849 Ι,
589 2776 618 2847 2,
641 2776 702 2834 32;
747 2772 850 2833 Ubivis
873 2770 991 2830 lucillus
1013 2786 1119 2843 passus
1140 2769 1195 2829 sim
1219 2787 1308 2844 quam
1330 2772 1359 2829 la

203 2867 260 2927 hoc
282 2886 316 2927 re
338 2886 386 2929 me
408 2872 553 2931 deludier.
598 2868 696 2933 Andr.
720 2866 746 2947 Ι,
778 2872 807 2942 5,
832 2872 871 2931 39
893 2882 958 2945 sq.:
1001 2869 1082 2927 Bene
1109 2873 1140 2925 et
1161 2867 1271 2941 pudice
1296 2870 1358 2929 elas

204 2964 323 3025 doctum
347 2974 436 3042 atque
466 2968 604 3029 eductum
633 2970 727 3029 sinam
754 2968 897 3029 Coactum
927 2972 1061 3040 egestate
1090 2964 1240 3039 inparium
1263 2966 1356 3027 inme

204 3062 319 3124 terior?
364 3063 497 3145 Adelph.
520 3063 546 3144 Ι,
570 3069 599 3144 2,
624 3069 677 3129 17;
701 3074 731 3126 te
753 3067 838 3125 illum
862 3064 1012 3138 eorrumpi
1035 3062 1116 3122 sinis.
1152 3077 1180 3124 r.
1203 3064 1261 3125 24:
1295 3064 1360 3124 Nou

203 3162 258 3221 siit
278 3171 397 3237 egestas
419 3162 521 3225 faeere
544 3183 609 3226 nos.
653 3182 682 3227 u.
706 3168 746 3226 27
769 3177 833 3241 sip:
877 3169 908 3222 et
929 3163 1012 3221 illam
1039 3168 1071 3219 ta
1093 3163 1191 3233 tuom,
1229 3161 1360 3223 siessos

205 3259 304 3334 bomo,
328 3260 450 3324 Sineres
471 3280 549 3323 nune
572 3263 680 3335 ferme.
709 3259 807 3324 Andr.
830 3257 856 3336 Ι,
882 3264 909 3335 1,
936 3260 1009 3321 126:
1032 3258 1102 3319 Sine
1125 3275 1203 3319 naec
1225 3276 1294 3320 meo
1317 3274 1361 3321 me

207 3358 308 3419 risere
330 3360 449 3420 interea
470 3363 567 3423 modo.
592 3357 724 3439 Adelph.
748 3356 808 3435 ΙΙΙ,
830 3362 861 3433 4,
886 3360 938 3419 14:
962 3356 1084 3416 salvere
1107 3356 1273 3431 Hegionem
1295 3358 1360 3433 plu·

208 3458 447 3532 memleben,
470 3476 499 3521 v.
523 3461 638 3522 Donat.
665 3457 744 3521 llec.
768 3454 807 3527 V.
833 3459 860 3530 l,
884 3458 916 3517 7:
940 3460 1122 3530 quapropter
1144 3461 1175 3513 te
1202 3456 1261 3515 buc
1280 3453 1362 3517 iores

199 3568 330 3627 perram
351 3572 472 3617 eeoeare
491 3558 577 3618 iussi.
609 3555 707 3620 Andr.
729 3554 754 3631 1,
778 3558 808 3631 2,
832 3556 886 3617 34:
910 3569 1007 3627 neque
1030 3560 1061 3611 tu
1084 3551 1163 3611 haud
1185 3552 1279 3627 dices,
1304 3554 1359 3614 tibi

204 3668 266 3712 noa
288 3653 485 3728 praedictum,
507 3672 550 3719 sc.
574 3673 642 3717 esso
678 3650 794 3730 (Rudd.
818 3668 848 3730 p.
871 3652 943 3727 228,
966 3648 1072 3712 adnot.
1099 3650 1141 3723 i).
1178 3646 1276 3713 Andr.
1306 3646 1362 3729 lv,

209 3751 237 3825 1,
259 3752 299 3811 37
307 3770 314 3810 :
339 3770 495 3828 numquam
519 3755 637 3814 destitit
659 3755 787 3825 laetare,
810 3758 843 3809 ut
865 3748 997 3808 dicerem
1021 3764 1067 3807 me
1090 3749 1248 3808 ducturum
1270 3749 1361 3824 patri.

204 3844 304 3909 Andr.
327 3845 370 3927 ΙΙ,
393 3852 424 3925 4,
445 3852 481 3913 8:
525 3853 552 3911 si
574 3860 604 3911 te
627 3853 709 3912 dices
732 3850 852 3910 ducere.
897 3842 995 3908 Andr.
1025 3842 1086 3923 ΙΙΙ,
1116 3849 1146 3922 5,
1169 3848 1210 3907 9:
1256 3846 1363 3907 Dicam

205 3947 319 4021 aliquid
338 3964 385 4007 me
408 3949 605 4010 inventuram.
636 3944 735 4010 Andr.
758 3942 819 4022 ΙΙΙ,
843 3947 872 4019 5,
901 3946 952 4006 15:
976 3946 1023 4003 An
1047 3963 1104 4006 nou
1128 3946 1191 4005 dixi
1213 3960 1282 4005 esse
1306 3945 1362 4005 boe

206 4041 362 4105 luterum?
406 4042 503 4109 Andr.
527 4042 552 4118 Ι,
577 4051 606 4122 5,
631 4050 665 4109 3:
710 4046 838 4106 Uxorem
863 4044 1002 4103 decrerat
1023 4042 1097 4101 dore
1117 4056 1179 4101 sese
1199 4043 1242 4101 ml
1265 4042 1363 4101 bodls.

207 4137 284 4203 Her.
308 4138 365 4219 lv,
388 4146 418 4221 2,
444 4146 498 4206 1οε
519 4145 585 4219 Ego
607 4162 658 4204 rus
680 4144 832 4203 abituram
855 4143 924 4202 hinc
940 4157 1006 4202 eum
1029 4149 1080 4199 tuo
1102 4156 1148 4199 me
1170 4136 1258 4214 [esse]
1280 4146 1363 4200 certo

206 4238 439 4316 ἀπενίψατο.
472 4238 550 4305 Hcc.
573 4237 599 4317 Ι,
623 4245 652 4318 2,
677 4244 731 4303 73ε
760 4240 819 4301 Sed
842 4257 929 4316 qaam
952 4239 1099 4299 decrerim
1123 4254 1169 4297 me
1193 4254 1252 4297 nou
1275 4252 1363 4312 posse

208 4336 319 4399 diutius
342 4341 471 4402 Habere.
494 4338 573 4403 llec.
596 4337 622 4416 Ι,
646 4343 675 4416 2,
702 4341 780 4401 121:
804 4357 871 4399 nam
894 4340 1035 4398 constitui
1058 4354 1123 4397 cum
1147 4336 1275 4411 quodam
1298 4336 1363 4396 bor·
