3125 5075
495 374 583 413 CASUS
599 373 867 412 substantivorum.
882 394 905 401 ·-
922 374 1060 412 Accessi.
1300 380 1362 436 227

286 548 410 612 ΡΜ.
454 546 559 612 Plnut
582 546 649 612 Mil.
674 545 729 622 lv,
752 553 782 626 4,
806 550 842 610 6:
865 550 907 608 At
927 550 1017 609 etiam
1037 565 1157 624 pamm,
1181 542 1211 608 b.
1237 561 1263 608 e.
1286 560 1362 607 non·

206 643 278 710 oum
298 642 389 721 satis,
411 643 485 725 uod)
509 661 545 727 qu
568 642 680 728 menig.
724 642 822 708 Mero.
846 642 926 725 prol.
950 663 978 707 v.
1002 647 1031 709 3.
1076 643 1204 708 Terent.
1235 640 1360 705 Phorm.

207 740 261 821 ΙΙΙ,
283 746 312 821 2,
335 745 391 807 231
414 746 461 806 No
480 761 592 819 purum
614 748 683 805 leno
706 746 776 820 sios,
800 741 831 805 h.
845 759 872 807 e.
895 760 936 807 ne
959 759 1073 822 parum
1094 757 1201 805 mores
1218 736 1361 803 lenonios

209 839 330 906 babeas.

287 940 463 1013 Purumper.
486 937 579 1002 Ennii
595 939 700 1003 annal.
720 939 779 1003 ino.
797 938 882 1002 sedis
898 936 1010 1017 fragm.
1031 941 1106 1001 109:
1130 940 1225 998 nostri
1243 952 1361 997 cessere

213 1055 372 1112 parumper.
416 1035 510 1100 Ennii
533 1035 637 1100 annal.
665 1035 685 1100 l.
708 1034 762 1111 VI,
800 1034 838 1100 fr.
865 1040 920 1112 18,
957 1053 984 1099 v.
1010 1039 1082 1098 214.
1126 1035 1205 1098 Ann.
1236 1050 1264 1097 v.
1288 1036 1362 1096 443.

216 1133 297 1198 Ennii
318 1132 425 1198 annal.
448 1133 468 1198 l.
491 1133 517 1212 Ι,
540 1131 579 1197 11.
604 1137 654 1211 36,
677 1150 706 1198 v.
731 1140 781 1209 54,
805 1134 880 1198 item
904 1131 942 1196 ir.
962 1137 1017 1210 53,
1042 1150 1068 1195 v.
1093 1136 1142 1196 74.
1188 1128 1310 1201 Nonius
1332 1145 1362 1207 p.

220 1235 279 1312 318,
304 1234 356 1296 1⁸:
394 1251 565 1310 parumper,
588 1231 652 1296 cito
675 1236 709 1296 et
729 1232 891 1297 velociter.
936 1230 1040 1294 Plaut.
1063 1228 1176 1308 Amph.
1207 1226 1250 1306 Il,
1272 1231 1301 1305 2,
1325 1229 1361 1288 6:

218 1334 273 1405 quoi
292 1334 430 1406 voluptas
452 1331 620 1405 Purumper
642 1332 749 1394 datast.
794 1329 892 1394 Marc.
921 1346 949 1391 v.
975 1332 1045 1392 221.
1091 1327 1161 1391 Aul.
1186 1324 1230 1403 ΙΙ,
1254 1330 1283 1403 2,
1307 1328 1362 1387 22;

220 1428 255 1488 Its
273 1430 341 1488 mibi
369 1445 491 1504 operum
513 1446 686 1503 parumper.
733 1425 810 1492 cist.
839 1425 895 1505 IV,
926 1431 955 1505 2,
978 1430 1029 1490 46.
1074 1425 1202 1489 Terent.
1236 1421 1362 1486 Phorm.

221 1521 265 1603 111,
285 1531 313 1601 a,
339 1532 364 1589 1.

286 1624 471 1698 Plerumque.
517 1623 645 1687 Terent.
667 1619 794 1685 Phorm.
833 1621 857 1702 I,
882 1627 911 1701 2,
936 1628 992 1687 39:
1031 1625 1079 1682 hio
1108 1622 1274 1683 solebamus
1297 1617 1360 1678 iere

220 1719 377 1794 memorre
400 1740 465 1784 eam
488 1723 630 1799 opperiri.

286 1819 459 1881 musicum.
504 1818 607 1882 Plaut.
646 1814 736 1897 Capi.
775 1815 800 1888 Ι,
825 1822 853 1893 2,
878 1822 932 1882 73:
978 1819 1030 1879 Set
1060 1820 1085 1879 si
1107 1814 1272 1891 pometum
1303 1809 1361 1885 (sic

220 1908 396 1979 Fleckeisen.
427 1915 526 1995 praei.
554 1915 595 1979 acl
616 1913 722 1978 Plaut.
750 1914 800 1978 ecl.
829 1914 864 1979 T.
888 1914 914 1994 I,
944 1933 974 1995 p.
1002 1916 1052 1989 12)
1082 1921 1169 1991 potes
1197 1915 1361 1973 Contentus.

222 2027 282 2089 use,
304 2010 346 2075 ud
369 2029 398 2091 q.
422 2013 442 2077 l.
465 2034 492 2077 v.
516 2012 660 2077 Lindcm.
698 2012 802 2076 Aliter
824 2011 971 2077 Ruddim.
995 2011 1038 2091 11,
1060 2028 1090 2090 p.
1117 2014 1187 2089 109,
1211 2007 1317 2073 adnot.
1343 2012 1359 2066 7

220 2110 377 2174 secundum
401 2110 596 2176 Gronovium
623 2109 708 2175 hunc
736 2110 841 2174 locum
870 2110 998 2190 accipit,
1026 2109 1083 2174 sed
1111 2126 1173 2173 non
1196 2110 1298 2183 recte,
1325 2115 1361 2167 nt

218 2205 327 2284 opinor,
356 2214 394 2271 nt
427 2227 486 2271 esse
518 2224 576 2288 pro
618 2209 701 2270 educ
728 2213 763 2271 et
791 2214 939 2270 monacos
966 2205 1111 2271 absolute
1143 2203 1282 2285 positum
1310 2200 1360 2276 sit,

216 2300 251 2366 itu
277 2315 313 2368 nt
343 2305 502 2371 sententia
530 2305 585 2370 sit:
625 2303 658 2368 Si
686 2304 826 2386 pauxillo
856 2307 948 2383 potes
982 2321 1098 2385 parcus
1131 2305 1361 2378 contentusque

217 2415 299 2467 vescu.

289 2502 366 2563 Tum
388 2499 592 2581 coniungitur
614 2517 686 2566 cnm
709 2500 874 2566 allectivis
898 2506 931 2566 et
952 2498 1125 2580 adverbiis,
1162 2500 1197 2562 et
1217 2492 1362 2577 positivis

213 2602 239 2660 ct
258 2597 473 2678 superlativis
496 2603 621 2664 etcum
645 2600 760 2665 verbis.
785 2599 856 2664 Uno
879 2598 949 2664 loco
972 2616 1042 2662 cum
1066 2595 1266 2663 substantivo
1289 2608 1361 2656 con-

210 2693 343 2760 iunctum
366 2695 531 2773 reperitur
550 2697 637 2776 apud
659 2696 806 2762 Plautum
831 2696 943 2778 fragm.
967 2682 1108 2761 Condalii
1126 2713 1155 2775 p.
1169 2698 1231 2758 479
1248 2690 1360 2756 Gron:

208 2795 276 2853 Tum
299 2795 471 2867 orcpuocsclo
493 2795 556 2856 lere
580 2799 640 2859 etc.
665 2795 857 2876 Saepissime
880 2796 940 2860 sibi
963 2796 1156 2874 respondent
1177 2796 1288 2857 mutuo
1305 2793 1363 2848 usur

206 2896 235 2952 et
254 2908 347 2965 quum
369 2889 402 2951 in
425 2890 549 2956 duabus
572 2893 856 2958 enunciationibus.
894 2893 992 2959 Naev.
1017 2892 1240 2977 Gymnasticns
1263 2886 1301 2952 ir.
1328 2890 1362 2949 3:

204 3007 266 3048 curu
289 2993 352 3047 tum
376 2992 520 3063 pausillus
544 2994 593 3053 sis.
637 2991 748 3055 Ludus
770 2990 808 3056 fr.
836 2999 869 3057 l:
898 3001 958 3055 tarn
981 2997 1049 3057 cito.
1075 2989 1251 3057 Corollaria
1271 2984 1308 3048 fr.
1333 2990 1361 3050 3,

202 3102 227 3148 1.
250 3089 309 3149 42;
335 3091 396 3144 rom
419 3087 486 3148 cito.
511 3084 590 3152 Cato
613 3087 649 3151 R.
673 3087 709 3165 R,
734 3108 758 3153 c.
784 3094 839 3154 64:
863 3096 958 3170 Qucum
977 3096 1114 3155 citiswne
1130 3090 1279 3161 conficies,
1303 3089 1363 3143 taur

201 3185 331 3243 numme
352 3186 500 3259 expediet.
536 3184 606 3253 lb.:,
622 3191 698 3249 Nam
721 3194 818 3250 oleum
841 3210 931 3264 quum
952 3193 1116 3253 diutissime
1137 3191 1167 3247 in
1191 3201 1311 3246 amurca
1334 3193 1366 3239 ot

199 3284 228 3342 in
251 3281 386 3342 fracibus
409 3286 477 3357 erit,
502 3288 563 3346 tum
585 3286 775 3347 deterrimum
798 3293 864 3348 erit.
910 3286 944 3352 C.
969 3291 1023 3351 65:
1057 3291 1152 3365 Quum
1174 3282 1366 3345 commuuio

200 3382 265 3440 olea
288 3382 387 3441 oleum
411 3379 518 3458 facies,
549 3387 608 3440 tuor
636 3389 732 3446 oleum
763 3390 903 3461 optimum
930 3389 997 3446 erit.
1043 3382 1122 3447 Cato
1153 3399 1202 3462 ap.
1230 3377 1363 3445 Festum

202 3476 257 3540 sub
271 3480 406 3551 Vetern,
430 3481 548 3539 Viritim
572 3490 603 3540 et
625 3484 735 3544 Forma
762 3481 866 3562 (Lien.
889 3487 961 3559 aar:
983 3486 1166 3544 Veternosus
1189 3496 1278 3554 quum
1295 3478 1365 3549 pluc-

201 3577 307 3635 motum
331 3575 419 3649 bibit,
449 3582 509 3635 tum
533 3580 660 3640 inarime
682 3583 751 3642 sitit.
798 3581 893 3644 Ennii
929 3580 1031 3645 annal.
1069 3579 1090 3642 l.
1113 3578 1139 3656 I,
1161 3597 1189 3640 v.
1214 3579 1269 3640 56:
1304 3581 1364 3635 turn

203 3675 334 3734 torriter.
380 3673 493 3737 Annal.
518 3674 578 3737 inc.
602 3675 687 3740 sedis
710 3675 823 3758 fragm.
849 3683 904 3741 79:
941 3687 1000 3740 toro
1023 3689 1146 3740 temere.
1191 3673 1363 3739 Alcnmaeo

204 3766 237 3830 ir.
261 3774 290 3849 2,
330 3786 357 3832 v.
378 3775 438 3833 45:
483 3777 542 3832 tuor
566 3775 651 3835 firmo
674 3779 801 3852 ingenio.
846 3776 978 3842 Medeae
1002 3776 1102 3841 exulis
1129 3774 1166 3838 fr.
1191 3778 1224 3838 9:
1267 3775 1363 3850 quoru

209 3871 298 3943 magis
323 3887 466 3929 aerumna
488 3880 583 3946 urget,
607 3877 667 3931 tom
689 3878 781 3950 magis
803 3877 841 3935 ad
863 3879 940 3936 male
964 3876 1131 3937 laciendum
1156 3877 1241 3950 viget.
1281 3866 1363 3930 Pan·

206 3964 368 4029 cratiastes
390 3963 427 4027 ir.
455 3971 485 4028 l:
511 3972 570 4025 tour
593 3974 784 4044 proterviter.
829 3971 932 4036 Plaut.
968 3972 1053 4036 Asin.
1088 3971 1113 4051 Ι,
1137 3975 1166 4051 3,
1191 3973 1227 4032 6:
1267 3970 1362 4044 Quam

207 4063 296 4134 noris
318 4069 348 4122 te
372 4065 402 4122 in
426 4067 517 4125 altum
541 4071 684 4147 capessis,
709 4074 768 4128 tom
792 4080 892 4132 aestus
915 4080 944 4132 te
961 4075 991 4131 in
1006 4083 1123 4147 portum
1147 4070 1250 4131 refert.
1274 4063 1361 4127 Asin.

210 4153 246 4232 ll,
265 4165 296 4237 4,
319 4162 374 4223 83:
408 4162 483 4221 Tam
507 4180 562 4238 ego
585 4165 671 4226 homo
695 4186 757 4227 sum
782 4185 871 4240 quum
893 4177 933 4228 tn.
978 4166 1045 4230 Mil.
1068 4167 1126 4246 lll,
1151 4172 1181 4245 2,
1205 4168 1258 4229 38:
1296 4163 1362 4222 Non

212 4253 303 4316 hercle
328 4261 390 4316 lam
411 4260 481 4319 istic
503 4263 600 4321 valide
624 4267 781 4326 cassabant
806 4269 881 4341 cadi,
904 4265 933 4328 h.
951 4284 977 4330 e.
994 4273 1171 4347 tantopere.
1194 4261 1282 4326 Pers.
1307 4258 1361 4333 lv,

214 4354 240 4426 4,
258 4355 308 4416 34:
341 4356 508 4432 Numquam
538 4361 615 4421 ullns
635 4362 707 4423 deus
731 4368 792 4422 tam
815 4367 959 4440 benignus
990 4365 1045 4425 luit
1074 4367 1123 4440 qni
1146 4363 1237 4423 inerit
1258 4362 1361 4439 propi-

1083 4470 1143 4527 lo*
