3125 5075
501 363 589 402 CASUS
604 362 872 401 sUBsTamvvvoaott.
888 381 911 390 —
927 360 1094 402 Gammvus.
1324 366 1386 422 323

237 530 361 612 genitivo
381 531 417 597 id
439 536 527 615 qnod
547 536 580 601 in
602 536 732 601 notione
753 534 853 614 inest,
884 533 1060 600 secundum
1086 530 1278 613 qualitatem
1309 547 1385 596 eon·

237 629 382 697 stituitur.
424 630 464 699 Ivi
486 634 572 714 quod
593 641 710 699 natura
731 635 843 699 datum
866 634 899 698 in
920 632 1051 698 notione
1073 630 1167 706 inest,
1189 628 1327 709 primum
1350 633 1385 692 et

233 728 426 809 pobasimum
445 736 583 813 apparet
604 731 639 796 in
654 732 805 813 genitivo,
829 733 885 813 qui
899 730 1012 811 pmpie
1031 745 1070 794 ac
1085 726 1240 809 peculiari
1254 725 1382 790 ratione

231 826 347 907 licitur,
368 832 545 909 mittatis,
582 830 701 909 inquo
725 830 804 894 item
826 834 864 893 ut
890 829 924 892 in
946 845 985 892 eo
1007 844 1142 908 genere,
1180 824 1265 905 quod
1287 821 1385 904 paulo

230 932 292 990 ante
315 933 598 993 commemoratum
622 937 687 1007 est,
715 929 803 993 notio
832 927 991 992 adiectiva
1014 931 1064 989 est
1086 923 1240 1005 primaria
1268 940 1305 986 ac
1328 939 1385 1002 po·

230 1023 343 1089 tissima
366 1031 403 1090 et
424 1044 558 1106 prorsus
581 1026 676 1091 simili
699 1026 827 1107 quidem
850 1026 890 1090 de
913 1042 1011 1089 causa
1032 1029 1130 1102 atque
1151 1027 1255 1085 antea
1279 1019 1384 1085 Voces

230 1120 253 1184 in
271 1122 419 1202 genitivo
441 1124 566 1205 positae
588 1123 770 1205 significant
802 1122 854 1187 bic
881 1123 944 1186 vim
967 1120 1087 1202 ingenii
1110 1124 1144 1184 et
1165 1136 1304 1196 morum,
1326 1134 1383 1197 po·

230 1224 383 1299 testatem,
410 1221 637 1288 auctoritatem
663 1226 737 1287 cett.
782 1221 833 1285 Ad
860 1220 997 1285 alterum
1020 1218 1157 1297 denique
1184 1233 1300 1297 genus,
1327 1213 1383 1279 ubi

228 1315 258 1395 il,
286 1318 377 1396 quod
392 1318 425 1382 in
440 1320 568 1385 notione
589 1320 683 1398 inest,
703 1320 733 1384 ei
749 1319 904 1384 tribuitur
921 1319 1059 1393 demum,
1082 1314 1230 1396 quoniam
1253 1312 1382 1377 adeam

228 1432 279 1479 oon
308 1418 441 1496 proprie
471 1422 507 1482 et
533 1418 730 1499 aprincipio
764 1417 919 1498 pertinet,
952 1414 1113 1480 referendi
1140 1420 1216 1478 sunt
1248 1410 1382 1493 genitivi

231 1511 322 1578 iuncti
345 1533 418 1578 cnm
441 1515 621 1593 adiectiviS,
644 1515 821 1596 participiis
843 1522 940 1595 atque
964 1512 1084 1590 verbm,
1114 1529 1249 1592 quorum
1273 1510 1382 1589 singn-

226 1608 293 1676 turis
316 1610 508 1693 significatio
533 1614 646 1694 poscit,
670 1621 707 1678 ut
727 1615 815 1678 notio
839 1632 898 1679 sua
913 1613 969 1678 tali
986 1610 1079 1675 modo
1103 1610 1276 1675 secundum
1299 1625 1381 1688 qua-

227 1706 342 1774 litatem
366 1711 592 1776 constituatur.
638 1713 698 1777 His
727 1712 878 1794 genitivis
901 1711 1000 1792 igitur
1021 1710 1055 1774 id
1080 1708 1271 1790 exprimitur
1292 1705 1379 1784 quod

225 1805 403 1872 unctione
433 1809 557 1874 ratione
584 1810 695 1875 habita
716 1827 856 1888 morum,
885 1808 1018 1890 ingenii,
1048 1806 1239 1885 voluntatis,
1267 1822 1381 1869 sensus

224 1910 289 1969 cett.
313 1903 417 1983 inest,
447 1912 485 1969 ut
505 1907 544 1971 iis
567 1910 621 1987 qui
645 1909 821 1988 iunguntur
844 1927 916 1973 cum
938 1928 1058 1977 amone,
1079 1924 1191 1967 monor
1213 1909 1248 1968 et
1267 1921 1380 1972 morico,

223 2004 329 2072 auom.
351 2007 472 2067 miseret
493 2005 665 2086 multisque
688 2006 769 2071 aliis.
816 2008 922 2071 Etiam
945 2024 1000 2070 eas
1023 2003 1269 2081 coniunctiones,
1295 2017 1379 2081 quas

224 2097 363 2165 difficiles
391 2104 533 2167 suntad
561 2103 781 2183 explicandum
812 2122 958 2184 quaeque
988 2101 1130 2182 proxime
1158 2100 1315 2165 accedunt
1335 2096 1378 2162 ao

224 2198 462 2279 appositionem,
481 2201 569 2266 velut
579 2206 718 2277 oppidum
728 2206 915 2274 Antiochiae,
937 2225 995 2265 vox
1011 2201 1224 2281 uoluptatis,'¹)
1241 2199 1377 2263 manne

222 2296 375 2373 probabili
397 2299 522 2363 ratione
545 2300 643 2363 talem
666 2301 841 2381 genitivum
865 2301 944 2380 eius,
967 2300 1052 2380 quod
1074 2301 1108 2364 in
1129 2299 1259 2363 notione
1281 2299 1377 2375 inest,

222 2393 379 2459 continere
407 2398 586 2476 putaveris,
623 2415 719 2478 quum
748 2398 921 2479 singularis
948 2406 1065 2463 natura
1093 2397 1210 2477 prioris
1237 2394 1378 2460 notionis

221 2492 374 2570 generalis
396 2494 430 2559 in
451 2494 564 2575 altera,
587 2513 669 2577 qnae
693 2497 834 2578 genitivo
857 2502 908 2562 est
922 2515 1084 2578 expressa.
1109 2495 1264 2563 consistat
1279 2492 1377 2559 etsie

221 2590 301 2655 notio
323 2609 385 2671 per
407 2610 442 2657 se
464 2594 565 2658 inanis
588 2614 647 2676 per
669 2594 804 2660 alteram
827 2594 1008 2661 deliniatur.

299 2689 350 2753 Ex
372 2691 510 2756 adverso
532 2694 658 2772 positae
687 2694 787 2774 priori
814 2693 936 2758 formae
964 2694 1177 2775 genitivorum
1200 2691 1295 2758 buius
1317 2707 1374 2770 po·

218 2786 361 2851 nterioris
383 2787 443 2854 boc
466 2792 629 2871 proprium
653 2799 703 2857 est
732 2798 769 2856 ut
791 2793 818 2855 si
841 2792 936 2857 simili
963 2795 1056 2858 modo
1085 2793 1243 2873 similique
1266 2789 1375 2855 condi·

218 2883 300 2949 tione
322 2890 423 2965 atoue
445 2887 511 2954 illic
534 2889 713 2954 enunciatio
736 2892 843 2956 activa
864 2889 1029 2969 formatur,
1052 2910 1168 2957 nomen
1184 2892 1218 2956 in
1233 2889 1373 2972 genitivo

212 2982 354 3059 positum
366 2984 525 3050 obiectum
540 2985 597 3052 fiat
611 2986 707 3053 huius
730 2990 961 3054 enuntiationis
983 2998 1017 3052 et
1032 2990 1221 3070 plerumque
1243 2987 1373 3069 quidem

212 3077 240 3142 in
261 3082 449 3147 accusativo
471 3086 620 3164 positum,
645 3087 730 3167 quod
753 3087 836 3151 bene
860 3089 1006 3152 convenit
1028 3090 1058 3154 ei
1080 3089 1164 3168 quod
1187 3089 1219 3151 in
1243 3087 1373 3151 notione

210 3175 312 3244 inesse
336 3179 561 3260 significamus.
608 3183 715 3261 Quare
737 3185 812 3251 talis
835 3185 994 3265 genitivus
1017 3187 1134 3251 dicitur
1156 3189 1322 3248 abacta.

292 3280 318 3338 1.
363 3281 413 3341 Ea
433 3285 557 3357 genitivi
579 3283 690 3358 forma,
720 3305 780 3361 qna
802 3289 899 3345 altera
925 3289 1008 3345 notio
1035 3288 1065 3345 in
1093 3287 1167 3346 fines
1201 3286 1287 3360 qnasi

370 3381 513 3454 nominis,
538 3385 617 3457 quod
638 3386 670 3442 in
692 3386 825 3458 genitivo
851 3387 981 3458 positum
1005 3391 1060 3457 est,
1084 3385 1232 3458 recipitur
1255 3391 1287 3443 et

580 3485 622 3541 sic
646 3485 710 3542 eius
733 3485 860 3543 ambitus
884 3490 1050 3544 coercetur.

292 3575 347 3636 64.
369 3589 397 3635 a
422 3576 579 3638 Genioouc
600 3583 787 3652 quantitatis.
813 3578 911 3644 Cuius
934 3579 1071 3658 primum
1096 3595 1197 3658 genus
1221 3582 1292 3643 erat
1314 3595 1370 3659 ge·

203 3669 328 3734 nitivus
348 3672 419 3735 eins
442 3673 526 3751 quod
549 3680 665 3739 natura
687 3682 791 3742 totum
814 3684 873 3756 est,
904 3697 928 3743 s.
945 3683 1120 3756 partitibus,
1151 3678 1207 3758 qui
1229 3678 1370 3758 pendere

202 3771 312 3846 potest
334 3786 374 3832 ex
396 3768 617 3851 substantivis,
640 3775 891 3854 pronominibus,
915 3777 1091 3852 adiectivis‚
1115 3776 1285 3844 adverbiis.
1330 3775 1369 3839 In

202 3866 345 3929 carmine
368 3864 485 3931 Saliari
507 3887 557 3949 ap.
581 3868 716 3936 Varron.
739 3873 779 3937 de
802 3873 837 3938 L.
860 3874 895 3939 L.
918 3875 938 3939 l.
962 3875 1035 3953 Vll,
1052 3880 1080 3951 3,
1104 3882 1144 3941 27
1168 3885 1237 3942 est:
1260 3881 1369 3939 Divom

198 3964 269 4025 Deo
292 3969 484 4041 supplicante
515 3972 664 4046 (supplice
688 3975 797 4048 cante).
843 3975 901 4055 Ap.
926 3972 1078 4041 Claudius
1107 3993 1157 4054 ap·
1181 3976 1312 4040 Festum
1335 3991 1367 4052 p.

200 4064 265 4123 317
289 4060 339 4125 etl
362 4061 399 4126 Ο.
423 4061 569 4129 Mueller.
595 4066 729 4150 (Meyer.
751 4075 845 4136 oratt.
870 4073 960 4138 Rom.
985 4072 1096 4154 fragm.
1121 4074 1169 4139 ed.
1193 4073 1236 4152 ll,
1261 4090 1291 4152 p.
1316 4073 1366 4148 3t:

276 4288 314 4353 ”t
340 4288 496 4360 Madvigius
525 4258 553 4348 et
576 4296 716 4356 aubertus
745 4298 862 4370 bettrici
892 4303 1177 4374 gentilottum,
1205 4321 1233 4373 p.
1253 4306 1285 4358 31
1306 4318 1365 4372 sqq.

202 4369 350 4437 appellant
368 4372 516 4442 genitivum
536 4377 703 4434 definitivum
722 4398 744 4437 s.
765 4385 978 4453 epexegeticum

1065 4478 1130 4536 21*
