3125 5075
569 355 718 395 DOCTRINA
734 357 996 396 Parerosmonurr.
1290 364 1350 419 347

205 549 276 592 nune
310 534 460 594 reeleetua
493 548 560 591 eece
591 533 674 592 ducit
703 550 759 608 pro
787 534 1021 594 adulescentulo.
1066 526 1163 592 Most.
1190 526 1214 607 1,
1242 531 1272 606 2,
1295 530 1354 590 62:

203 629 349 690 antinno
369 646 426 704 pro
448 628 542 689 imbre
566 646 649 690 amor
671 631 801 697 advenit,
824 628 853 693 h.
878 648 904 693 e.
928 631 1080 706 tanquam
1102 625 1213 689 imber.
1259 622 1354 688 Pecu

204 723 258 804 ΙΙΙ,
280 729 311 802 5,
332 729 394 789 47:
437 726 629 801 haruspicem
661 729 718 801 Qui
741 729 838 803 siquid
861 730 936 786 bene
959 727 1153 801 promittunt,
1180 742 1238 800 pro
1258 726 1356 799 spisso

205 826 314 898 orauit,
343 820 374 886 Ιι
401 839 429 886 e
465 836 620 901 perquam
658 822 750 886 tarde
781 829 814 888 et
841 841 931 901 sero,
970 826 1006 885 ut
1033 818 1172 885 Turneb.
1210 820 1356 899 explieat

207 918 295 986 lieet
318 918 358 1000 V,
379 923 410 998 2,
437 923 490 983 10:
513 938 568 996 ego
591 922 640 983 ibo
656 938 716 997 pro
739 928 772 982 te.
805 941 833 986 v.
861 926 916 985 11:
941 924 1036 995 Quian
1060 938 1106 980 me
1127 937 1183 993 pro
1206 922 1296 979 taire
1319 919 1358 979 ad

210 1038 304 1080 cenaui
326 1017 468 1080 autumo?
512 1015 599 1082 Pera.
623 1017 665 1096 ΙΙ,
692 1023 776 1098 1,2:
823 1023 919 1081 Nimis
941 1021 1060 1096 taudem
1089 1036 1135 1077 me
1164 1019 1281 1094 quidem
1299 1033 1358 1090 pro

213 1118 298 1178 lurda
318 1124 352 1178 et
373 1118 481 1178 blenau
508 1134 567 1178 non
597 1119 727 1178 habitam
758 1136 826 1179 esse
855 1138 909 1193 aps
938 1128 977 1180 te.
1023 1114 1082 1192 ΙΙΙ,
1107 1120 1135 1194 1,
1161 1119 1213 1179 13:
1250 1116 1358 1177 Utrum

212 1232 257 1286 pro
277 1215 391 1275 aneilla
410 1231 458 1275 rne
487 1216 580 1277 habea
602 1235 641 1277 an
661 1234 721 1290 pro
744 1216 831 1289 filia?
874 1214 959 1277 Meu.
981 1213 1024 1290 ΙΙ,
1054 1219 1082 1291 2,
1104 1217 1162 1277 24:
1206 1231 1262 1288 pro
1286 1228 1358 1272 sano

217 1313 342 1386 loqueris.
387 1310 425 1389 V,
450 1315 479 1390 5,
501 1316 560 1377 42:
594 1313 689 1375 Setin’
713 1316 769 1375 hoe
789 1331 846 1388 pro
867 1330 941 1374 saue
962 1315 1040 1373 male
1064 1314 1145 1372 dicta
1167 1314 1245 1372 male
1269 1310 1358 1369 dictis

219 1409 393 1485 respondeo?
436 1407 520 1473 Men.
543 1428 573 1474 v.
597 1414 674 1476 927:
719 1415 785 1474 Hoc
807 1414 926 1488 quidem
953 1410 1060 1485 edepol
1084 1411 1143 1470 hau
1164 1427 1223 1483 pro
1252 1410 1360 1467 lusuuo

223 1507 326 1567 terbum
347 1510 506 1583 respondit
527 1510 609 1570 mihi.
634 1507 723 1573 Pers.
746 1526 774 1573 v.
800 1513 877 1573 eet:
902 1512 996 1569 Omne
1018 1526 1073 1583 ego
1090 1525 1149 1581 pro
1171 1509 1266 1567 nihilo
1289 1522 1357 1567 esee

223 1603 288 1664 duco.
332 1602 430 1668 Mera
453 1603 514 1683 ΙΙΙ,
537 1611 568 1682 4,
592 1610 648 1669 7οε
688 1626 747 1681 pro
776 1614 853 1669 certo
877 1609 1024 1668 incertum
1048 1608 1073 1666 si
1096 1608 1198 1667 habea.
1241 1601 1356 1666 Pseud.

224 1697 282 1779 Li,
307 1705 381 1766 153:
426 1712 459 1763 ut
482 1706 560 1779 qnod
592 1703 661 1780 [ego
684 1704 752 1780 pro]
784 1713 868 1766 certo
891 1708 992 1766 seiam.
1038 1701 1136 1765 Mero.
1165 1700 1221 1779 lv,
1246 1705 1274 1778 3,
1299 1704 1359 1762 26ι

224 1816 291 1874 urges
313 1803 399 1876 quasi
415 1819 475 1874 pro
495 1804 594 1861 uouio.
617 1799 735 1884 Caecil.
759 1801 839 1866 star.
864 1802 923 1866 ine.
945 1800 1007 1865 fab.
1031 1798 1068 1861 fr.
1095 1804 1131 1861 7:
1154 1802 1280 1861 Tantum
1297 1815 1360 1858 rem

225 1896 348 1975 deniare,
371 1907 405 1958 nt
422 1917 480 1972 pro
501 1902 564 1959 ullo
586 1901 733 1961 hebuerit.
772 1899 900 1963 Terent.
925 1897 1057 1975 Adelph.
1082 1897 1107 1976 Ι,
1134 1902 1161 1971 l,
1186 1901 1240 1959 23:
1264 1897 1361 1956 amari

222 2010 349 2074 moereo,
371 1993 403 2059 h.
427 2013 454 2057 e.
478 2001 628 2074 tanquam
651 2014 766 2060 meum.
782 2014 863 2059 -c.
887 1999 949 2056 Pro
972 1991 1129 2076 significat
1151 1992 1361 2058 remunerati·

225 2106 306 2168 onem,
327 2109 410 2172 qnae
434 2092 570 2157 solvitur
592 2092 687 2159 alicui
708 2100 841 2173 propter
863 2112 902 2157 ea
916 2112 999 2173 quae
1022 2092 1097 2156 feeit
1113 2090 1164 2155 vel
1188 2090 1360 2172 praestitit,

223 2186 273 2253 sive
292 2189 442 2270 exprimit
463 2189 652 2271 vindictam,
678 2209 761 2272 qnae
787 2192 829 2256 ab
852 2192 958 2272 aliquo
981 2190 1154 2270 repetitur,
1178 2189 1246 2253 sive
1268 2205 1360 2267 prae·

224 2286 315 2366 mium,
344 2304 408 2367 quo
431 2285 579 2353 afficitur.
625 2289 734 2354 Liiius
761 2289 963 2354 Andronicus
990 2286 1028 2352 fr.
1052 2285 1198 2351 Achillis:
1244 2295 1306 2347 tum
1329 2295 1362 2345 tu

220 2389 334 2455 pretium
357 2405 418 2462 pro
447 2406 527 2448 uoco
550 2389 644 2449 dabis.
674 2386 815 2452 Naevius
838 2385 876 2451 fr.
902 2394 918 2450 7
949 2388 1089 2450 Danaes:
1114 2387 1201 2459 Quin,
1225 2393 1258 2445 ut
1281 2386 1360 2459 quie·

218 2488 484 2564 quaestuariam,
507 2504 652 2561 praeseus
674 2490 804 2564 pretium
833 2505 889 2562 pro
911 2487 1001 2560 suetis
1023 2484 1111 2545 ferat.
1158 2480 1238 2545 Cato
1261 2478 1297 2543 R.
1321 2478 1358 2544 R

217 2588 291 2647 eil:
335 2586 395 2645 Pro
423 2586 571 2647 beneficio
598 2588 723 2661 gratiam
757 2585 880 2647 referat.
929 2583 1022 2646 Ennii
1052 2582 1237 2663 epigramm.
1267 2585 1359 2658 lap.
1458 2576 1462 2585 “

214 2672 336 2745 Vahlen.
370 2698 401 2760 p.
428 2686 502 2746 163:
547 2686 595 2744 cui
622 2702 708 2745 nemo
739 2716 775 2726 -
808 2687 909 2758 Quivit
937 2701 996 2757 pro
1023 2683 1113 2754 suetis
1140 2681 1267 2740 reddere
1295 2681 1360 2753 opis

206 2783 342 2852 pretium.
375 2778 469 2843 Ennii
493 2776 678 2861 Iphigeniae
699 2779 739 2844 fr.
765 2784 794 2859 8,
815 2799 845 2844 v.
870 2784 945 2843 266:
973 2781 1033 2839 Pro
1055 2780 1222 2852 malefactis
1245 2780 1361 2837 Helena

207 2878 308 2939 redeat
322 2877 383 2936 —l
405 2874 509 2940 Plaut.
531 2878 619 2943 Asin.
642 2878 668 2957 Ι,
689 2884 718 2957 3,
735 2883 791 2943 2οι
814 2883 873 2940 Par
895 2883 962 2955 pari
984 2881 1085 2940 datum
1110 2880 1360 2947 hostimentumst,

205 2992 296 3051 opere
317 2992 374 3050 pro
396 2980 533 3051 pecnnia.
578 2977 650 3041 Aul.
674 2976 734 3056 III,
758 2983 786 3052 3,
811 2981 847 3040 8:
894 2981 960 3038 Heu
984 2995 1084 3051 senex,
1114 2993 1170 3051 pro
1193 2973 1360 3048 vapulando

205 3075 305 3134 hercle
335 3091 391 3150 ego
420 3076 474 3136 abe
502 3082 532 3137 te
560 3079 728 3138 mercedem
751 3087 862 3152 petam.
907 3072 1004 3138 Stich.
1027 3072 1083 3150 IV,
1111 3078 1136 3149 1,
1161 3077 1217 3134 54:
1265 3074 1359 3144 Quam

205 3174 254 3233 ille
278 3172 407 3232 dederat
430 3173 529 3234 dotem
552 3179 691 3251 accipere
716 3194 781 3235 eum
806 3177 898 3235 voluit
920 3191 975 3248 pro
999 3173 1132 3232 tibicina.
1167 3166 1282 3231 Bacch.
1305 3167 1361 3245 IV,

204 3276 235 3349 4,
258 3274 315 3335 55:
338 3271 432 3332 Militi
454 3275 580 3334 nummis
605 3275 740 3334 ducentia
764 3277 823 3333 iarn
846 3290 933 3332 ussus
957 3278 1004 3330 eut
1018 3288 1073 3345 pro
1089 3269 1248 3328 Bacchide.
1272 3265 1361 3328 Pera.

202 3384 229 3431 v.
252 3371 331 3433 669:
354 3373 445 3431 etiam
460 3388 520 3444 pro
542 3372 721 3432 veramente
746 3375 804 3432 huc
827 3372 930 3431 decem
953 3369 1100 3428 accedent
1121 3368 1228 3426 minae.
1274 3361 1360 3425 Asin.

202 3465 377 3546 IL3,17:
411 3471 468 3542 eui
490 3488 546 3544 pro
568 3469 669 3530 istuc?
692 3496 736 3517 =
758 3486 818 3548 pro
842 3483 914 3546 quo.
959 3463 1074 3528 Pseud.
1099 3461 1124 3541 Ι,
1150 3468 1178 3539 1,
1201 3465 1257 3523 45:
1302 3461 1363 3519 Pro

199 3567 321 3640 mum
341 3567 438 3629 aalma
461 3568 504 3629 vis
527 3575 701 3642 argenteam
723 3570 892 3628 Remittere
915 3565 984 3626 illi?
1029 3567 1058 3639 3,
1081 3564 1137 3625 46:
1169 3563 1247 3635 Quia
1268 3562 1362 3620 minae

203 3667 307 3739 uiginti
340 3667 396 3725 tibi
422 3682 482 3739 pro
509 3667 607 3726 umisa
638 3684 698 3726 non
722 3668 812 3725 etiam
836 3665 926 3723 dedit
971 3661 1055 3724 Men.
1079 3657 1139 3738 ΙΙΙ,
1163 3662 1192 3736 2,
1216 3662 1270 3721 31:
1315 3663 1362 3718 An

202 3763 255 3823 tibi
277 3764 387 3825 malam
415 3781 477 3824 rem
508 3766 551 3824 ris
573 3782 629 3838 pro
652 3766 730 3824 male
758 3764 847 3823 dictis
870 3763 956 3823 dari?
1000 3759 1083 3822 Men.
1100 3774 1128 3819 a.
1153 3760 1230 3820 590:
1274 3755 1364 3830 Apud

202 3861 331 3923 aedilem
360 3879 418 3935 pro
446 3863 511 3923 eiua
548 3861 639 3934 foetis
660 3862 872 3936 plurumisque
893 3861 1099 3935 pessumisque
1136 3858 1207 3915 Dixi
1234 3870 1371 3914 cansam·

203 3954 296 4022 Meet.
319 3955 346 4037 Ι,
370 3962 400 4037 3,
421 3964 475 4022 54ι
522 3960 584 4019 Pro
613 3962 708 4034 eapite
731 3964 780 4020 tuo
808 3968 949 4035 quantum
977 3958 1068 4018 dedit.
1112 3951 1209 4017 Most.
1232 3969 1261 4015 v.
1286 3951 1362 4013 2443

203 4056 264 4116 Pro
285 4059 371 4119 illiue
392 4059 489 4132 cupite
511 4058 591 4134 qnod
615 4058 693 4119 dedi.
718 4055 744 4135 Ι,
769 4061 799 4134 3,
826 4060 898 4120 142;
921 4058 1058 4132 Triginta
1079 4056 1174 4114 minas
1190 4068 1249 4124 pro
1271 4049 1365 4122 cupite

204 4159 252 4215 tuo
275 4155 356 4218 dedi.
377 4152 438 4233 ΙΙΙ,
463 4158 492 4233 2,
518 4159 593 4219 138:
617 4158 684 4218 Tris
706 4158 803 4216 minae
820 4174 879 4230 pro
903 4157 968 4215 istie
990 4153 1104 4213 duodus
1125 4157 1247 4226 praeter
1263 4156 1363 4209 vectu·

205 4271 266 4313 ram
289 4253 368 4314 deda
392 4257 423 4332 3,
448 4256 502 4317 1οι
527 4257 553 4315 ei
576 4256 679 4315 hercle
702 4271 782 4314 nune
805 4253 886 4314 ierat
908 4255 967 4314 Sex
989 4254 1104 4312 talenta
1126 4266 1233 4323 magna
1247 4247 1365 4323 argenti

198 4368 255 4422 pro
273 4352 343 4414 tem
362 4353 582 4430 praesentaria.
628 4349 666 4429 V,
695 4355 724 4430 2,
746 4355 803 4414 49;
850 4353 943 4425 Quam
972 4357 1091 4411 utnon
1120 4349 1286 4423 egoiatum
1304 4362 1365 4419 pm
