3125 5075
705 576 884 618 stilsslllllltilt.
1305 585 1371 640 xm

219 735 330 800 tudinis
352 753 383 816 p.
409 740 472 801 314
496 752 543 815 sq.
588 735 625 799 E.
650 735 874 801 Genitivns
897 754 927 816 p.
950 742 1127 804 315-340.
1174 739 1199 805 l.
1216 741 1265 806 Ea
1281 743 1371 824 geui-

220 848 269 911 tivi
295 847 415 924 forma,
445 866 510 928 qua
540 846 644 912 altera
666 847 752 910 notio
775 848 808 911 in
830 844 908 912 fines
930 848 1022 929 quasi
1045 849 1195 931 nominis,
1227 853 1312 934 quod
1335 855 1367 918 iu

222 958 353 1039 genitivo
377 958 519 1038 positum
543 963 601 1037 est,
624 958 777 1039 recipitur
801 963 834 1022 et
857 958 902 1023 sie
917 959 987 1023 eius
1002 960 1140 1026 ambitus
1156 970 1323 1030 coercetur
1338 982 1367 1045 p.

224 1074 396 1135 323-331.
415 1089 441 1133 a.
461 1069 627 1135 Genitivns
644 1069 834 1149 quantitatis
849 1074 1068 1150 pars-328.
1092 1077 1140 1138 64.
1150 1073 1291 1138 Primum
1301 1076 1370 1142 eius

222 1199 309 1261 genus
332 1187 384 1246 est
406 1181 565 1262 genitivus
580 1181 750 1260 partitivus
765 1199 796 1261 p.
815 1185 993 1245 323—327.
1018 1187 1067 1247 65.
1085 1182 1252 1250 Genitivns
1268 1186 1367 1251 totius

225 1294 298 1372 qnou
318 1294 423 1358 mensi
447 1310 556 1358 sumus
579 1311 609 1374 p.
634 1297 694 1358 327
718 1311 764 1372 sq.
790 1291 820 1355 b.
837 1291 1006 1358 Genitivns
1029 1294 1193 1374 qualitatis
1216 1302 1368 1377 [1323-

225 1407 284 1469 331.
326 1408 378 1469 66.
403 1404 502 1469 Cuius
524 1403 659 1485 primum
684 1421 782 1484 genus
805 1408 855 1468 est
878 1403 1036 1484 genitivus
1059 1424 1214 1487 personae
1237 1407 1288 1472 vel
1310 1408 1366 1489 rei,

225 1515 305 1580 euius
332 1516 454 1596 aliquid
485 1516 647 1596 proprium
677 1522 727 1579 est
754 1533 785 1596 p.
810 1519 988 1581 328--330,
1034 1520 1083 1582 67.
1107 1517 1275 1584 Genitivns
1294 1537 1366 1599 per·

222 1643 317 1707 sonae,
341 1645 404 1707 quo
429 1627 549 1707 gratius
571 1626 819 1707 propinquitatis
842 1628 1030 1707 exprimitur
1044 1646 1073 1709 p.
1091 1632 1162 1694 330.
1204 1633 1253 1693 68.
1271 1629 1366 1695 Geni·

224 1738 297 1804 linus
319 1738 516 1819 possessoris
538 1756 569 1818 p.
594 1741 663 1803 330.
702 1742 752 1803 69.
777 1737 945 1804 Genitivus
967 1739 1213 1821 propinquitatis
1233 1758 1366 1820 morum,

226 1849 323 1929 animi,
354 1850 474 1931 ingenii
504 1867 533 1929 p.
565 1854 743 1915 330-331.
790 1848 830 1913 ll.
858 1849 907 1914 Ea
929 1849 1060 1930 genitivi
1083 1849 1198 1931 forma,
1229 1869 1292 1932 qua
1313 1870 1367 1917 ex-

225 1960 360 2039 primitur
390 1961 439 2040 id,
470 1962 554 2041 quod
585 1960 616 2025 in
646 1962 775 2027 notione
806 1962 954 2041 apposita
975 1960 1058 2027 inest
1080 1981 1110 2043 p.
1135 1967 1312 2028 331-340.
1336 1982 1363 2028 0.

228 2068 380 2136 Genitivns
411 2072 598 2152 quantitatis
630 2091 659 2154 p.
689 2078 868 2139 331-334.
906 2077 955 2137 70.
985 2071 1084 2139 Cuius
1105 2075 1241 2156 primum
1265 2093 1365 2156 genus

234 2187 271 2244 est
289 2182 452 2265 genitivus
482 2203 650 2249 mensurae
680 2204 709 2266 p.
734 2188 912 2250 331—332.
952 2189 1001 2248 tl.
1025 2184 1193 2250 Genitivns
1215 2187 1310 2267 pretii
1334 2204 1363 2267 p.

233 2294 391 2360 aaa-334.
438 2299 486 2359 72.
518 2295 684 2361 Genitivns
713 2296 868 2361 materiae
897 2313 926 2376 p.
952 2300 1021 2359 334.
1067 2301 1117 2361 73.
1141 2297 1171 2361 b.
1195 2296 1364 2362 Genitivus

230 2405 393 2486 qualitatis,
419 2407 604 2474 coniunctus
628 2426 697 2474 eum
721 2407 844 2488 verbis,
864 2404 1038 2485 allectivis,
1063 2408 1246 2487 participiis.
1269 2409 1364 2474 Geni-

228 2514 294 2582 t'vus
317 2520 542 2601 epexegetieus
565 2539 589 2585 s.
613 2517 794 2586 definitivus
815 2538 847 2601 p.
872 2523 1050 2585 334-340,

291 2628 332 2694 ΙΙ.
355 2629 529 2712 Appendix
553 2630 718 2696 doetrinae
741 2630 1033 2706 substantivorum,
1057 2631 1097 2695 tle
1120 2650 1230 2697 eorum
1245 2631 1363 2712 ellipsi-

227 2736 273 2804 bus
292 2748 324 2806 et
345 2743 547 2824 pleonasmis,
570 2744 609 2808 tle
633 2745 923 2825 praepositionibus
945 2762 976 2824 p.
994 2747 1172 2810 340-349.
1211 2742 1286 2823 Cap.
1303 2744 1363 2809 IV:

228 2849 400 2934 Ellipses
424 2863 464 2919 et
486 2855 717 2935 pleonasmi
741 2857 867 2921 snbst
893 2874 921 2936 p.
947 2859 1126 2921 340-343.
1173 2862 1199 2920 1.
1223 2854 1362 2937 Ellipses

223 2978 246 3040 p.
272 2970 447 3031 346-342.
487 2971 515 3030 2.
544 2967 722 3032 Pleonasmi
747 2987 775 3048 p.
801 2973 861 3034 342
885 2986 931 3047 sq.
976 2966 1051 3048 Cap.
1074 2967 1116 3032 V:
1139 2966 1362 3048 Praeposi-

223 3073 342 3142 tioues
374 3095 405 3158 p.
448 3082 623 3144 343-349.
671 3085 698 3145 1.
728 3078 921 3161 Primigenia
949 3096 1059 3143 earum
1088 3076 1276 3160 significatio
1306 3078 1362 3142 ad·

227 3187 353 3253 verbialis
386 3206 417 3268 p.
451 3195 520 3256 343.
566 3196 594 3256 2.
619 3190 752 3272 Absque
778 3210 808 3272 p.
833 3195 904 3255 344.
951 3194 978 3255 3.
1001 3189 1081 3256 Siue
1105 3208 1133 3271 p.
1156 3196 1216 3255 344
1239 3207 1284 3270 sq.
1331 3195 1360 3255 4.

223 3292 299 3362 Prae
315 3319 345 3382 p.
370 3306 433 3365 345
458 3320 502 3381 sq.
541 3307 568 3366 5.
591 3302 658 3367 Pro
682 3322 711 3384 p.
736 3305 915 3368 346-343.

290 3410 346 3477 ΙΠ.
380 3411 537 3476 Doctrina
566 3411 800 3479 Pronominum.
847 3412 922 3493 (lap.
954 3413 1012 3479 Vl:
1049 3433 1080 3495 p.
1112 3419 1290 3480 349-414.
1334 3412 1359 3478 Ι.

218 3516 395 3588 Pronomiua
425 3524 620 3606 personalia,
654 3528 849 3607 possessiva,
878 3524 1030 3589 reflexiva
1051 3543 1081 3606 p.
1106 3529 1284 3591 349-367.
1333 3530 1358 3590 1.

217 3630 428 3700 Nominativus
450 3655 539 3717 pron.
562 3656 688 3719 person.
710 3638 831 3719 primae
847 3641 880 3701 et
895 3636 1053 3701 secundae
1068 3655 1224 3718 personae
1240 3656 1269 3719 p.
1287 3642 1358 3701 349.

217 3748 239 3807 t.
265 3745 400 3827 Suffixa,
431 3753 507 3827 met,
537 3752 582 3827 te,
606 3754 666 3829 pte
695 3749 734 3813 iis
762 3749 873 3813 addita
901 3768 930 3830 p.
963 3754 1023 3815 349
1047 3767 1093 3830 sq.
1139 3754 1166 3814 3.
1191 3748 1358 3814 Genitivns

215 3872 295 3935 pron.
317 3859 534 3940 personalium
556 3860 677 3940 primae
700 3865 732 3924 et
755 3861 911 3926 secundae
935 3879 1091 3942 personae
1113 3879 1143 3943 p.
1169 3865 1230 3926 350
1253 3878 1297 3940 sq.
1329 3867 1357 3925 4.

214 3965 371 4035 Remotius
401 3977 548 4052 spectant
578 3972 617 4036 od
648 3989 802 4052 personas
822 3989 904 4052 quae
927 3972 965 4036 iis
988 3971 1208 4054 significantur
1229 3991 1259 4054 p.
1284 3976 1355 4037 351.

213 4082 236 4142 5.
256 4081 392 4146 bativus
414 4101 504 4163 prou.
528 4100 656 4164 person.
679 4102 709 4164 p.
735 4087 805 4148 351.
844 4087 872 4148 6.
896 4083 1101 4149 Pleonasmus
1122 4102 1213 4165 pron.
1228 4103 1353 4165 person.

210 4197 235 4254 et
255 4191 377 4273 ellipsis
400 4212 429 4275 p.
455 4199 526 4259 352.
566 4199 593 4258 7.
618 4195 666 4259 De
690 4192 827 4259 formula
850 4195 979 4260 obserate
999 4196 1092 4261 uobis
1113 4213 1144 4276 p.
1170 4200 1241 4261 352.
1278 4196 1355 4282 Ρ10·

211 4317 314 4368 nomen
341 4305 510 4385 personale
541 4305 655 4370 tertiae
682 4324 840 4387 personae
869 4308 899 4372 is
929 4327 967 4372 eo
989 4307 1025 4371 id
1045 4326 1076 4389 p.
1101 4312 1279 4374 352-358.
1325 4314 1353 4374 3.

207 4410 276 4479 Eius
300 4414 491 4497 significatio
515 4420 548 4480 et
570 4436 647 4482 usus
669 4436 699 4499 p.
719 4423 896 4484 352-355.
940 4424 968 4483 3.
984 4419 1147 4500 Repetitio
1163 4419 1354 4486 substantivi

205 4526 285 4605 apud
307 4545 397 4607 prou.
421 4527 450 4592 is
471 4545 501 4608 p.
527 4532 596 4593 356.
633 4532 681 4594 10.
706 4528 862 4595 Neutrum
885 4549 974 4611 prou.
990 4531 1020 4596 is
1035 4549 1066 4612 p.
1083 4536 1153 4597 356.
1188 4531 1352 4612 11111Ιί0-

200 4635 241 4699 sis
264 4655 354 4718 pron.
376 4639 408 4703 is
430 4657 460 4720 p.
485 4644 545 4704 357
569 4658 615 4724 sq.
656 4647 703 4707 13.
719 4641 910 4707 Pronomiua
930 4643 1110 4723 possessiva
1124 4663 1155 4725 p.
1174 4645 1351 4709 358-360.
