3125 5075
521 362 559 400 DE
575 363 703 402 NOTIONE
720 363 814 405 vulliel.
827 384 852 393 -
868 366 1003 404 ncllvull.
1292 377 1328 435 ll

183 547 418 630 Nonnunquam
450 550 593 629 sequitur
624 551 684 619 hoe
713 552 846 619 verbum
879 572 944 622 ece.
978 572 1004 618 n
1038 551 1102 632 inl,
1137 558 1174 618 ut
1202 552 1335 619 Terent·

183 645 310 716 Plorm
332 646 376 727 ΙΙ,
401 652 428 726 1,
452 652 506 713 3οτ
549 652 652 725 Ipsum
677 654 769 726 pestio
791 653 873 712 Dori
895 656 934 712 mi
961 655 991 713 in
1015 660 1217 730 eonspeelnm,
1247 651 1278 716 h.
1303 669 1331 715 e.

183 743 274 814 moe
297 744 401 827 eupio.
445 746 641 812 Accedamus
662 748 704 816 ed
725 749 859 814 verbum
876 768 970 826 posse,
1000 748 1040 814 de
1062 750 1153 813 euius
1177 749 1333 830 singulari

183 843 267 926 epnd
290 841 441 914 Plautum
468 842 699 923 significatione
723 846 910 912 Luebkerus
938 847 978 912 de
1007 864 1066 911 usu
1099 846 1153 911 inl
1176 846 1278 911 Pleni
1301 867 1332 928 p.

183 947 221 1010 io
245 949 353 1021 lquee,
377 948 413 1006 ut
435 942 520 1020 dicit,
543 943 626 1008 iuter
647 943 813 1024 vulgarem
836 947 869 1010 et
895 943 1128 1010 intransitivum
1152 943 1333 1027 [dicendum

183 1046 252 1108 eret
275 1038 532 1120 impersonalem]
554 1039 710 1119 fluctuat)
733 1040 812 1108 heee
834 1041 979 1122 exemplu
1001 1039 1108 1106 effert:
1131 1042 1247 1108 Bacch.
1272 1042 1332 1121 ΙΙΙ,
1426 1094 1428 1097 .

183 1144 210 1220 l,
225 1142 286 1206 30:
315 1139 409 1200 Video
432 1158 490 1199 non
507 1145 620 1214 potesse
643 1144 713 1217 quin
735 1142 789 1199 tibi
814 1142 877 1202 eine
900 1160 1005 1203 nomen
1029 1145 1161 1217 eloquor,
1184 1139 1222 1204 ei
1238 1138 1333 1204 Most„

183 1237 224 1318 ΙΙ,
254 1243 285 1312 Ι,
308 1240 368 1302 49τ
418 1235 514 1296 Potie’
547 1245 580 1300 ut
611 1241 708 1299 euimo
739 1241 779 1299 sis
808 1241 909 1313 quieto
940 1247 970 1300 et
998 1239 1091 1302 ioeies
1121 1241 1199 1314 qnod
1225 1240 1335 1301 iubeo?

183 1336 275 1400 Pers.
299 1332 326 1408 Ι,
349 1338 377 1402 3,
400 1338 452 1396 6⁴2:
496 1340 536 1395 At
567 1339 623 1395 nisi
650 1345 768 1412 gnatum
799 1345 896 1396 lecum
918 1340 976 1397 hue
999 1340 1057 1397 iem
1081 1345 1222 1413 qnantum
1239 1342 1336 1412 polest

185 1434 326 1509 Adducis,
358 1434 471 1509 exigam
501 1436 602 1496 berele
632 1452 686 1509 ego
714 1442 743 1494 le
771 1453 809 1496 eu
835 1438 890 1498 bno
918 1437 1047 1498 decurio
1095 1433 1192 1498 Poen.
1218 1432 1278 1510 ΙΙΙ,
1304 1439 1332 1512 l,

189 1534 243 1594 64:
263 1540 409 1607 quantum
427 1536 529 1606 polest,
553 1530 582 1595 b.
605 1552 630 1595 e.
655 1539 807 1609 quantuni
831 1529 901 1596 fieri
922 1536 1037 1612 potest,
1067 1523 1109 1603 ὡς
1128 1526 1254 1592 δυνατόν
1276 1531 1337 1611 (sic

185 1627 321 1708 Lumbi,
355 1633 389 1694 et
421 1634 588 1693 sexcentos
622 1628 692 1693 illos
726 1629 814 1694 locos
849 1629 903 1692 ubi
937 1628 1056 1709 legitur
1086 1629 1178 1702 polie’
1206 1635 1241 1691 ut
1267 1628 1337 1693 sim.

185 1725 311 1806 Quibus
344 1725 496 1805 exemplis
527 1726 608 1790 udde
637 1726 751 1792 Bacch·
778 1726 834 1801 IV,
864 1736 894 1802 4,
925 1733 980 1794 99;
1009 1730 1095 1802 polio
1121 1732 1156 1787 ol
1181 1746 1268 1789 eures
1295 1738 1336 1791 te.
1460 1726 1466 1731 '

183 1822 383 1891 Menaechm.
405 1822 465 1901 ΙΙΙ,
489 1829 518 1902 2,
546 1830 578 1887 l:
606 1828 704 1899 polius
725 1832 761 1888 eei
782 1830 927 1901 quiesces.
972 1824 1065 1889 lloss
1092 1823 1133 1900 11,
1159 1828 1187 1902 l,
1210 1827 1264 1888 le:
1288 1829 1338 1901 qni

183 1924 312 2002 potest&
341 1921 418 1986 item
448 1922 562 1986 Pseud·
590 1940 619 1983 v.
651 1929 721 1989 930.
766 1922 849 1988 blen.
881 1922 917 2001 V,
941 1928 970 1999 9,
993 1929 1048 1986 41:
1094 1925 1150 1997 Qui
1173 1925 1204 1982 id
1223 1924 1338 1997 potest?

183 2021 224 2102 V,
248 2027 281 2100 2,
304 2025 360 2087 97:
383 2024 465 2099 Fuge
489 2023 604 2084 domum
627 2032 768 2097 quentnm
787 2027 889 2095 poleos
934 2018 1004 2085 lul.
1029 2019 1070 2096 ΙΙ,
1094 2025 1124 2094 9,
1140 2023 1174 2084 2:
1197 2030 1339 2096 quonium

183 2125 291 2199 polest,
320 2138 348 2180 v.
376 2113 487 2184 Douze
516 2126 549 2181 et
577 2117 678 2183 Goell.
723 2117 811 2184 Pers.
839 2117 894 2195 lv,
924 2124 955 2196 4,
979 2122 1029 2186 31.
1073 2116 1225 2183 Similiter
1253 2117 1341 2198 epud

186 2217 319 2288 luent.
342 2217 439 2280 Andr.
462 2216 503 2282 ΙΙ.
532 2222 558 2293 Ι,
576 2221 630 2279 27:
654 2220 679 2278 si
701 2219 731 2276 id
754 2237 813 2280 uon
833 2221 932 2290 poesi.
978 2215 1027 2280 De
1041 2222 1161 2290 suppeto
1182 2214 1221 2279 ol·
1236 2214 1339 2279 Perlz.

187 2314 229 2386 nel
252 2315 359 2382 Senot.
383 2333 413 2395 p.
437 2320 509 2390 387,
540 2313 594 2393 qui
617 2312 711 2378 effert
731 2312 813 2376 Rud.
837 2312 877 2391 ΙΙ,
901 2322 931 2391 4,
955 2316 1010 2378 36:
1056 2313 1228 2389 Coniugium
1252 2316 1340 2375 hine:

188 2420 234 2484 ile
256 2434 307 2477 res
330 2418 456 2489 suppedit
478 2416 576 2475 subito
599 2411 697 2490 [mibi]
720 2416 753 2474 et
774 2411 889 2477 Pseud.
913 2412 936 2489 Ι,
961 2414 1081 2489 3,100:
1127 2413 1167 2472 Ut
1190 2413 1278 2473 bodie
1301 2413 1342 2473 nd

190 2517 358 2583 litationem
381 2516 450 2575 huie
472 2517 609 2587 supposui
630 2514 721 2575 seties
745 2512 816 2574 lovi.
861 2507 1073 2576 Relerendum
1096 2506 1157 2573 hue
1180 2513 1230 2574 est
1245 2508 1341 2574 etiem

190 2613 326 2680 uerbum
362 2614 516 2688 vapulare,
552 2610 592 2674 de
629 2627 691 2689 quo
726 2608 795 2689 egit
828 2607 934 2673 Senot.
968 2606 1044 2675 Miu-
1076 2625 1106 2688 p·
1141 2610 1202 2672 390
1233 2606 1342 2687 ibique

191 2709 361 2790 Scioppius
389 2716 422 2773 el
450 2707 641 2774 Peiizonius.
687 2706 789 2771 Pleut.
817 2705 903 2771 Asin·
926 2705 968 2785 ΙΙ,
990 2713 1023 2785 4,
1045 2709 1085 2770 72
1109 2722 1169 2785 sq:
1215 2707 1341 2780 Vopulo.

189 2808 262 2883 ΙᾸΙΙ.
307 2810 341 2873 ld
371 2812 426 2869 libi
455 2809 572 2882 quidem
598 2809 699 2873 hercle
727 2807 789 2880 fiet,
819 2807 859 2867 Ut
885 2806 1014 2879 vapules.
1065 2801 1178 2868 Bacch.
1207 2821 1236 2864 v.
1264 2806 1343 2869 448:

190 2911 324 2984 qiipsus
346 2910 458 2983 primns
482 2907 619 2979 vomet?
662 2902 758 2971 Peen.
782 2901 836 2981 IV,
860 2907 889 2978 2,
912 2906 966 2966 73:
1012 2904 1053 2964 Ut
1077 2905 1165 2977 euim,
1193 2903 1243 2963 nbi
1270 2903 1343 2964 mibi

189 3006 431 3084 eapuloedemst,
454 3013 517 3065 tute
549 3008 660 3067 cerium
683 3003 827 3065 subieras.
874 2999 972 3065 Stich.
998 2998 1033 3076 V,
1057 3003 1085 3067 5,
1110 3002 1165 3063 10:
1214 3000 1346 3073 Vapulat

190 3106 351 3183 peculium,
380 3102 464 3180 quod
497 3101 622 3179 dieitur,
654 3117 749 3180 quum
773 3115 921 3178 magnam
942 3097 1058 3176 eoeipil
1078 3096 1209 3162 eledem.
1253 3094 1342 3159 Pers.

190 3201 231 3279 ΙΙ,
256 3207 287 3280 3,
312 3207 366 3265 17:
394 3203 464 3277 quid
495 3200 586 3261 ieoiet
613 3201 705 3265 mibi?
749 3198 930 3261 Verberibus
960 3197 1046 3259 enodi
1069 3197 1200 3269 iusserit,
1222 3195 1344 3270 podiens

190 3303 316 3379 hpingi.
340 3302 493 3375 eupoleos:
535 3301 581 3360 Ne
612 3301 737 3361 sibime
760 3296 865 3356 erodet
888 3295 1051 3368 supplicem
1074 3291 1139 3355 iere
1163 3342 1168 3352 .
1193 3293 1342 3354 milli.

191 3404 234 3462 nil
266 3404 327 3463 iem
360 3399 433 3459 mihi
466 3399 534 3461 novi
561 3398 669 3459 Offerri
698 3403 779 3470 pole,
813 3394 882 3468 quiu
917 3392 971 3453 sim
1001 3392 1125 3466 periens.
1174 3385 1279 3453 Plane.
1311 3385 1347 3451 in

191 3495 420 3573 Foeneratrioe
443 3491 555 3574 (Genu
579 3512 609 3572 p.
634 3496 722 3568 480l:

402 3597 484 3655 Heus
507 3607 551 3659 tn:
575 3597 605 3655 in
628 3593 773 3661 Barbarie
795 3592 871 3672 qnod
895 3590 1007 3651 dixisse
1029 3587 1139 3651 dieitur
1252 3662 1257 3671 ι

406 3695 531 3753 Liberis
555 3709 624 3752 sune
647 3699 802 3766 petronae,
826 3689 856 3747 id
878 3706 932 3764 ego
956 3688 1021 3747 dieo
1045 3686 1113 3745 tibi:

401 3793 525 3857 Libente¹
547 3793 644 3855 selue:
692 3788 812 3862 Vopelo
833 3788 969 3862 Pepyrie.

193 3886 321 3956 Terent·
356 3887 490 3968 Adelph.
526 3886 568 3966 ΙΙ,
603 3892 632 3966 2,
666 3892 699 3951 5:
754 3889 819 3961 Ego
851 3884 1031 3960 vapulando,
1064 3882 1115 3943 ille
1150 3875 1346 3951 verberando,

192 4010 284 4069 nsque
310 3990 398 4050 ambo
421 3989 532 4051 defessi
555 4007 661 4051 sumus
709 3985 788 4049 Eun.
812 3983 866 4062 lv,
889 3986 917 4058 6,
942 3986 960 4047 3
983 3997 1045 4059 sq:

409 4088 510 4162 Usque
548 4087 623 4147 odeo
660 4104 715 4162 ego
752 4087 834 4145 illiue
872 4082 951 4145 ferre
985 4095 1103 4155 poesim
1138 4075 1282 4148 ineptiam
1314 4080 1347 4132 et

615 4183 771 4259 magnifiee
792 4183 892 4254 verbe,

409 4284 508 4344 verbe
534 4283 601 4344 dnm
624 4283 697 4343 sint:
727 4298 827 4343 verum
851 4282 928 4341 enim
951 4278 977 4339 si
999 4276 1037 4339 ed
1059 4292 1121 4337 rem
1144 4269 1346 4343 eoulerentnr,

615 4381 778 4455 eomedit,
