3125 5075
257 386 319 443 340
594 378 752 420 succurat.
767 378 924 419 arcannm.
943 378 1007 418 ΟΑΡ.
1021 377 1060 419 Π.

257 545 320 633 ieet
341 547 460 628 lmine.
506 549 638 630 Adelph.
663 551 717 630 IV,
741 558 770 630 5,
793 556 850 615 49:
882 555 923 614 Et
946 571 992 613 me
1015 555 1059 613 tui
1082 554 1189 628 pudet,
1219 567 1278 614 oor
1300 548 1367 622 bit,
1390 550 1426 614 et

257 643 471 711 Miebelseuus
494 667 523 727 p.
550 655 619 726 143,
643 649 749 714 adnot
776 655 846 714 155.
890 648 1017 713 Phorm.
1040 648 1082 727 ll,
1109 656 1137 727 3,
1160 656 1215 713 45:
1250 668 1310 711 nou
1333 653 1427 727 pudet

260 746 434 807 Vanitatis?
478 744 592 811 Heaut
618 746 676 826 111,
702 754 730 828 3,
755 753 810 812 15;
839 750 937 825 Ipsius
960 748 1034 809 laeti
1056 750 1158 823 pudet
1203 745 1310 813 Plaut
1335 746 1426 812 Truc.

258 841 301 921 ΙΙ,
324 850 355 921 4,
383 849 436 907 77:
471 849 575 922 quoius
606 867 652 908 me
683 868 744 909 non
773 851 937 923 paeniteat.
982 844 1110 909 Terent
1141 844 1222 907 Eun.
1246 844 1287 922 V,
1317 850 1347 922 6,
1375 849 1427 909 12²

258 944 305 1002 Au
329 946 503 1017 paenitebat
525 945 633 1021 flagiti,
661 945 733 1009 vide
757 946 934 1021 Donatum,
962 944 1016 1023 qui
1039 942 1190 1024 explieat:
1226 960 1362 1021 „parum
1385 943 1430 1006 ri·

259 1037 426 1117 debatur“,
465 1040 501 1103 ei.
529 1042 672 1107 Lindem.
709 1043 750 1107 ad
780 1042 885 1107 Plaut
918 1042 1003 1106 Trin.
1031 1041 1074 1120 ΙΙ,
1104 1045 1132 1120 2,
1154 1046 1207 1105 44.
1251 1039 1381 1103 Phorm.
1404 1040 1429 1114 Ι,

260 1142 289 1200 3.
313 1141 368 1201 2οε
394 1143 490 1200 nostri
513 1151 629 1202 uosmet
650 1146 793 1218 paenitet.
838 1140 941 1205 Plaut
968 1140 1033 1203 Mil.
1056 1138 1111 1218 IV,
1138 1143 1165 1217 l,
1192 1144 1246 1201 17:
1271 1141 1323 1214 qui
1346 1141 1427 1215 inge·

258 1238 325 1296 uuis
356 1240 429 1298 satis
457 1257 637 1314 responsare
662 1258 808 1315 nequeas,
842 1257 917 1317 quae
946 1241 1070 1314 cupiunt
1100 1238 1164 1298 tui?
1208 1235 1295 1299 Triu.
1321 1234 1377 1316 lv,
1406 1243 1429 1308 1,

260 1336 315 1396 22:
347 1354 520 1411 quamquam
546 1338 623 1397 dorni
647 1342 745 1413 cupio,
769 1340 920 1412 opperiar.
968 1333 1237 1413 11111261
1268 1336 1355 1396 Abiit
1375 1356 1425 1395 ue-

262 1451 318 1506 que
342 1452 388 1493 me
412 1438 571 1495 certiorem
594 1435 677 1509 lecit,
702 1436 819 1495 fastidit
841 1440 909 1495 mei.
954 1430 1054 1498 Stich.
1076 1430 1118 1508 ΙΙ,
1142 1436 1171 1509 2,
1197 1436 1250 1495 1οτ
1275 1435 1360 1493 Mein
1384 1434 1426 1493 la·

261 1531 358 1608 otidis,
382 1534 588 1607 propudiose?
610 1550 638 1595 v.
656 1532 832 1611 Scioppius
880 1531 961 1595 Rud.
982 1530 1008 1604 Ι,
1031 1537 1062 1609 4,
1086 1534 1141 1593 27:
1166 1537 1199 1591 ut
1222 1549 1269 1591 me
1293 1533 1427 1591 omnium

260 1628 320 1687 iam
344 1629 477 1690 bionum
504 1635 594 1692 levas.
639 1629 731 1709 Epid.
755 1629 780 1707 Ι,
806 1634 835 1709 2,
859 1635 913 1694 35;
949 1632 1141 1706 Desipiebam
1168 1632 1286 1690 mentis.
1333 1627 1375 1706 ΙΙ,
1400 1633 1427 1702 2,

259 1729 317 1788 55:
348 1729 412 1787 Nee
435 1732 508 1789 satis
533 1731 708 1790 exaudibnm
731 1746 788 1788 nec
812 1731 957 1789 sermonis
980 1728 1108 1788 fallebar
1130 1735 1246 1800 tamen,
1278 1729 1363 1801 Quae
1386 1727 1428 1787 ln·

263 1832 435 1899 querentur.
474 1826 562 1889 Asin.
580 1826 621 1904 ΙΙ,
638 1833 668 1901 4,
686 1831 741 1890 53;
764 1828 815 1903 qui
838 1825 934 1902 [huic]
951 1828 1078 1887 omnium
1095 1844 1192 1886 rerum
1210 1828 1292 1900 ipsus
1309 1843 1428 1901 semper

261 1923 373 1996 credit,
400 1946 444 1975 =
473 1924 556 2001 quod
580 1924 621 1987 ad
644 1943 697 1988 res
720 1941 831 1988 omues
853 1922 978 1986 attinet.
1023 1921 1116 1986 Truc.
1140 1921 1183 2000 ΙΙ,
1208 1926 1237 1999 2,
1264 1925 1319 1985 52:
1354 1942 1427 1982 uun·

262 2040 350 2098 quam
374 2022 480 2097 edepol
508 2026 579 2083 mihi
603 2026 764 2100 Quisquam
792 2024 878 2082 bomo
906 2023 1041 2081 mortalis
1070 2022 1196 2097 posthac
1224 2021 1358 2082 duarum
1384 2040 1428 2079 re·

262 2138 332 2180 rum
354 2122 475 2184 medaii.
521 2119 633 2201 Amph.
657 2118 699 2198 ΙΙ,
723 2123 752 2197 2,
776 2123 832 2182 4οε
865 2122 1029 2195 Numquam
1053 2122 1159 2194 edepol
1185 2128 1216 2178 tu
1239 2120 1312 2178 mihi
1336 2120 1426 2179 diuini

234 2236 238 2244 ·
260 2222 381 2280 creduis
403 2231 472 2296 post
495 2224 573 2281 hunc
595 2223 689 2286 diem.
724 2218 764 2280 ad
792 2235 821 2296 q.
846 2216 866 2280 l.
890 2216 1021 2280 Tauhm.
1049 2213 1143 2279 affert
1173 2212 1289 2279 Bacch.
1314 2214 1375 2292 ΙΙΙ,
1398 2221 1426 2286 4,

261 2322 294 2381 5:
318 2321 384 2379 Non
400 2321 472 2379 mihi
489 2322 580 2379 divini
604 2337 761 2394 numquam
783 2321 936 2393 quisquam
961 2315 1093 2375 creduut.
1117 2309 1233 2375 Caecil.
1250 2311 1331 2377 Stat
1350 2310 1427 2393 Syn·

261 2414 377 2495 ephebi
400 2414 439 2480 ir.
471 2422 498 2495 1,
529 2433 558 2479 ν.
589 2420 668 2479 201:
704 2418 824 2477 studeat
846 2416 898 2474 tui.
945 2410 1074 2475 Terent.
1103 2405 1228 2472 Phorrn.
1251 2409 1289 2485 V,
1319 2414 1349 2485 8,
1375 2414 1427 2472 78:

261 2516 365 2591 Neque
389 2517 476 2578 buius
500 2519 540 2578 sis
563 2520 676 2578 veritus
700 2515 827 2576 feminae
851 2514 1021 2589 primariae.
1047 2507 1096 2571 Ad
1119 2506 1296 2587 analogiam
1314 2506 1428 2571 verbo·

262 2630 333 2676 rum
358 2613 456 2676 etiam
479 2617 555 2675 etam
578 2613 763 2677 adverbium
788 2630 858 2675 cum
883 2609 1024 2691 genitivo
1040 2612 1091 2670 est
1105 2605 1308 2668 coniunctum
1324 2604 1427 2669 Plaut.

262 2708 360 2775 Merc.
385 2709 410 2789 Ι,
436 2715 463 2787 1,
487 2719 545 2777 43;
570 2717 630 2773 Res
654 2717 805 2772 exulatum
828 2718 859 2769 nt
881 2711 963 2770 illam
987 2710 1065 2767 clam
1088 2707 1189 2765 abibat
1210 2706 1317 2778 patris.

350 2810 504 2871 tinnitibus
519 2814 715 2887 epexepetieas
726 2829 748 2872 s.
763 2808 941 2882 definitivas.
964 2802 1068 2867 Plaut.
1084 2799 1228 2878 Truc.II,
1243 2806 1271 2871 7,
1286 2805 1343 2863 60:
1360 2805 1429 2862 See·

262 2909 309 2968 lus
324 2910 391 2980 viri,
414 2911 574 2971 minitare?
598 2909 750 2974 Similiter
772 2906 893 2970 dictum
909 2911 959 2968 est
973 2901 1088 2966 Pseud.
1106 2899 1163 2974 ΙΙΙ,
1187 2904 1216 2976 2,
1243 2901 1319 2961 103;
1344 2902 1429 2976 coqui

263 3008 420 3084 sublingio,
444 3027 472 3071 V.
490 3006 623 3071 Salmas.
654 3008 740 3070 Asin.
753 3004 797 3084 II,
814 3011 843 3078 4,
860 3007 914 3065 67;
938 3004 1098 3077 Flagitium
1122 2999 1256 3059 hominis.
1279 2993 1379 3060 Poen.
1394 2995 1428 3072 V,

267 3108 297 3183 5,
321 3107 376 3168 31:
400 3108 499 3167 hallex
523 3111 588 3169 viri.
624 3103 818 3169 hienaechm.
835 3100 895 3179 ΙΙΙ,
921 3104 949 3172 2,
974 3103 1031 3162 24;
1055 3099 1212 3173 Flagitium
1236 3103 1269 3154 tu
1292 3097 1426 3166 bominis,

272 3205 396 3266 subdole
413 3225 448 3267 ac
463 3209 584 3267 minumi
600 3209 689 3281 preti.
714 3202 829 3266 Caecil.
844 3200 923 3264 Stat.
940 3195 977 3261 ir.
994 3197 1052 3260 inc.
1073 3198 1111 3257 12
1128 3196 1159 3268 (8
1171 3189 1292 3264 Bothl:
1315 3193 1430 3251 Nomen

264 3305 391 3378 virginis
418 3307 484 3365 Nisi
514 3308 620 3365 mirum
658 3312 717 3378 est,
757 3302 957 3375 deintegrabit
983 3320 1027 3349 =
1057 3290 1290 3371 virginitatem,
1333 3284 1431 3360 timim

264 3394 364 3484 κόρης.
387 3401 513 3466 Terent.
530 3401 610 3465 Eun.
628 3399 683 3480 IV,
699 3407 730 3479 4,
747 3403 801 3463 29:
824 3401 991 3459 Monstrum
1008 3393 1143 3454 hominis.
1168 3386 1206 3451 cf.
1223 3403 1293 3465 cap.
1306 3385 1333 3464 Ι,
1356 3383 1385 3464 ᾗ.
1401 3391 1429 3447 4.

435 3582 480 3659 ΙΙ.
533 3581 711 3683 Appendix
737 3577 922 3658 doctrinae
948 3569 1263 3651 subsannaret.

350 3736 543 3817 appendicis
559 3735 629 3801 loco
646 3735 816 3800 doctrinae
833 3727 1107 3795 substantivorum
1123 3723 1187 3787 duo
1206 3718 1433 3799 supplementa

272 3835 545 3898 constructionum
568 3852 679 3899 eorum
701 3828 869 3895 tractanda
889 3832 973 3900 sunt,
996 3840 1132 3904 quorum
1148 3819 1276 3898 ellipses
1296 3821 1331 3880 et
1346 3814 1435 3895 pleo-

270 3932 374 3996 nasmi
395 3932 435 3996 ad
458 3935 637 4012 notionem,
669 3929 922 4011 praepositiones
945 3923 986 3989 ad
1009 3939 1103 3988 casus
1126 3933 1236 3983 eorum
1259 3915 1432 3995 pertinent.

773 4065 815 4125 Ga
839 4108 846 4123 .
871 4063 921 4122 ΙΙ.

423 4178 598 4261 Ellipses
621 4183 661 4241 et
682 4084 899 4256 pleonapsmi
921 4163 1276 4234 substantivorum.

355 4307 381 4364 1.
405 4304 536 4378 Elltprses
559 4315 785 4378 nonnunquam
807 4291 1015 4357 inveniuntur
1037 4287 1070 4351 in
1093 4281 1247 4367 genitivis
1270 4300 1435 4362 possesso

267 4394 323 4476 ris,
346 4397 374 4462 si
394 4417 544 4480 possessa
565 4415 619 4462 res
642 4397 811 4463 omittitur.
856 4389 909 4456 Sic
933 4387 1060 4453 Terent
1083 4380 1220 4464 Adelph
1237 4380 1295 4460 lv,
1320 4385 1350 4460 2,
1373 4385 1430 4446 43;
