3125 5075
202 351 265 409 348
552 340 704 383 subernun.
721 339 877 380 urrunnu.
891 339 955 381 ΟΑΡ.
970 339 996 379 V.

198 519 262 579 suis
283 517 374 590 sactis
389 516 536 590 pessumis
559 533 680 591 pessum
702 533 845 591 premam.
890 512 977 577 Pers
1002 510 1029 591 Ι,
1053 516 1080 588 1,
1105 513 1160 575 37:
1206 529 1281 586 quos
1301 528 1350 585 pre

198 617 293 690 cupite
315 617 396 676 illius
418 616 555 689 pendam.
578 612 639 690 111,
662 619 690 691 3,
716 616 774 676 21:
796 615 880 674 Leno
904 619 933 672 te
957 618 1110 689 argentum
1134 610 1350 687 poscit-Fre

198 712 355 775 liberanda
378 712 483 771 anemo.
505 709 593 775 Pers.
617 708 656 789 V,
679 714 707 787 2,
729 713 785 772 57:
815 712 865 786 qui
886 712 955 770 huic
972 729 1031 785 pro
1054 715 1081 770 tc
1102 715 1260 784 argentum
1284 709 1349 768 dedi

198 807 297 872 Mero.
319 806 345 886 I,
372 813 399 888 l,
424 812 498 871 104:
544 812 620 870 Dico
648 810 712 869 eius
734 826 793 882 pro
821 808 935 868 meritis
963 817 1080 884 gratum
1108 824 1155 867 me
1184 813 1217 866 et
1244 824 1350 865 munen

199 907 273 968 fore.
320 905 444 970 Terent.
469 904 549 969 Eun.
572 904 598 983 I,
623 910 652 983 2,
676 910 732 970 89:
777 908 852 966 Heri
878 908 974 967 minus
1002 907 1109 979 viginti
1133 920 1190 978 pro
1219 904 1350 964 ambobu:

203 1006 280 1066 dedi.
326 1002 406 1067 Eun.
431 1002 470 1082 V,
493 1009 523 1081 4,
549 1008 604 1067 19:
627 1006 692 1079 Ego
715 1007 766 1081 pol
790 1014 820 1065 te
843 1022 899 1080 pro
922 1005 988 1064 istis
1011 1005 1100 1063 dictis
1123 1009 1153 1062 et
1172 1000 1274 1078 iactis,
1298 1020 1348 1062 sce

200 1106 257 1179 lus,
280 1105 426 1164 Ulciscur.
470 1101 548 1166 Hec.
571 1101 632 1180 ΙΙΙ,
657 1107 684 1180 1,
707 1107 762 1165 30:
794 1104 884 1162 Pueri
906 1103 987 1160 inter
1010 1119 1076 1162 sese
1100 1117 1188 1176 quum
1209 1118 1267 1174 pro
1290 1101 1348 1159 leri

203 1202 258 1262 bus
282 1202 377 1260 noxiis
393 1203 453 1262 irus
467 1199 587 1276 gerunt!
611 1198 666 1263 ubi
681 1197 749 1262 fere
762 1198 848 1262 idem
871 1203 922 1262 est
941 1195 1026 1277 quod
1044 1202 1175 1271 propter.
1193 1230 1236 1242 -
1253 1195 1283 1260 d.
1306 1194 1350 1258 Co

208 1301 339 1376 gnatum
363 1304 427 1374 est,
454 1298 481 1361 si
505 1293 663 1377 significet
690 1295 738 1375 id,
766 1296 851 1375 quod
874 1296 905 1358 in
929 1295 1128 1360 commodum
1160 1292 1298 1357 alicuius
1321 1312 1350 1356 re

209 1393 261 1458 vel
283 1411 438 1474 personae
462 1399 529 1473 est,
552 1392 603 1457 vel
625 1393 676 1472 id,
699 1393 785 1473 quod
809 1392 850 1457 ud
871 1390 1010 1471 aliquam
1032 1409 1100 1455 rem
1124 1390 1272 1455 adhiberi
1294 1408 1350 1470 pos

207 1490 258 1556 sio
301 1489 380 1555 Cato
404 1491 440 1555 R.
463 1492 501 1555 R.
526 1511 552 1555 c.
576 1497 633 1556 83:
657 1495 764 1554 Votum
782 1510 839 1567 pro
862 1493 964 1567 hebres,
988 1497 1020 1550 ut
1043 1494 1172 1562 valeant,
1197 1492 1241 1551 sic
1265 1490 1350 1550 fecit(

204 1587 239 1653 C.
267 1594 320 1653 17:
344 1592 445 1652 Rebus
473 1593 615 1651 materies
650 1592 722 1649 item
755 1609 811 1666 pro
834 1592 930 1650 ridica
956 1596 1048 1666 cett,
1077 1586 1148 1650 vide
1181 1584 1350 1652 Schneider

207 1686 295 1751 Orat
327 1686 367 1750 de
394 1694 537 1766 sumptu
553 1704 611 1750 suo
633 1704 684 1766 up.
708 1687 859 1750 Fronton.
884 1705 933 1767 ep.
957 1686 998 1751 ed
1027 1685 1175 1750 Antonin
1199 1683 1254 1748 lib.
1284 1683 1309 1762 Ι,
1334 1690 1350 1747 ‘2

207 1786 314 1845 deinde
338 1804 414 1861 quae
432 1804 486 1863 ego
511 1804 570 1859 pro
592 1787 765 1859 republica
788 1786 926 1847 fecissem
950 1789 1097 1861 leguntur.
1142 1783 1196 1847 Fr.
1221 1782 1323 1861 origg.
1346 1781 1350 1843 ἶ

206 1881 245 1960 V,
271 1888 285 1945 1
310 1881 453 1946 Bolhuis.
476 1900 507 1962 p.
532 1888 587 1947 37:
633 1886 731 1944 Urbes
761 1885 933 1958 insulasque
962 1886 1056 1945 omnis
1080 1901 1151 1959 agro
1182 1900 1239 1958 pro
1264 1883 1347 1955 Illyri

207 1998 291 2054 esse,
321 1979 375 2043 ubi
398 1999 459 2042 esse
474 1998 533 2054 pro
555 1983 657 2054 utiquo
679 1979 762 2043 idem
779 1981 930 2059 estquod
945 1978 1063 2058 facere,
1087 1995 1216 2045 causam
1233 1976 1350 2042 aiicuiu

209 2077 303 2155 tueri,
316 2077 356 2141 ab
368 2076 503 2141 alicuius
514 2079 765 2158 partibusstere.
778 2075 816 2140 In
828 2077 974 2141 oratione
986 2082 1098 2141 contre
1106 2076 1147 2140 M.
1158 2074 1304 2140 Coelium
1316 2093 1350 2154 ar

207 2174 1350 2255 Festuprosccpulishaccleguntur-:proscapulisutquecercriomulmr

209 2276 392 2349 reipublicae
415 2275 524 2350 profui,
554 2273 584 2336 h.
609 2292 634 2338 e.
658 2274 691 2337 in
714 2273 913 2337 commodum
938 2271 1155 2351 scapularum,
1185 2289 1225 2335 ne
1258 2271 1350 2335 verbe

208 2380 360 2435 rerentm·
388 2376 422 2435 et
443 2371 568 2435 aerarii.
614 2370 708 2434 Ennii
731 2368 835 2435 annul.
859 2368 879 2436 Ι
903 2370 963 2449 VI,
992 2368 1029 2434 ir.
1054 2375 1108 2448 18,
1138 2386 1166 2434 r.
1191 2372 1270 2433 215:
1314 2390 1349 2445 pr

207 2471 342 2531 Romcno
364 2474 484 2546 populo.
529 2467 703 2533 Erechthei
725 2466 763 2531 ir.
790 2474 822 2532 5:
853 2488 909 2545 pro
931 2476 1033 2530 vostre
1055 2472 1116 2530 situ
1139 2471 1227 2529 morti
1252 2487 1350 2530 eccum

207 2569 283 2628 baut
304 2570 430 2629 obviem.
474 2566 579 2631 Plaut.
603 2566 718 2631 Bacch.
741 2565 801 2644 111,
827 2570 855 2642 3,
882 2569 937 2629 16:
968 2571 1017 2643 qui
1037 2586 1094 2642 pro
1116 2573 1179 2628 tum
1201 2574 1350 2641 corrumpi

209 2668 283 2726 dicis
307 2686 427 2727 causum
449 2667 520 2738 filio.
565 2663 660 2730 Most.
684 2685 713 2729 v.
735 2670 812 2729 242:
849 2667 931 2739 Quae
949 2684 1009 2739 pro
1030 2685 1076 2725 mc
1099 2685 1219 2727 censum
1244 2668 1350 2725 dicere

206 2773 365 2840 patronum
394 2765 528 2824 liberari.
573 2762 671 2828 Merc.
694 2762 774 2843 prol.
797 2781 825 2825 v.
850 2769 890 2826 4:
928 2765 990 2824 Pro
1016 2783 1081 2825 mec
1100 2782 1233 2839 peremta
1255 2774 1289 2822 nt
1315 2766 1350 2823 sir

208 2863 246 2922 ud
273 2880 324 2922 vos
353 2863 443 2921 index
470 2864 540 2922 ilico
564 2863 615 2933 (ex
638 2861 823 2926 coniectum
845 2859 1038 2939 Ritschelii),
1070 2861 1124 2925 ubi
1155 2880 1216 2936 pro
1248 2879 1274 2925 c.
1307 2860 1348 2924 ab

207 2974 266 3037 pro
289 2955 357 3022 solo
380 2957 486 3021 dativo
509 2959 649 3039 positum
672 2964 731 3023 est.
776 2958 905 3022 Terent.
929 2958 1026 3022 Andr.
1051 2958 1088 3037 V,
1110 2966 1141 3037 4,
1167 2964 1222 3022 15:
1246 2961 1286 3019 Ni
1308 2977 1350 3018 me

206 3064 288 3117 tuam
311 3066 436 3131 patrem,
460 3060 555 3119 habeo
577 3077 632 3134 pro
655 3061 709 3118 illc
730 3076 764 3118 re
788 3061 871 3118 illum
895 3059 973 3133 quod
996 3076 1130 3118 moneam
1153 3060 1264 3133 probe,
1287 3054 1318 3118 h.
1341 3075 1350 3116 r

211 3152 297 3232 quod
319 3153 398 3218 utile
418 3153 461 3218 sit
482 3155 515 3217 in
537 3153 618 3220 benc
640 3172 718 3230 rem,
742 3158 779 3217 ut
802 3153 1011 3218 Ruhnkenius
1035 3154 1181 3234 explicet.
1199 3187 1243 3197 —
1259 3171 1287 3217 e.
1308 3155 1350 3213 Pr

209 3250 294 3315 idern
317 3250 475 3332 significat
504 3253 589 3332 quod
611 3254 784 3328 secundum,
816 3256 932 3313 ratione
962 3254 1090 3314 aiecius
1121 3254 1165 3315 rei
1187 3255 1307 3326 babitu,
1336 3249 1347 3313 i

212 3346 406 3428 (Vemdbbeit,
429 3347 512 3430 nuci).
558 3348 637 3413 Cato
662 3350 698 3413 R.
724 3350 760 3412 R.
786 3369 812 3414 c.
841 3356 873 3414 l:
905 3354 981 3414 scito
1000 3369 1057 3426 pro
1079 3353 1195 3410 ratione
1217 3351 1350 3410 fructum

206 3467 283 3511 esse.
330 3448 464 3512 C.157:
503 3452 727 3524 proportione
755 3451 894 3511 brassica
921 3453 946 3510 si
974 3451 1077 3510 uteris.
1123 3445 1156 3511 C.
1178 3455 1215 3510 4:
1259 3451 1349 3508 Viilur

206 3551 350 3610 urbanum
371 3565 428 3623 pro
450 3549 536 3621 copia
557 3549 725 3609 aedificato.
771 3544 806 3610 0.
831 3552 866 3611 5:
890 3549 921 3608 Si
944 3549 1010 3623 quis
1034 3549 1103 3623 quid
1120 3549 1293 3622 deliquerit,
1310 3565 1350 3620 pr

205 3663 286 3705 noxa
318 3647 394 3707 bono
421 3648 508 3706 modo
543 3647 683 3708 vindicet.
728 3643 762 3708 C.
787 3650 845 3707 77:
890 3648 1037 3720 Quantum
1065 3649 1147 3706 vales
1170 3662 1228 3719 pro
1255 3645 1350 3703 ration

208 3749 283 3806 cett.
306 3742 395 3807 Oret.
419 3741 542 3806 advers.
566 3740 603 3818 Q.
628 3741 802 3807 Minucium
826 3738 997 3805 Thermum
1031 3760 1080 3822 up.
1104 3737 1307 3805 Rufinianum
1330 3738 1350 3804 d

208 3837 320 3921 figuris
343 3859 372 3921 p.
397 3844 478 3904 210:
503 3842 560 3915 Qui
583 3849 717 3903 ventrem
741 3861 825 3903 suum
848 3862 907 3903 non
930 3860 986 3918 pro
1008 3843 1094 3912 hoste
1118 3842 1218 3917 hebet,
1243 3843 1295 3916 qui
1314 3858 1350 3915 pr

206 3942 240 4001 're
257 3940 395 4015 publica,
423 3958 482 4000 non
500 3957 560 4014 pro
581 3958 639 4001 cua
661 3942 802 4014 obsonet,
831 3939 871 4003 ed
894 3956 923 4018 q.
948 3938 966 4001 l.
996 3937 1147 4019 Meyerus
1169 3935 1250 4001 huec
1273 3936 1350 4000 aduc

208 4042 273 4101 tut:
305 4056 379 4115 ,mro
401 4055 457 4098 sca
479 4036 535 4101 int.
558 4056 601 4107 rc,
623 4037 688 4116 qui,
710 4042 874 4116 tamquam
897 4035 1062 4116 possideat
1076 4033 1250 4115 vectigalia
1266 4034 1350 4098 totiu

206 4134 254 4199 rei
291 4133 455 4214 publicae,
492 4152 556 4198 non
578 4152 636 4214 pro
666 4153 725 4199 suo
754 4132 886 4199 modulo
916 4139 1078 4214 sumptum
1109 4150 1227 4197 coenee
1258 4131 1349 4197 fucit*

204 4230 301 4297 Ennii
327 4232 541 4298 Eumenidum
571 4231 610 4297 fr.
638 4238 670 4296 l:
709 4253 765 4310 pro
796 4236 918 4297 viribus.
963 4232 1068 4296 Plant.
1092 4229 1191 4296 Stich.
1220 4228 1260 4310 V,
1284 4235 1350 4302 he

204 4332 265 4393 Pro
289 4335 395 4408 opibus
411 4335 533 4396 nostris.
577 4330 675 4396 Merc.
698 4350 728 4396 v.
752 4335 828 4396 506:
875 4334 991 4393 Fecere
1024 4339 1171 4392 certumst
1197 4330 1261 4391 Pro
1287 4332 1350 4404 copi
