3125 5075
224 332 287 389 216
656 316 813 359 ΒΙΙΒΒΤΔΙΙΤ.
828 315 891 356 ΟΑΡ.
905 314 948 355 ΙΙΙ.

221 496 438 574 quinquaginta
464 525 511 551 -.
556 488 682 555 Terent.
705 487 824 555 Heant.
848 488 875 569 1,
900 492 928 566 l,
952 491 987 550 7:
1008 491 1131 560 praeter
1152 489 1280 546 aetola»
1303 491 1388 547 um

217 595 334 654 Facere
358 600 389 652 et
411 596 535 666 praeter
557 605 644 665 quam
667 605 716 649 res
739 596 769 649 te
793 588 972 649 adhortatur
994 591 1055 647 tua.
1092 581 1209 646 Heaut
1231 582 1258 663 I,
1284 588 1312 654 l,
1329 588 1386 647 27:

217 692 361 751 Fortasse
384 689 568 763 aliquantum
591 686 722 762 iniquior
745 692 812 746 erat
826 689 951 759 praeter
971 681 1221 745 ememtes».
1244 679 1384 760 Adelph.

215 783 242 864 Ι,
267 790 295 863 1,
319 787 377 849 39:
401 786 530 845 Nimium
552 785 649 859 ipsast
671 781 764 844 durus
783 787 906 856 praeter
927 796 1108 855 aequoraque
1130 786 1162 840 et
1182 782 1301 840 maun.
1334 776 1382 843 Ib.

213 881 254 961 V,
277 886 306 961 5,
329 888 366 948 3:
397 884 459 943 Iam
489 898 567 942 nunc
596 881 672 941 haee
701 880 761 940 tria
789 881 918 955 primun
945 877 1048 939 addidi
1074 876 1201 937 Praeter
1226 882 1383 940 amous.

215 977 507 1060 soumarias:
530 979 635 1054 Itaque
658 995 747 1038 unam
769 979 847 1038 hauc
870 994 934 1037 rem
955 992 1003 1036 mo
1026 975 1138 1035 habere
1155 979 1283 1047 practer
1305 975 1383 1036 olion

217 1080 408 1155 praecipuam
433 1077 573 1137 arbitror.
617 1071 744 1137 Phorm.
768 1072 806 1151 V,
829 1077 859 1152 2,
884 1078 917 1134 3:
940 1074 989 1133 Ita
1011 1071 1109 1147 fugias
1130 1090 1169 1132 na
1188 1077 1312 1145 praeter
1332 1090 1383 1132 co·

214 1193 287 1244 som,
311 1176 390 1251 quod
413 1176 497 1235 aiunt
516 1173 572 1247 (=
587 1169 696 1245 ultra).
729 1169 828 1235 Andr.
844 1169 870 1250 I,
889 1176 916 1249 1,
934 1173 992 1234 31:
1015 1171 1128 1232 Horum
1151 1172 1203 1230 ille
1226 1170 1270 1230 nil
1294 1187 1380 1246 agra

216 1274 263 1351 gie
283 1276 405 1346 praem
427 1275 522 1331 cetero
538 1269 695 1344 studebat,
717 1267 750 1332 b.
767 1286 794 1332 e.
811 1266 903 1348 qussi
918 1265 1036 1331 ceteris
1051 1264 1197 1330 omnibus
1211 1263 1380 1346 neglectis,

212 1367 255 1433 ad
277 1385 308 1449 q.
331 1366 351 1431 l.
376 1366 438 1431 vid.
461 1365 587 1430 Ruhnk.
610 1382 638 1428 v.
665 1369 723 1431 95:
760 1375 792 1427 et
820 1368 890 1442 qnia
911 1373 979 1428 orat
1000 1364 1097 1427 forma
1120 1369 1242 1438 practer
1264 1370 1381 1425 oetoeoe

213 1469 350 1529 Honesta
372 1474 402 1527 et
425 1467 554 1527 liberali.

300 1564 408 1638 Prope.
432 1559 536 1626 Plaut.
551 1559 640 1626 Pers.
653 1560 679 1639 Ι,
697 1565 726 1638 3,
745 1565 799 1626 19;
816 1556 971 1636 Prope‘me
982 1562 1031 1622 bic
1042 1563 1144 1622 nescio
1156 1562 1222 1637 quis
1234 1561 1379 1635 loquitur.

298 1661 437 1735 Propter.
461 1658 607 1723 Pertinet
628 1657 691 1723 buc
705 1658 952 1739 praepositionis
963 1663 1087 1733 propter
1101 1651 1292 1736 significatio
1308 1660 1379 1718 tan·

212 1756 376 1820 tummodo
406 1754 525 1820 localis.
568 1756 666 1820 Naev.
697 1756 834 1838 Lycurg.
864 1753 904 1819 fr.
929 1759 979 1834 17,
1005 1773 1035 1819 v.
1061 1760 1119 1819 47:
1157 1756 1287 1831 Propter
1315 1772 1376 1814 anr-

213 1872 292 1916 uem.
324 1851 455 1918 catos.
472 1850 509 1915 it.
532 1871 558 1917 e.
576 1858 611 1918 9:
634 1863 760 1931 propter
782 1872 893 1916 amnes.
928 1851 1023 1916 Ennii
1042 1850 1146 1916 annal
1169 1850 1190 1916 l.
1213 1849 1239 1929 1,
1262 1847 1302 1914 ir.
1318 1854 1376 1913 eo:

215 1952 358 2014 Constitit
373 1954 440 2013 inde
456 1952 516 2012 loci
526 1957 649 2027 propter
663 1970 710 2014 sos
726 1955 775 2014 dia
791 1953 921 2013 dearum.
959 1949 1064 2014 Satur.
1087 1947 1158 2013 libr.
1177 1947 1238 2013 inc.
1261 1946 1375 2028 fragm.

215 2050 248 2110 6:
273 2049 385 2109 Subulo
409 2050 555 2125 qnondam
577 2053 708 2112 marinas
725 2056 849 2125 propter
871 2050 1011 2111 adstabat
1026 2049 1143 2123 plosor.
1189 2044 1228 2110 fr.
1246 2051 1280 2108 7:
1304 2049 1374 2107 Pro·

213 2152 283 2221 pter
307 2153 421 2221 stagna.
465 2143 568 2209 Plaut.
592 2146 674 2211 Rud.
697 2145 777 2227 prol.
801 2165 831 2210 v.
855 2149 909 2209 34:
946 2148 981 2206 In
1004 2164 1075 2222 agro
1098 2152 1187 2221 atque
1211 2145 1284 2204 villa
1306 2162 1373 2220 pro·

209 2260 299 2303 numa
312 2247 436 2317 propter
455 2261 547 2304 more.
591 2243 706 2324 Amph.
719 2243 775 2322 IV,
800 2248 828 2320 1,
845 2247 880 2307 8:
903 2245 994 2320 Quem
1011 2248 1134 2317 proper
1157 2260 1266 2318 corpus
1291 2260 1372 2303 suurn

212 2342 309 2415 stupri
331 2343 536 2417 coaptaverit,
569 2339 600 2404 h.
621 2358 648 2405 e.
674 2358 785 2422 prope,
808 2339 870 2404 vid.
894 2337 1019 2420 Sciopp.
1044 2344 1078 2403 et
1098 2338 1276 2417 Borborn.;
1312 2355 1371 2403 aon

211 2439 302 2500 recte
334 2436 508 2501 Lambinus
535 2437 713 2518 accipiebat
734 2455 793 2519 pro
816 2441 900 2501 asiae
920 2441 1032 2514 uratia
1076 2436 1206 2502 Terent.
1237 2434 1369 2517 Adelpb

209 2530 252 2612 11,
278 2541 304 2614 l,
329 2540 386 2598 15:
410 2538 459 2597 bic
475 2543 599 2612 propter
621 2541 699 2599 baec
720 2540 842 2599 adsiste.

299 2632 473 2695 Secundum.
508 2630 586 2698 Cato
610 2634 646 2698 R.
669 2635 706 2698 R.
731 2653 756 2698 a.
784 2638 860 2698 118:
884 2637 987 2696 Oleam
1010 2636 1107 2696 albam
1129 2634 1289 2696 medam
1310 2635 1369 2694 vira

209 2730 337 2790 &mium
359 2735 402 2792 uti
425 2735 516 2794 voles.
562 2729 641 2796 Cato
664 2736 744 2797 orat.
767 2731 800 2795 in
815 2731 850 2795 L.
867 2730 999 2795 Furium
1023 2730 1063 2794 de
1078 2747 1163 2811 aqua
1176 2748 1227 2810 ap.
1238 2730 1366 2795 Festum

209 2827 381 2889 Vindicius:
405 2837 562 2904 praetores
588 2832 748 2892 secandam
765 2832 911 2906 mrem
933 2831 1077 2890 vindicias
1101 2831 1212 2904 dicunt,
1234 2827 1278 2891 ad
1300 2844 1327 2906 q.
1348 2827 1365 2890 l.

210 2919 384 2987 Ducarius:
420 2924 458 3002 ,‚i.
484 2943 509 2988 a.
534 2926 651 3007 populo
674 2927 827 2992 vindicias
849 2927 936 2991 dant.
968 2924 1029 2990 Rei
1051 2930 1277 2990 controversae
1299 2943 1365 3008 pos·

206 3017 381 3083 sessionem
412 3022 530 3102 populo
563 3023 769 3088 decernunt.“
816 3024 911 3089 Ennii
938 3022 1139 3088 Euhemerus
1174 3021 1212 3089 lr.
1244 3027 1281 3101 8,
1312 3028 1362 3088 40:

208 3134 284 3193 quae
306 3121 465 3181 seeundum
490 3139 574 3181 more
602 3125 669 3183 loca
692 3130 802 3184 essent.
846 3121 950 3187 Plaut.
980 3119 1073 3202 Capi.
1103 3119 1146 3199 ΙΙ,
1177 3126 1203 3200 l,
1230 3125 1287 3185 42:
1321 3123 1366 3183 Se

206 3214 336 3275 wedam
362 3221 483 3291 patrem
518 3218 576 3280 tu’s
606 3227 694 3295 pater
721 3239 893 3296 proxumus.
935 3219 1039 3283 Plani.
1069 3236 1118 3299 ap.
1145 3217 1299 3283 Priscian.
1330 3221 1365 3280 10

206 3308 370 3386 (Scheller.
397 3332 444 3394 gr.
474 3312 529 3380 lat.
560 3331 589 3395 p.
620 3314 709 3395 744);
746 3320 906 3380 acciendum
937 3337 1026 3379 oram
1053 3336 1156 3379 aurum
1182 3318 1364 3380 abscondidi.

203 3404 271 3472 Mil.
288 3407 342 3488 IV,
364 3414 394 3491 8,
418 3415 472 3476 38;
496 3414 560 3476 Nos
581 3415 740 3477 secandum
762 3415 837 3476 ferri
859 3435 937 3478 nunc
959 3435 1015 3492 per
1033 3418 1137 3477 urbem
1160 3417 1236 3476 haec
1259 3417 1364 3487 omnia,

202 3503 258 3569 abi
281 3506 353 3570 vide
375 3507 673 3588 interpretationem
695 3510 915 3576 Lindemanni.
961 3510 1031 3578 Cas.
1061 3511 1140 3591 prol.
1169 3529 1197 3574 v.
1223 3516 1278 3576 28:
1314 3514 1361 3573 Sa

203 3604 332 3667 eandam
369 3606 452 3668 iudos
478 3609 608 3668 reddunt
639 3617 739 3671 antam
767 3613 891 3686 nemini,
928 3609 958 3675 h.
986 3628 1012 3674 e.
1041 3615 1116 3690 post
1141 3607 1247 3688 ludos,
1285 3608 1365 3673 ludis

203 3700 352 3780 peractis.
397 3700 525 3766 Terent.
548 3703 629 3769 Eun.
654 3704 692 3782 V,
719 3710 749 3785 8,
773 3710 829 3771 60:
851 3711 1025 3770 conlaudavi
1047 3709 1205 3770 nemaeum
1226 3708 1311 3781 sacto
1337 3715 1367 3768 et

202 3799 330 3861 artures
352 3804 421 3862 tuos
443 3800 598 3876 (ordinem
620 3805 654 3866 et
675 3821 804 3868 cansam
827 3805 991 3885 exprimit,
1016 3828 1058 3856 =
1081 3804 1242 3886 sequendo
1265 3807 1365 3869 virtu·

202 3896 253 3958 tes
277 3895 375 3973 tuas).
402 3894 465 3961 Pro
487 3901 648 3962 arandam
671 3901 839 3967 dicebatur
860 3903 955 3967 ctiam
978 3923 1073 3973 secas,
1096 3903 1141 3967 sic
1163 3901 1250 3983 apud
1273 3901 1367 3967 Cato

201 4007 275 4055 nem
290 3991 327 4055 R.
341 3993 378 4058 R.
395 4013 420 4059 c.
438 3999 494 4059 21:
525 4001 632 4060 dextra
651 4004 775 4063 sinistra
794 4001 942 4063 foramina
961 4005 1101 4078 utrinque
1121 4019 1204 4063 seete
1225 4003 1364 4062 lemnos

288 4090 358 4154 Suo.
404 4091 503 4174 Naar.
526 4093 600 4159 bell.
623 4095 701 4161 Pun.
725 4096 763 4162 fr.
781 4102 809 4161 7.
833 4096 965 4163 Vahlen.
989 4117 1019 4176 p.
1039 4103 1092 4163 18:
1114 4101 1291 4175 subiguntur
1312 4102 1366 4161 aab

200 4201 288 4246 saum
310 4190 463 4252 amictum.
498 4190 601 4257 Plaut.
614 4192 708 4259 Most.
725 4194 769 4268 ΙΙ,
795 4199 822 4274 1,
848 4198 900 4259 10:
926 4199 1054 4258 subeunt
1074 4200 1129 4258 sscb
1151 4196 1240 4271 soloe.
1275 4194 1364 4261 Pers.

198 4278 255 4359 lV,
281 4286 308 4363 l,
332 4289 365 4348 2:
394 4290 476 4350 Solet
499 4293 553 4351 ille
575 4299 658 4352 recte
681 4311 746 4352 sum
768 4311 876 4355 monas
897 4297 1076 4370 succedero,
1111 4293 1153 4359 ad
1174 4310 1204 4372 q.
1228 4292 1247 4358 l.
1270 4291 1366 4358 affert
