3125 5075
526 399 614 440 CASUS
629 401 896 440 suasrnnttt'oeuu.
910 422 934 430 -
949 401 1085 441 Accusat.
1308 411 1371 468 269

214 569 342 652 uenus
363 575 553 651 mirandus,
579 581 622 636 esi
642 577 779 636 credibile
801 579 857 639 aut
878 574 943 640 tulo
965 574 1073 656 quid“.
1099 573 1183 639 Eun.
1206 570 1261 651 lv,
1283 575 1313 653 3,
1337 577 1371 640 2:

215 671 322 734 lloeiue
349 679 413 732 tant
440 673 539 734 audax
567 673 683 736 facinus
711 674 812 735 iacere
836 692 902 736 esse
924 673 1049 734 ausura?
1094 669 1229 753 Adelptn
1274 671 1317 750 ΙΙ,
1340 677 1371 754 2,

216 767 265 832 li:
295 767 407 830 boeiue
429 771 565 846 incipero
592 773 794 832 Aeschinum?
836 768 971 850 Adelph.
1005 769 1065 849 ΙΙΙ,
1095 775 1127 851 4,
1148 773 1184 836 3:
1227 771 1275 832 Ex
1296 773 1370 833 illan

216 863 323 926 lrailia
344 867 420 928 Tana
442 869 604 930 inliberale
627 869 744 930 facinus
766 886 834 930 csse
856 871 970 929 ortum!
1014 866 1070 947 lV,
1092 874 1123 948 4,
1147 875 1180 930 1:
1203 869 1310 930 hocius
1333 869 1371 930 ds

218 963 363 1040 irproviso
386 966 460 1026 mibi
480 968 551 1028 mali
573 968 652 1028 obici
674 969 811 1026 Tantum.
846 983 874 1027 ι.
899 971 935 1028 21
963 981 1027 1044 sq.:
1056 985 1115 1028 aon
1137 985 1185 1028 mo
1207 968 1284 1026 hanc
1307 983 1370 1028 rena

217 1061 295 1136 putri,
317 1061 361 1122 Ut
384 1070 504 1126 uteret
524 1071 620 1140 gesta,
642 1063 814 1124 indicasse?
838 1061 970 1142 Adelph.
987 1061 1026 1141 V,
1049 1067 1080 1140 8,
1106 1066 1162 1128 11:
1185 1066 1236 1124 Mo
1259 1066 1369 1124 ducere

219 1157 340 1232 taoni,
369 1157 426 1224 ubi
447 1179 575 1236 aequm
596 1165 640 1222 est
659 1164 767 1224 urente
789 1158 969 1224 addendum
993 1164 1051 1224 est.
1076 1159 1202 1225 Phorm.
1232 1159 1258 1240 1,
1282 1165 1311 1238 3,
1336 1165 1369 1226 l:

222 1255 315 1316 Adeon
337 1275 404 1318 rem
426 1258 554 1320 redisse.
598 1256 734 1337 Adelph.
756 1255 816 1334 ΙΙΙ,
840 1261 869 1332 3,
893 1262 950 1320 ot:
973 1261 1106 1319 Haecine
1130 1259 1244 1336 flagitia
1265 1259 1368 1322 faeere

222 1353 1368 1434 essmewmmmthmsswmmmMPmmszffi:

221 1449 286 1512 icae
307 1454 495 1516 asanbolnn
517 1457 618 1514 uenire
640 1462 761 1514 anctum
785 1461 873 1528 atque
897 1455 1009 1514 lautum
1045 1472 1061 1514 e
1084 1455 1209 1516 balneis.
1242 1451 1369 1518 Phorm.

222 1541 302 1624 111,2,
312 1551 370 1612 13:
384 1551 488 1612 Adeon
495 1552 614 1628 ingenio
630 1569 696 1613 esse
711 1552 785 1611 duro
800 1558 829 1610 te
845 1560 934 1628 atque
951 1552 1139 1616 inexorabili.
1152 1569 1180 1614 v.
1194 1555 1246 1615 14:
1261 1553 1368 1614 Adeon

222 1655 318 1708 tresse
334 1649 549 1724 incogitantem
564 1657 653 1726 atque
669 1650 871 1726 inpudentem.
884 1664 913 1708 ι.
925 1651 977 1710 18;
992 1651 1065 1709 Tura
1076 1650 1133 1712 boo
1148 1667 1215 1712 esse
1231 1651 1271 1709 mi
1287 1651 1369 1712 obie-

222 1751 285 1804 ctum
305 1745 438 1806 tunam?
455 1742 493 1825 V,
509 1749 538 1824 3,
555 1751 612 1810 27:
629 1749 695 1808 Itan
710 1765 831 1822 parvam
849 1746 922 1806 mihi
936 1746 1023 1807 fidem
1040 1763 1106 1808 essu
1123 1748 1202 1822 apud
1219 1748 1269 1808 te?
1284 1746 1323 1827 V,
1339 1753 1368 1823 7,

223 1841 246 1904 l:
262 1841 388 1904 Tantam
401 1841 551 1906 fortunam
566 1845 604 1904 de
616 1846 768 1922 inprouiso
785 1861 851 1904 esse
864 1845 911 1905 bis
926 1845 1035 1904 datam.
1053 1845 1082 1921 8,
1094 1846 1150 1907 84;
1167 1847 1303 1907 Tantane
1316 1848 1367 1907 ad·

221 1935 316 1999 lectum
331 1958 510 2018 quemquam
525 1959 592 2002 esso
607 1943 756 2003 bominem
771 1939 912 2002 audaciai
934 1957 962 2002 v.
980 1943 1035 2004 85:
1056 1960 1114 2002 non
1131 1943 1187 2003 hoc
1205 1944 1367 2018 publicitus

221 2039 304 2100 selas
326 2039 399 2098 bine
421 2043 606 2114 asportarier
621 2039 681 2118 (sic
699 2036 893 2102 Bitschelius
911 2053 1037 2117 purerg.
1058 2042 1158 2117 ptus
1182 2037 1367 2102 eBennbino

222 2131 298 2206 oud).
342 2133 424 2200 Hec.
455 2134 498 2214 Il,
527 2141 555 2210 1,
581 2139 637 2200 30:
666 2139 733 2198 Noa
763 2145 794 2196 to
824 2137 947 2212 probis
978 2154 1100 2197 curasse
1126 2139 1225 2212 rebus,
1257 2141 1367 2215 nequid

220 2245 294 2310 tegre
321 2243 406 2296 esset
424 2237 512 2295 mihi!
551 2232 631 2298 Hec,
662 2232 822 2312 1V‚3,7:
853 2235 931 2294 Hinc
961 2235 1044 2295 ubire
1069 2236 1214 2295 matrem?
1237 2233 1365 2301 Phorm.

218 2321 265 2410 ΙΙΙ,
288 2333 318 2408 2,
345 2335 405 2394 43:
436 2334 468 2394 sn
490 2333 568 2394 nune
588 2335 705 2409 occipit

292 2433 344 2494 57.
365 2429 397 2510 β)
420 2429 456 2490 Si
477 2432 554 2492 notio
575 2436 620 2492 est
639 2430 794 2506 recortiva.
826 2427 863 2492 In
886 2426 1024 2492 carmine
1047 2425 1182 2492 fratrum
1200 2427 1365 2492 Arvalium

214 2529 277 2623 est:
301 2529 418 2603 Endos
437 2529 543 2608 Lases,
565 2531 674 2606 iuvate,
697 2527 782 2609 quod
805 2546 823 2591 e
847 2525 1035 2591 Grotelcndi
1057 2525 1216 2591 sententio
1231 2523 1365 2591 fortasse

208 2636 250 2673 ὲ
269 2642 310 2689 eu
331 2640 407 2705 nos,
436 2630 473 2689 ut
495 2643 619 2705 eccum,
648 2624 743 2691 ellum
766 2644 824 2705 pro
850 2642 925 2691 ecce
948 2643 1035 2703 curn,
1064 2642 1102 2689 en
1124 2622 1224 2689 illurn.
1269 2624 1366 2705 Appii

209 2708 334 2786 Claudii
357 2722 452 2789 Caeci
474 2724 653 2788 sententiae
675 2742 724 2805 ap.
747 2722 901 2789 Priscian.
926 2722 1013 2797 Vnt,
1036 2730 1055 2786 4
1079 2722 1211 2803 (Egger.
1226 2739 1257 2802 p.
1273 2724 1364 2803 101):

204 2822 428 2883 Antennacum
444 2823 536 2899 rides,
547 2824 718 2884 obliviscere
737 2824 883 2884 miseriae
908 2820 1017 2885 Livius
1039 2819 1238 2886 Andronicus
1254 2820 1365 2899 Odyts.

200 2926 256 2997 ap.
278 2914 433 2982 Priscian.
456 2917 528 2999 Vll,
551 2937 582 3001 p.
605 2925 682 2985 739:
706 2940 802 2997 noque
826 2924 904 2981 enim
927 2924 953 2979 ie
975 2922 1082 2980 obiiircs
1103 2938 1176 2981 mm.
1200 2917 1282 2982 Livii
1300 2920 1365 2983 An-

198 3010 329 3079 dronici
344 3012 383 3078 ir.
396 3015 545 3082 Achillis:
557 3020 587 3080 Si
601 3023 695 3081 natos
711 3022 841 3080 imitabo.
858 3015 925 3079 Liv.
943 3016 1082 3080 Andron.
1098 3014 1136 3079 ir.
1152 3016 1210 3081 inc.
1228 3021 1308 3097 trag.
1327 3022 1365 3081 2:

200 3113 258 3173 sed
273 3116 326 3189 qai
340 3123 411 3175 snut
424 3115 464 3189 hi,
488 3118 538 3191 qni
559 3118 721 3178 αιιιιιιιιιιι
734 3119 829 3176 nitram
844 3117 957 3177 coins?
980 3113 1093 3177 Naevii
1104 3112 1142 3177 ir.
1159 3118 1194 3177 tl
1213 3112 1365 3195 Lycurgi:

200 3206 263 3271 Dic
284 3230 346 3287 qno
365 3220 456 3287 paeto
478 3229 544 3275 eum
560 3215 651 3289 potiti
673 3217 738 3276 sitis
763 3213 857 3289 (Non.
881 3216 954 3290 481,
976 3216 1016 3274 28
1038 3210 1145 3291 potior
1166 3209 1254 3275 illam
1276 3218 1366 3287 rem).

201 3300 321 3371 Naevii
349 3308 460 3373 Danae
482 3306 518 3373 fr.
543 3315 578 3375 2:
603 3314 779 3387 Contempla
801 3313 919 3386 placide
943 3310 1069 3371 formam
1092 3316 1123 3369 et
1144 3307 1251 3371 facicm
1275 3314 1364 3387 uirgi-

206 3406 261 3467 nis.
284 3404 325 3469 lr.
351 3410 384 3469 1:
407 3410 518 3471 Omnes
540 3410 702 3471 formidant
723 3412 858 3471 homines
882 3410 944 3468 eius
968 3410 1136 3468 ualentiam.
1166 3405 1303 3487 Lycurg.
1325 3406 1364 3469 lr.

206 3506 262 3569 21:
284 3508 457 3581 Lycurgum
480 3510 576 3568 cette!
611 3505 724 3571 Naevii
747 3504 930 3587 Agitatoria
951 3503 988 3568 ir.
1012 3507 1048 3568 6:
1084 3505 1255 3567 carnificem
1278 3506 1363 3567 cedo.

206 3600 435 3685 Agrypuuates
455 3600 495 3667 ir.
521 3608 555 3667 l:
598 3606 766 3681 perdocere
789 3607 892 3665 multa.
937 3602 1035 3667 Naev.
1059 3601 1188 3667 Ariolus
1210 3601 1248 3666 ir.
1271 3606 1301 3680 2,
1334 3620 1364 3669 v.

207 3702 265 3763 22:
310 3700 425 3777 Suopto
447 3710 590 3779 utrosque
726 3705 826 3765 decuit
849 3710 990 3779 acceptos
1013 3703 1090 3763 cibo.
1135 3698 1363 3765 Testicularia:

206 3798 292 3859 immo
324 3816 399 3875 quos
422 3801 601 3877 scicidinnns,
632 3819 685 3863 eos
721 3803 912 3863 conscindam
941 3809 1030 3877 atque
1065 3802 1199 3861 abiciam.
1234 3799 1272 3862 ir.
1304 3798 1364 3865 inc.

208 3908 282 3957 com.
306 3898 343 3957 2:
366 3898 509 3959 Dictator
529 3899 580 3959 ubi
602 3916 724 3961 eanum
746 3900 860 3960 insidit.
888 3895 1027 3962 estoit
1050 3896 1087 3959 it
1111 3914 1138 3960 c.
1162 3902 1218 3962 37:
1242 3900 1364 3960 Stercus

207 3994 281 4053 ande
304 3992 417 4069 facin,
439 4000 619 4067 strumento,
642 3998 794 4073 lupinum,
823 3997 942 4071 poleos,
965 3997 1094 4069 fabalia,
1117 4014 1200 4074 ocus,
1228 3997 1364 4071 frondem

207 4090 355 4167 proneam,
377 4108 547 4165 caeteram.
582 4092 643 4157 Hic
668 4092 802 4157 offendit
824 4110 898 4169 acc,
922 4100 959 4157 ιιι
980 4092 1043 4157 ium
1066 4092 1235 4173 aliquoties
1257 4094 1289 4157 iu
1312 4111 1364 4159 oa·

211 4186 327 4265 pitibus
349 4190 581 4269 superioribus.
612 4191 750 4256 Videtur
772 4190 862 4268 Cato,
885 4208 947 4269 quo
971 4190 1073 4253 utitur
1096 4190 1218 4255 dicendi
1242 4209 1363 4272 genere

209 4280 290 4350 breui
312 4290 348 4351 et
370 4286 522 4369 abrupto,
544 4289 678 4355 verbum
701 4290 732 4353 iu
755 4289 860 4353 anino
883 4286 1048 4365 habuisse,
1071 4287 1128 4352 scd
1150 4306 1213 4352 non
1236 4307 1363 4371 expres·

210 4380 291 4447 sisse.
313 4384 390 4449 Non
412 4385 518 4451 minus
540 4386 688 4453 obsolute
710 4387 834 4469 positus
859 4391 909 4451 est
931 4385 1130 4451 accusativus
1153 4404 1180 4453 ι.
1208 4392 1258 4453 10:
1283 4392 1362 4464 Quo-
