3125 5075
583 368 730 410 noceatur
747 370 978 411 corsicanorum.
1296 385 1357 444 307

200 560 267 635 tur,
290 557 449 635 quomodo
472 557 546 623 boio
569 558 743 637 particulae
767 560 918 625 succedat.
948 565 1064 623 etiamsi
1091 563 1123 626 in
1145 562 1361 628 confirmanda

199 655 372 733 sententia,
396 656 527 720 remotis
548 657 596 735 iia,
620 674 702 735 qnae
724 658 854 722 obstere
876 657 1036 723 videntur.
1066 658 1170 725 Plant.
1193 662 1284 741 Epid.
1303 662 1361 741 lli,

200 757 231 826 4,
254 756 307 817 81.
330 771 371 816 rn.
396 752 488 831 Quae
511 770 613 831 usque
636 752 740 819 adhuc
762 755 909 835 explicui,
932 756 1079 822 reiiciunt
1101 757 1206 822 aliena
1227 758 1361 825 dictast

200 846 366 914 aiiirmont
388 851 556 915 contraria
602 853 644 915 dt
666 855 741 915 sunt
763 852 833 927 loci,
858 853 1028 932 inquibus
1054 858 1143 916 imore
1166 875 1234 934 eam
1260 857 1361 937 ipsam

199 949 407 1023 sententiam,
441 966 535 1029 quam
559 949 815 1029 colloquentium
845 949 927 1015 alter
955 953 1137 1034 proposuit,
1171 952 1359 1038 confirmare

199 1044 358 1110 videatur.
402 1045 494 1111 Unde
515 1047 643 1126 quidam
668 1049 890 1112 existimarunt
919 1050 1153 1115 adversativam
1182 1051 1264 1117 hanc
1287 1071 1360 1132 par-

200 1144 332 1209 ticulum
355 1163 427 1210 esse
451 1141 682 1208 affirmativam.
727 1144 854 1211 Scilicet
884 1155 1019 1226 possunt
1043 1167 1099 1228 ea,
1130 1168 1212 1230 quae
1245 1150 1361 1229 aliquia

200 1239 292 1316 dixit,
316 1243 357 1307 ab
379 1242 483 1307 altero
504 1243 686 1308 accuratius
708 1243 832 1307 deliniri
855 1250 912 1309 ant
932 1246 1125 1311 accumulari
1142 1249 1196 1323 ita,
1219 1254 1256 1312 ut
1272 1248 1359 1328 prior

199 1340 363 1404 sententia
390 1359 452 1405 non
483 1348 620 1420 perstet,
649 1340 705 1406 sed
731 1340 934 1407 reformetur.
979 1344 1092 1425 Neque
1119 1331 1182 1409 aiio
1205 1346 1298 1410 modo
1320 1347 1358 1427 is,

200 1438 258 1516 qul
286 1438 404 1502 ironice
434 1438 585 1518 loquitur.
630 1439 701 1503 Aul.
733 1438 781 1509 ΙΙ,
805 1449 842 1519 4,
868 1444 926 1504 28:
959 1445 1057 1503 Immo
1092 1446 1227 1520 equidem
1258 1447 1358 1507 credo.

203 1534 263 1614 ΙΙΙ,
288 1539 318 1611 6,
342 1541 375 1602 9:
398 1540 487 1598 immo
510 1547 564 1600 est.
610 1536 666 1614 lv,
696 1543 741 1616 10,
765 1544 819 1602 51:
849 1542 939 1600 immo
968 1545 1105 1603 eccillam
1136 1543 1223 1604 domi.
1267 1541 1360 1622 Epid.

200 1632 244 1709 II,
269 1642 306 1715 2,
329 1639 385 1699 80:
414 1638 527 1710 Immo,
556 1640 581 1697 si
604 1639 749 1715 placebit,
771 1638 873 1700 utitor.
920 1637 1034 1702 Bacch.
1058 1638 1100 1718 Π,
1124 1643 1158 1716 2,
1183 1643 1232 1703 31.
1257 1644 1286 1716 3,
1310 1645 1361 1704 41.

205 1737 275 1798 loe.
310 1731 392 1797 Men.
417 1734 453 1806 V,
478 1739 506 1811 7,
533 1738 572 1796 18
595 1751 679 1814 sqq:
716 1738 849 1798 Obsecro
873 1746 919 1814 te,
943 1738 1097 1815 quisquis,
1121 1755 1241 1813 operam
1266 1742 1304 1798 mi
1327 1748 1360 1800 et

201 1835 279 1909 duis,
302 1835 368 1893 Neu
391 1836 471 1893 sinas
495 1836 523 1893 in
547 1851 593 1893 me
617 1836 757 1909 insignite
781 1835 846 1895 fieri
870 1843 983 1896 tantam
1005 1838 1153 1898 iniuriam.
1177 1834 1249 1898 ΜΕ.
1264 1838 1361 1897 loonio

201 1948 324 2006 operam
348 1932 423 1992 dsbo
446 1940 478 1991 et
500 1931 659 1993 defendam
691 1939 722 1991 et
745 1934 908 1994 subvenibo
938 1936 1050 1997 sedulo.
1096 1931 1161 1995 Mil.
1185 1931 1225 2009 ΙΙ,
1251 1940 1279 2010 5,
1304 1939 1362 1997 52:

203 2031 345 2092 Visanest
367 2050 403 2091 ea
425 2032 512 2092 esse?
556 2030 620 2094 PA.
642 2033 739 2091 Immo
760 2032 868 2106 edepol
898 2035 987 2106 plane
1011 2039 1085 2093 east.
1135 2027 1251 2095 Pseud.
1277 2030 1305 2109 l,
1330 2037 1358 2108 3,

204 2131 256 2196 91).
289 2127 346 2207 lv,
373 2135 404 2207 1,
429 2132 484 2192 39:
517 2130 615 2190 Imsao
646 2132 672 2191 si
702 2129 831 2198 ecfexis,
866 2138 926 2190 tum
955 2129 1024 2190 iero
1053 2132 1146 2204 magis
1178 2129 1235 2206 [id]
1266 2134 1357 2194 dicas.

201 2226 298 2292 Poen.
321 2224 381 2305 111,
405 2231 434 2305 3,
459 2230 508 2290 56.
535 2225 570 2306 V,
586 2231 615 2306 6,
632 2230 686 2292 23:
709 2229 798 2287 immo
816 2217 1000 2288 iraat'multo
1024 2237 1092 2302 post
1115 2230 1145 2287 in
1161 2230 1207 2289 ius
1230 2232 1358 2290 veneris.

201 2325 292 2390 Pers.
315 2323 370 2404 lv,
395 2330 423 2403 7,
447 2330 482 2389 9;
517 2327 638 2387 Credidi
666 2333 783 2401 gratum
808 2326 873 2386 iore
898 2326 1077 2386 Beneficium
1100 2343 1195 2385 mcum
1226 2335 1299 2402 aput
1321 2336 1359 2387 te.

201 2417 271 2487 DO.
294 2425 391 2484 Immo
422 2425 558 2500 equidem
586 2430 711 2500 gratiam
742 2426 813 2497 tibi,
843 2426 964 2499 Toxilo,
992 2426 1096 2484 habeo.
1143 2421 1235 2487 Truo.
1262 2423 1308 2502 ΙΙ,
1330 2435 1361 2503 4,

201 2525 253 2587 22.
276 2520 401 2586 Terent.
425 2522 505 2587 Eun.
529 2521 584 2600 IV,
608 2527 637 2594 7,
660 2526 717 2586 42:
742 2521 877 2585 Credin?
922 2519 991 2585 GN.
1012 2524 1110 2582 Immo
1133 2530 1225 2584 certe.
1262 2522 1358 2587 Andr.

200 2618 262 2699 ΙΙΙ,
286 2625 315 2699 3,
340 2625 393 2685 18:
415 2623 511 2681 Imano
533 2625 575 2682 ita
595 2625 661 2683 volo
684 2625 783 2698 itaque
807 2624 926 2697 postulo
949 2629 982 2681 nt
1003 2621 1064 2682 fist.
1096 2619 1208 2684 Potest
1230 2622 1358 2684 inversa

202 2720 373 2801 negatione
403 2720 507 2784 redire
536 2720 639 2782 oratio
667 2718 715 2781 ad·
734 2715 992 2783 affirmationem:
1026 2728 1131 2782 tamen
1162 2736 1223 2781 non
1254 2724 1359 2783 mutat

200 2824 350 2883 naturam
380 2836 469 2882 suern
501 2816 666 2896 particula.
712 2816 816 2881 Plant.
848 2814 918 2880 Cas.
943 2816 992 2894 ΙΙ,
1016 2819 1052 2896 6,
1076 2822 1133 2882 51:
1167 2820 1263 2877 Immo
1287 2822 1358 2878 nilri

202 2918 317 2979 bercia.
361 2932 390 2978 n.
412 2915 449 2979 In
471 2915 689 2995 indignatione
713 2915 869 2977 mirantur
885 2914 1037 2978 Germani
1060 2931 1127 2978 rern
1143 2915 1359 2981 incredibilem

203 3012 349 3078 adhibita
371 3012 542 3094 negatione
565 3010 662 3076 usin.
694 3011 744 3075 lta
767 3013 861 3075 etiam
886 3011 1001 3075 Latini.
1046 3011 1173 3077 Terent.
1191 3015 1289 3078 Arrdr.
1308 3015 1362 3089 lv,

205 3116 234 3193 1,
258 3116 296 3175 e:
320 3113 392 3172 ldna
416 3120 463 3174 est
485 3112 608 3172 verum?
639 3114 727 3171 immo
749 3112 780 3170 id
803 3090 981 3171 lromiriumst
1003 3129 1095 3185 geone
1118 3131 1296 3186 pessumam.
1331 3119 1358 3186 2,

202 3212 260 3275 25:
281 3210 379 3271 Immo
401 3214 491 3272 etiam
514 3213 704 3270 Narrationis
726 3211 834 3284 incipit
855 3212 895 3267 mi
918 3209 1045 3270 initium.
1089 3223 1118 3271 ο.
1143 3208 1253 3287 Pergit
1273 3209 1359 3272 Haa-

201 3306 290 3373 dius:
314 3307 403 3386 „lom
425 3324 579 3387 quaeram
602 3306 744 3386 possitne
768 3323 864 3369 unum
889 3304 1076 3389 vocabulum
1104 3307 1192 3365 erroro
1215 3307 1360 3386 negatio·

202 3412 277 3470 nein
299 3404 352 3469 vel
373 3405 605 3487 oppositionem
628 3408 803 3485 praestare.
850 3400 1004 3479 Equidem
1035 3419 1097 3487 non
1126 3407 1204 3482 puto
1233 3405 1265 3467 id
1288 3403 1360 3467 fieri

202 3520 318 3585 posse,
350 3503 412 3568 nisi
440 3504 599 3568 adiectum
630 3501 673 3566 sit
707 3501 793 3567 aliud
823 3499 1014 3564 vocabulum
1044 3498 1237 3564 affirmandi:
1271 3504 1360 3562 immo

202 3620 286 3671 vcro,
314 3605 404 3663 immo
431 3603 540 3663 boote:
577 3616 659 3679 quae
688 3599 839 3677 dicuntur
863 3617 921 3678 pro
944 3603 1034 3668 eote,
1058 3600 1204 3673 profecto
1250 3599 1360 3679 siqui

203 3700 292 3781 apud
314 3699 451 3764 comicos
480 3697 540 3762 boe
570 3697 663 3761 modo
693 3698 881 3777 loquuntur,
916 3712 1021 3761 sermo
1050 3695 1277 3776 interpellatur
1304 3703 1362 3761 aut

203 3794 312 3861 aliena
333 3797 527 3881 cogitatione
548 3794 757 3876 abrumpitur.
797 3794 908 3859 Potest
929 3799 1036 3858 autem
1060 3795 1251 3859 antecedere
1274 3795 1361 3860 aliud

204 3895 339 3961 verbum
360 3892 596 3959 interiectum“.
640 3892 803 3973 Exemplis
824 3891 942 3956 Hendii
964 3891 1047 3956 addc
1062 3890 1177 3956 Bacch.
1202 3891 1245 3970 Π,
1263 3896 1290 3970 i,
1309 3898 1359 3958 33.

203 4012 236 4075 p.
260 3993 352 4059 Duae
375 4010 472 4071 quum
494 3994 675 4071 potestates
697 3991 729 4055 in
753 3992 813 4056 lvoc
836 3988 988 4055 vocabulo
1022 3990 1223 4068 conspirent,
1252 4009 1362 4056 earum

205 4097 344 4172 utraque
366 4094 494 4171 potarat
516 4089 587 4154 eliis
608 4088 771 4154 vocabulis
794 4089 927 4153 adiectis
950 4088 1072 4166 aligeri.
1119 4088 1289 4153 adduntur
1303 4089 1363 4170 igi·

204 4194 259 4255 tur
281 4187 458 4270 particulae
479 4184 700 4252 affirmationis
729 4187 936 4268 gravissimae
967 4187 1081 4262 edepol,
1103 4188 1199 4247 sacre
1222 4194 1256 4251 et
1277 4187 1361 4267 quod

204 4286 301 4353 simul
322 4285 557 4352 adversativam
581 4285 719 4367 aliquam
743 4286 805 4349 vim
828 4285 860 4349 in
883 4302 919 4348 se
942 4282 1041 4347 babet
1059 4301 1144 4352 vcro,
1168 4285 1251 4350 unde
1271 4289 1359 4348 immo

205 4404 277 4450 oero
298 4384 439 4463 exsistit,
466 4400 532 4464 quo
559 4383 663 4448 oratio
684 4389 742 4448 sut
764 4400 947 4464 repugnare
970 4380 1126 4461 oppositis
1154 4383 1275 4448 autad
1298 4402 1363 4448 rna·

1088 4482 1154 4547 20*
