3125 5075
214 364 278 422 220
651 352 806 393 BUBBTANT.
822 351 885 392 GAP.
901 351 940 391 nl.

216 530 247 589 id
269 529 501 591 adsimularier?
540 525 618 593 Ηοο.
652 525 718 606 III,
741 532 778 605 4,
803 532 837 590 7:
875 529 949 589 Dies
972 527 1099 602 moino
1119 533 1172 587 aut
1194 528 1299 602 placa

213 628 281 688 navi
310 626 363 686 lui.
396 657 440 669 —
473 625 619 691 Pertinet
644 624 708 690 huc
739 624 835 688 etiam
870 641 936 689 acc.
971 622 1126 703 temporis
1160 640 1235 688 cum
1271 628 1299 687 ol

213 721 411 789 coniunctus.
441 721 544 787 Plaut.
569 722 685 788 Bacch.
709 720 768 799 Ill,
793 726 822 801 2,
845 727 881 787 4:
904 724 961 783 hoc
983 722 1127 783 factumst
1148 721 1247 784 terma
1271 726 1299 785 ol

215 826 373 885 biennium.
418 819 515 886 Stich.
539 820 566 899 1,
591 826 620 899 2,
643 824 703 884 80:
727 823 805 895 Quid
827 824 898 882 illos
922 822 1089 896 expectatis
1112 821 1162 896 qui
1185 822 1299 882 cetina

212 923 350 983 abierant
372 921 553 981 triennium?
597 916 668 983 Cae.
697 916 776 998 prol.
815 936 843 981 v.
868 922 926 982 39:
972 921 1002 980 Is
1030 935 1146 994 servos,
1185 920 1241 980 sed
1269 921 1299 979 ul

212 1037 308 1080 annos
339 1020 482 1081 factumst
508 1019 641 1092 acuum
666 1019 759 1091 Quom
794 1020 1000 1091 conspicatust
1032 1018 1161 1091 primulo
1194 1034 1299 1091 crepas

214 1119 346 1178 Puellam
370 1118 488 1191 exponi.
512 1113 638 1179 Terent.
663 1112 762 1177 Andr.
779 1112 805 1193 Ι,
828 1118 931 1190 1,42:
956 1116 1078 1174 Interea
1099 1116 1208 1174 mulier
1230 1132 1299 1190 quaa

212 1216 321 1274 abhinc
343 1215 504 1275 Maeuium
532 1215 580 1273 Ex
602 1213 706 1274 Andro
733 1214 938 1287 commigravit
964 1214 1022 1272 huc
1051 1213 1188 1274 viciniae.
1234 1209 1299 1275 Het

216 1316 247 1389 3,
271 1315 327 1375 24:
372 1312 481 1371 abhinc
501 1312 611 1372 menan
636 1311 734 1370 ἀοοοηι
763 1308 837 1370 fere.
882 1306 920 1386 V,
950 1312 980 1387 9,
1004 1311 1059 1372 28:
1102 1310 1283 1371 Vinolentus

212 1410 320 1469 othim
341 1426 435 1470 annos
457 1409 623 1481 quindecim
644 1409 850 1468 mulierculam
865 1409 940 1466 Eam
957 1409 1145 1483 compressit.
1169 1403 1299 1469 Hand'

213 1504 280 1569 sell.
304 1504 329 1584 Ι,
353 1523 383 1585 p.
407 1508 448 1570 64
479 1505 574 1570 docet
602 1505 711 1570 cadem
743 1500 974 1583 significatione
996 1520 1017 1566 a
1036 1501 1153 1568 Plauto
1182 1502 1281 1567 etiam

212 1606 400 1683 usurpatum
425 1619 496 1667 esse
519 1601 612 1667 Truc.
658 1601 698 1680 ll,
722 1606 751 1680 3,
775 1605 830 1665 20:
855 1604 949 1676 Quam
972 1604 999 1662 si
1021 1604 1090 1663 lucc
1111 1603 1299 1664 ducentosa

212 1701 321 1762 fuerim
342 1710 486 1763 mortuas.

298 1797 361 1863 Sed
394 1797 556 1861 iuvenitur
584 1796 679 1861 etiarn
708 1795 911 1861 accusativus
943 1794 1106 1875 temporis,
1134 1792 1190 1859 ubi
1219 1811 1282 1858 non

215 1893 425 1975 perpetuitas,
454 1893 511 1958 sed
534 1912 632 1959 unum
655 1900 779 1958 tanturn
803 1899 956 1974 punctum
983 1892 1136 1972 temporis
1165 1889 1299 1972 significa

211 1992 298 2071 quod
324 1991 400 2057 alibi
432 1990 572 2056 ablativo
601 1991 798 2071 exprimitur.
844 1990 924 2055 Cato
952 1990 988 2053 R.
1012 1990 1049 2054 R
1088 2007 1113 2054 c.
1140 1994 1194 2053 17:
1228 1993 1299 2051 Eat

212 2108 313 2153 semen
335 2092 430 2151 viride
451 2098 484 2152 et
505 2097 651 2171 maturum
677 2092 777 2166 habet,
801 2091 845 2150 uui
868 2108 969 2151 semen
993 2091 1030 2149 de
1054 2106 1208 2163 cupresso,
1232 2089 1270 2149 de
1292 2108 1299 2164 1

209 2189 326 2260 ᾳοιὲᾱοίο
344 2190 418 2247 anni
429 2190 530 2263 legere
542 2190 649 2263 possis.
667 2190 742 2248 Item
760 2188 878 2260 quidvis
896 2190 969 2249 onna'
986 2195 1103 2247 matura
1118 2195 1165 2248 est
1176 2189 1253 2249 cett
1270 2183 1299 2248 C.

208 2287 341 2347 muium
357 2295 409 2347 aut
425 2288 619 2360 quatriduum
633 2294 711 2360 post.
728 2283 832 2348 Plaut.
853 2283 966 2365 Amph.
983 2284 1009 2361 l,
1030 2292 1057 2361 l,
1076 2287 1109 2345 2:
1135 2286 1194 2358 Qui
1213 2287 1299 2344 locu

208 2386 289 2445 solus
302 2385 459 2457 ambulem,
476 2380 633 2460 δεικτικῶς,
644 2409 687 2429 =
699 2386 793 2446 nocte
804 2387 868 2445 tam
882 2386 1062 2461 seruatque
1074 2381 1277 2461 intempesta
1295 2400 1299 2415 ·

208 2483 267 2556 Qui
288 2482 344 2544 hoe
357 2484 450 2543 nonus
468 2490 589 2558 apertu
607 2479 701 2558 [med]
717 2482 856 2555 ingratiis
872 2483 1022 2544 excitauit
1047 2478 1072 2558 I,
1091 2485 1117 2556 l,
1138 2483 1214 2543 136:
1238 2481 1293 2541 Set

205 2580 254 2638 hic
268 2583 423 2658 esthemo,
437 2598 523 2656 quem
535 2587 604 2640 ante
617 2581 701 2641 aedis
713 2581 799 2640 video
808 2581 861 2638 noc
871 2581 985 2639 nomn?
997 2596 1025 2642 v.
1041 2582 1117 2642 154:
1134 2596 1194 2638 nou
1211 2583 1298 2654 place

207 2678 261 2736 hoc
274 2680 368 2739 noetis
390 2696 466 2740 esse.
489 2675 615 2742 Curcul.
632 2676 658 2755 Ι,
675 2683 701 2755 l,
721 2682 753 2739 l:
780 2679 844 2751 Q'uo
868 2678 919 2737 ted
934 2678 988 2736 noc
1002 2679 1096 2737 noctis
1112 2678 1208 2736 dicam
1222 2678 1298 2751 profi

206 2774 289 2836 foras
336 2774 424 2839 Asin.
448 2775 474 2853 Ι,
503 2780 527 2854 Ι,
552 2778 608 2838 56:
636 2778 739 2851 Neque
763 2777 868 2851 puduit
888 2793 954 2836 eum
976 2776 1010 2834 ld
1031 2777 1137 2836 ocules
1159 2777 1299 2849 sucopla

209 2873 344 2933 Struere.
390 2872 504 2937 Bacch.
538 2871 633 2951 lte,
658 2876 733 2938 109:
778 2876 824 2933 Ne
849 2877 1017 2948 navigarem
1040 2874 1160 2932 medem
1191 2874 1247 2932 hoc
1268 2891 1299 2933 cn

206 2984 307 3029 senex.
331 2967 397 3032 Mil.
421 2969 480 3048 111,
499 2975 526 3047 1,
543 2974 600 3033 64:
623 2975 664 3031 At
687 2973 805 3047 quidem
827 2972 900 3031 illuc
920 2973 1028 3031 ectum
1050 2973 1099 3045 qui
1122 2972 1162 3030 sit
1185 2975 1262 3033 cett.
1286 2968 1299 3032 l

205 3062 265 3142 111,
290 3069 319 3143 3,
342 3070 398 3130 57:
431 3070 614 3144 Quemquam
636 3071 690 3130 hoo
711 3087 757 3129 me
777 3072 884 3130 ouans
906 3069 1118 3143 sucophantari
1140 3068 1243 3142 pudet.
1275 3065 1299 3129 ll

208 3160 252 3239 ΙΙ,
276 3165 305 3238 2,
331 3169 386 3228 19;
414 3168 562 3239 quietim
586 3186 641 3243 ego
664 3169 770 3229 uetuta's
794 3167 916 3227 videor?
938 3164 1066 3229 Terent.
1090 3164 1208 3229 Heaut.
1226 3163 1252 3243 I,
1272 3171 1298 3243 l,

204 3262 271 3336 Ego
293 3261 370 3324 istuc
393 3266 499 3324 astutus
516 3281 583 3352 ¹uon
606 3267 699 3327 amori
722 3284 843 3340 operam
868 3266 984 3326 dabam.

290 3357 361 3424 Huc
384 3358 572 3424 referendus
595 3365 645 3425 est
668 3361 765 3425 etiam
781 3366 816 3424 et
831 3360 943 3424 similis
967 3359 1040 3426 huic
1056 3361 1239 3427 accumtivo
1255 3361 1293 3435 is,

208 3454 325 3518 dicitur
359 3474 509 3538 graecus,
546 3458 811 3537 qruemulmodum
849 3463 938 3523 recte
972 3464 1083 3523 censet
1116 3458 1299 3539 Krucgerur

202 3570 334 3633 gramm.
359 3553 414 3618 lat
438 3572 469 3634 p.
485 3560 559 3619 427.
582 3554 661 3620 Cato
677 3555 713 3620 R.
730 3556 766 3619 R.
780 3575 807 3620 c.
826 3561 859 3619 7:
882 3557 969 3619 onos
989 3559 1123 3625 uelde,
1141 3559 1247 3631 posim
1260 3589 1298 3601 -

205 3653 388 3727 conduntur,
419 3652 479 3715 nisi
502 3653 609 3732 potius
632 3653 752 3734 pendet
772 3653 824 3719 hic
847 3671 911 3719 acc.
935 3673 955 3718 a
976 3654 1176 3734 praegressis
1201 3658 1295 3716 serito

201 3751 337 3811 inserite.
363 3766 388 3812 c.
416 3754 489 3814 118:
514 3759 631 3815 caetero
653 3757 723 3813 item
748 3755 870 3815 condito
893 3755 945 3827 ita,
969 3757 1012 3813 uti
1036 3757 1294 3829 suprascriptum

202 3844 287 3925 quod
311 3843 525 3912 Schneiderus
547 3849 594 3913 ita
616 3848 766 3930 explicat:
792 3849 830 3927 „i.
855 3866 882 3912 ο.
910 3849 996 3928 quod
1019 3849 1143 3928 reliqua
1165 3849 1299 3914 condimn

199 3941 347 4007 attinet.“
370 3943 465 4009 Ennii
488 3944 591 4010 annal.
613 3945 633 4009 l.
657 3946 714 4024 IX,
736 3945 774 4012 ir.
793 3953 825 4010 7:
848 3951 980 4023 perculsi
995 3953 1117 4022 pectora
1139 3950 1244 4010 Poeni.
1260 3945 1299 4010 l.

199 4037 238 4104 fr.
261 4046 295 4104 4:
319 4046 465 4104 succincti
488 4046 579 4105 cordo
600 4047 778 4107 machaeris.
803 4042 822 4107 l.
846 4044 930 4123 1,lr.
953 4049 1010 4109 40:

416 4143 520 4202 Cetera
541 4161 615 4218 quos
637 4145 783 4217 peperisti

408 4241 454 4299 Ne
477 4257 574 4302 cures.

203 4331 335 4398 Servius
357 4335 397 4398 ad
420 4336 509 4416 Virg.
556 4338 638 4399 Aun.
661 4334 681 4398 l.
705 4334 761 4412 IX,
786 4354 814 4399 v.
839 4340 900 4400 656
924 4336 1017 4401 dicit:
1056 4340 1182 4414 ‚fluere
1206 4339 1299 4404 deine
