3125 5075
513 368 661 409 oocuulua
675 370 908 411 raaulouuauuu.
1231 379 1294 439 343

134 553 230 634 Epid.
255 554 297 632 II,
322 560 350 633 3,
374 560 408 621 9:
432 566 521 633 atque
542 560 572 617 id
594 576 706 631 quaque
728 560 833 621 habeo.
857 558 971 624 Bacch.
995 558 1295 638 1v,e‚51:1mm0

136 661 185 712 est
211 670 331 727 quoque.
385 652 480 718 Poem
505 653 542 733 V,
566 659 600 731 2,
627 659 700 718 125:
736 660 814 730 Quin
842 675 908 717 mea
934 676 1046 733 quoque
1076 660 1133 720 iste
1162 658 1295 726 habebit,

138 752 239 825 siquid
260 769 307 811 me
330 752 402 814 luat.

224 851 273 912 39.
322 849 545 911 eontuneoouee
578 852 793 913 adversativae.
848 853 923 919 Ast,
956 858 989 912 at
1020 849 1114 917 unius
1147 848 1294 915 vocabuli

135 942 258 1022 duplex
278 944 380 1010 forma
402 952 461 1011 est
490 946 560 1010 Sec.
577 946 736 1012 Handium
751 948 785 1011 in
801 946 935 1012 Turseli.
960 948 993 1026 I,
1023 966 1054 1028 p.
1077 952 1141 1012 418
1163 947 1295 1027 propria

136 1048 170 1105 et
194 1059 259 1106 una
281 1044 330 1107 vis
356 1042 451 1108 huius
473 1044 702 1109 coniunctionis
732 1045 874 1110 cernitur
901 1046 932 1110 in
963 1045 1177 1127 oppositione,
1198 1060 1294 1140 ,quae

136 1157 209 1202 esse
232 1144 342 1218 potest
365 1150 399 1204 et
421 1141 573 1205 contrarii
597 1149 629 1205 ct
652 1142 778 1206 diversi.
826 1140 933 1218 Quare
956 1161 1018 1207 non
1040 1142 1175 1207 inservit
1196 1159 1294 1222 copu-

136 1235 250 1300 lationi
272 1239 503 1301 sentcntiarum
533 1237 667 1319 simplici
696 1257 799 1318 neque
830 1256 981 1318 usquam,
1015 1240 1078 1305 nisi
1105 1239 1169 1304 alia
1196 1257 1294 1305 causa

134 1334 366 1413 intercedente,
390 1336 430 1399 ab
451 1337 541 1399 initio
557 1338 711 1401 orationis
727 1336 801 1415 poni
816 1343 932 1416 potest.
965 1337 1098 1401 Omnem
1118 1338 1293 1417 particulae

135 1449 232 1495 nsum
254 1431 399 1497 Hendius
422 1451 452 1512 p.
467 1438 531 1498 420
553 1434 595 1497 ad
618 1433 678 1498 tria
705 1452 823 1513 genere
839 1440 978 1513 revocet,
1002 1452 1138 1513 quorum
1154 1436 1292 1515 primum

136 1528 179 1591 ob
202 1529 379 1609 simplicem
403 1530 614 1611 oppositionis
638 1528 902 1611 significationem
925 1532 1033 1597 vocari
1055 1538 1162 1612 potest
1184 1552 1291 1613 gram·

138 1626 303 1705 malicum,
325 1627 461 1692 alterum
486 1627 689 1703 rhetoricum,
714 1629 842 1692 tertium
866 1630 1070 1708 patheticam.
1116 1630 1165 1694 De
1181 1629 1293 1694 discri-

136 1725 221 1787 mine
244 1729 367 1801 autem‚
395 1726 480 1804 quod
503 1725 672 1791 intercedit
698 1725 784 1788 inter
811 1732 844 1786 at
865 1733 898 1789 et
919 1730 984 1796 sed.
1008 1726 1153 1792 Handius
1175 1746 1204 1807 p·
1228 1732 1291 1793 425

136 1819 215 1884 haec
239 1820 349 1885 habet:
381 1824 470 1891 „Sed
501 1840 539 1887 ex
561 1842 593 1884 se
620 1822 756 1900 luctum,
793 1824 953 1904 propriam
983 1826 1045 1888 vim
1069 1824 1167 1888 habet
1189 1824 1292 1889 seclu-

135 1918 241 1997 dendi,
265 1937 367 1998 eoque
390 1920 515 1984 nomine
537 1918 644 1984 differt.
665 1921 705 1983 ab
728 1926 767 1982 at.
814 1920 852 1984 Id
882 1923 964 1985 enim
986 1922 1106 1987 indicat
1127 1938 1195 1985 rem
1219 1939 1293 1985 con·

135 2016 270 2078 trariam
293 2021 349 2080 aut
372 2024 484 2080 contra
507 2018 701 2097 oppositam,
730 2021 781 2079 sed
808 2037 870 2082 non
893 2022 1039 2100 opponit,
1070 2019 1126 2083 sed
1155 2020 1292 2085 secernit

135 2122 170 2176 et
191 2115 327 2194 apponit
348 2114 389 2180 id.
414 2115 498 2193 quod
521 2115 779 2195 distinguendum
804 2116 938 2181 videtur.
992 2116 1101 2182 Veluti
1129 2117 1184 2195 qui
1215 2117 1293 2182 dicit

133 2213 217 2272 dioec
246 2218 303 2278 est,
336 2215 387 2271 sed
404 2232 463 2272 11011
488 2216 618 2287 protus,
641 2211 700 2276 hoc
724 2212 806 2291 vult,
839 2219 1025 2293 praeterea,
1060 2214 1146 2292 quod
1176 2214 1291 2293 aliquis

134 2308 299 2378 dicessit,
323 2328 395 2372 cum
419 2328 481 2373 non
505 2310 640 2389 probum
664 2328 749 2374 esse:
780 2311 847 2374 sive
878 2311 932 2390 qui
955 2312 1113 2375 dicituro
1135 2314 1216 2374 dives
1239 2318 1291 2382 est,

133 2408 185 2468 aed
210 2410 342 2480 probas,
365 2406 396 2470 iu
420 2427 477 2486 eo,
504 2407 588 2486 quud
611 2425 673 2471 non
697 2405 786 2473 dives
808 2415 873 2487 est,
896 2408 1090 2488 probitatem
1112 2408 1289 2490 distinguit

136 2502 243 2581 Quum
266 2515 373 2569 autom
397 2504 467 2569 dico
490 2508 571 2567 diver
586 2512 637 2575 est,
660 2511 766 2566 atuor
781 2509 903 2582 modus,
925 2506 1046 2571 divitiis
1069 2524 1193 2588 oppono
1216 2526 1290 2589 pro·

133 2600 246 2665 1110110
268 2600 427 2668 delectum
449 2605 508 2682 ita,
532 2610 568 2666 111
590 2602 661 2667 illes
687 2621 758 2667 esse
784 2603 960 2669 concedens
983 2604 1064 2669 hanc
1086 2610 1195 2669 tamen
1218 2624 1290 2670 esse

133 2718 264 2779 negem,
297 2719 356 2764 nec
378 2707 501 2764 tantum
533 2700 766 2779 diversitatem,
796 2701 851 2766 sed
873 2702 1106 2783 oppositionem
1134 2703 1182 2768 rei
1212 2701 1291 2768 defi·

135 2797 252 2862 cientis
275 2803 309 2862 et
330 2799 377 2861 rei
399 2817 462 2862 non
478 2797 655 2863 deficientis
670 2799 870 2880 agnoscam.“

219 2913 249 2958 a.
293 2894 515 2975 oppositione,
549 2913 643 2975 quam
676 2896 835 2976 particula
868 2903 900 2957 ut
932 2896 1098 2976 exprimit,
1145 2905 1203 2962 aut
1237 2916 1290 2963 res

132 2991 378 3072 distinguuntur
404 3011 442 3057 ex
470 2993 605 3057 adverso
633 2994 772 3073 positae,
806 3000 863 3058 aut
891 2995 1069 3059 sentcntiae
1099 2997 1289 3061 contrariae.

130 3090 242 3169 Atque
263 3089 296 3152 in
319 3090 417 3154 rebus
440 3092 636 3170 opponendis
659 3107 698 3155 oo
719 3089 879 3170 siguificat
901 3112 937 3152 ee
952 3094 1048 3153 altera
1063 3100 1162 3169 parte,
1186 3112 1201 3154 e
1223 3114 1289 3154 cau·

132 3189 237 3248 truria
263 3195 359 3264 purte.
406 3189 457 3254 Sic
480 3189 625 3252 Hundius
652 3206 683 3269 p.
706 3192 784 3266 420,
811 3187 866 3266 qui
893 3189 1007 3253 deinde
1030 3189 1196 3271 impugnat
1218 3211 1290 3255 scn-

131 3285 268 3350 tentiam
294 3285 398 3351 Rostii
427 3294 592 3351 comment.
622 3286 726 3351 Plaut.
755 3305 785 3366 p.
810 3291 872 3349 240
894 3304 960 3366 sqq.
990 3285 1148 3359 (Plautin.
1179 3289 1289 3369 cupcd.

129 3380 246 3448 lercnl.
271 3383 325 3463 13)
347 3385 490 3450 docentis
516 3391 548 3447 at
569 3403 631 3448 non
652 3385 728 3465 poni
761 3383 820 3449 nisi
850 3383 904 3447 ubi
934 3384 1004 3464 quis
1027 3401 1104 3448 suae
1127 3386 1289 3451 antelios

130 3480 271 3545 hominis
295 3483 474 3547 sententiae
496 3482 665 3547 veritatem
685 3481 933 3561 facultatemque
949 3482 1116 3562 impugnet
1131 3488 1228 3562 atque
1243 3484 1290 3547 ita

131 3577 280 3645 diversas
295 3584 329 3643 et
343 3581 521 3645 contraries
544 3581 729 3654 sententias,
752 3597 815 3643 nnn
831 3579 917 3660 ipsas
933 3580 1077 3645 diversas
1092 3598 1145 3645 res
1161 3580 1288 3661 opponi.

131 3676 261 3758 uragu.
291 3677 374 3757 legis
396 3677 498 3743 Servii
522 3676 617 3742 Tullii
639 3695 690 3758 ep.
714 3678 846 3743 Festum
868 3695 897 3740 v.
918 3680 1056 3752 plorare:
1086 3681 1111 3740 ai
1133 3689 1288 3753 parentem

130 3794 210 3853 puer
231 3778 379 3852 verberit,
401 3782 450 3839 ast
471 3780 530 3838 olle
552 3781 696 3853 plorassit
715 3781 815 3852 pareri
838 3795 913 3852 puer
936 3779 1010 3838 diris
1030 3785 1185 3852 parentum
1203 3796 1290 3839 socer

130 3884 208 3937 estu.
253 3871 453 3938 01101111.
477 3872 576 3954 praef.
600 3875 619 3951 §
642 3881 671 3938 4.
695 3873 789 3938 Ennii
812 3873 915 3938 annul.
938 3890 967 3936 v.
991 3878 1031 3938 82
1055 3891 1123 3954 sqq.
1147 3892 1198 3954 ap.
1223 3872 1287 3938 oie.

129 3971 173 4037 de
195 3971 258 4036 div.
281 3969 306 4049 l,
329 3975 386 4037 48:
409 3975 519 4035 Remus
542 3976 675 4049 auspicio
698 3991 730 4034 se
754 3974 879 4034 devovet
906 3980 994 4048 atque
1018 3975 1177 4035 secundam
1201 3974 1289 4034 Solus

131 4088 219 4133 aren
257 4081 385 4134 aerest.
413 4078 446 4133 at
478 4073 620 4133 Romulus
654 4072 779 4146 pulcher
813 4073 843 4131 ln
877 4072 938 4132 alto
973 4074 1097 4144 Quaerit
1128 4072 1287 4132 Aventino.

129 4166 347 4248 Epicharmus
368 4164 408 4232 ir.
432 4174 468 4233 5:
492 4180 575 4229 terra
598 4187 706 4244 corpus
728 4175 785 4244 est,
808 4174 841 4229 at
863 4170 970 4229 mentis
993 4171 1070 4244 ignis
1093 4179 1148 4231 est
1184 4166 1289 4230 Euhe-

130 4283 242 4331 merus
263 4263 302 4331 tr.
327 4270 357 4345 3,
380 4270 430 4330 21.
455 4264 557 4329 Plaut.
581 4262 673 4344 Capt.
689 4263 748 4343 111,
772 4271 801 4343 5,
818 4268 875 4329 26:
899 4267 931 4327 Si
955 4285 1009 4341 ego
1032 4268 1080 4326 hic
1103 4267 1218 4343 peribo,
1242 4270 1291 4324 ast

129 4368 195 4440 ille,
217 4373 251 4426 111
274 4367 360 4444 dixit,
383 4383 442 4428 non
465 4367 557 4426 redit:
579 4364 625 4425 At
647 4367 707 4426 erit
727 4367 767 4425 mi
791 4366 847 4425 hoc
870 4364 980 4425 factum
1005 4372 1121 4425 mortuo
1143 4380 1292 4424 memora-
