3125 5075
530 332 569 369 DE
585 329 737 370 Cambunii)
754 332 792 370 ET
806 331 987 373 abablium
1305 345 1346 404 47

192 517 269 600 ipat
295 525 403 583 autem
430 515 535 584 suffixi
564 522 621 583 drea
648 526 764 585 natura
792 522 889 600 inest,
911 518 956 600 gut
982 537 1044 584 nou
1075 520 1178 601 possit
1198 537 1270 586 cunt
1292 521 1348 588 de·

192 616 340 700 uquam,
369 617 424 697 qui
452 633 519 681 rem
548 618 611 682 iam
633 618 804 699 perfecerit
825 624 860 683 et
880 618 1065 693 absolverit,
1095 617 1151 683 sed
1173 621 1283 699 aptum
1304 620 1348 686 sit

190 715 235 780 nd
259 731 330 780 mm
353 715 565 780 conditionem
587 716 840 796 describendam,
864 717 895 780 in
918 733 980 797 qua
1002 717 1030 782 ia
1053 720 1102 781 est
1124 715 1178 795 qui
1194 733 1266 781 eum
1281 733 1348 782 ma·

190 813 278 878 mmo
301 812 369 893 agit
390 818 425 877 et
446 814 477 876 io
498 814 624 893 agendo
645 818 809 892 versutum
836 823 893 878 aut
918 816 972 894 qui
994 814 1150 880 uodonem
1173 819 1348 895 praeparet

191 915 229 976 ab
250 915 287 974 ut
308 908 365 975 fiat
387 907 497 989 efficit3
525 916 562 974 ut
590 910 675 976 baud
699 929 774 976 ram
796 931 814 975 e
837 913 943 977 verbis
965 911 1092 989 additis,
1120 910 1197 991 quid
1219 929 1346 993 quoque

189 1008 263 1074 ioco
298 1007 404 1073 valeat
431 1013 466 1074 et
491 1008 649 1088 quomodo
682 1009 819 1090 intelligi
853 1010 984 1086 debeat,
1019 1009 1156 1089 pendere
1189 1008 1344 1074 videatur.

189 1105 314 1172 temen
344 1113 513 1187 tantopere
540 1107 673 1173 actionis
701 1109 790 1172 notio
817 1109 935 1173 eminet
958 1112 995 1171 ut
1024 1124 1134 1171 omnes
1156 1105 1224 1170 iere
1247 1123 1346 1187 agno·

192 1205 305 1270 verint
326 1210 361 1268 et
382 1203 541 1285 explicare
564 1207 669 1270 conati
692 1206 755 1270 sint
779 1206 987 1287 grammatici,
1009 1205 1166 1285 quomodo
1188 1204 1346 1270 adlectiva

191 1303 300 1368 forma
321 1302 354 1366 in
376 1303 522 1368 infinitivi
545 1301 650 1369 locum
672 1306 814 1385 potuerit
836 1303 1018 1369 succedere.
1060 1301 1097 1366 ld
1120 1302 1277 1383 quomodo
1300 1301 1348 1367 ia·

191 1409 280 1466 mum
302 1401 346 1465 sv't
367 1400 429 1464 iam
452 1408 542 1482 patet
563 1402 632 1483 ipsa
654 1403 813 1482 participii
836 1401 939 1467 forma
954 1401 1094 1482 cognitu,
1117 1400 1144 1465 si
1160 1407 1345 1481 reputamus

194 1513 267 1563 eam
284 1497 383 1562 iuuisse
407 1499 586 1579 linguarum
609 1500 812 1580 antiquarum
828 1500 975 1575 indolem,
998 1517 1061 1578 qua
1083 1497 1168 1563 baud
1188 1515 1260 1563 raro
1282 1516 1345 1562 non

196 1601 262 1660 mm
282 1597 386 1676 ipsam
409 1598 566 1661 actionem
590 1595 812 1678 significarent,
835 1615 928 1679 quam
951 1616 1018 1660 rem
1043 1599 1073 1659 in
1096 1598 1221 1662 actione
1237 1596 1345 1675 aliqua

191 1703 372 1760 versantem
395 1705 451 1759 aut
473 1695 653 1760 conditione
676 1696 862 1776 praeditam.
910 1694 1001 1773 Quod
1026 1711 1087 1757 noo
1110 1694 1211 1759 solum
1235 1696 1266 1757 in
1284 1693 1344 1757 hac

187 1793 220 1856 in
245 1794 306 1854 dcta
326 1793 459 1856 cudente
481 1795 592 1870 iorma,
616 1793 673 1857 sed
694 1794 790 1858 etiam
814 1795 845 1858 iu
861 1793 1028 1875 participio
1043 1793 1208 1873 praeteriti
1224 1791 1343 1857 iactum

186 1909 261 1956 csse
293 1890 433 1970 vulgatis
460 1891 536 1955 illis:
573 1899 722 1971 receptus
750 1891 908 1956 Hannibal
931 1927 971 1937 -
996 1892 1114 1956 bellum
1141 1889 1278 1956 faciebat
1300 1921 1344 1933 -—

186 1987 431 2067 contenebatur.
475 1987 542 2051 lam
566 2006 642 2051 vero
666 1995 780 2053 neutra
802 1990 1030 2055 adiectivorum
1053 2006 1209 2069 personae
1229 1987 1281 2051 vel
1295 1987 1344 2051 rei

186 2087 330 2163 mene,
353 2087 403 2151 cui
419 2086 557 2166 qualitas
572 2086 728 2152 adiectivc
744 2085 922 2167 significata
936 2086 1099 2164 adhaeret,
1123 2087 1294 2151 obscurata
1310 2094 1343 2149 et

186 2201 292 2265 paene
307 2202 460 2265 oppressa
474 2186 575 2263 ipsam
591 2184 787 2264 qualitatem,
810 2201 999 2265 quamquam
1016 2203 1078 2248 nou
1100 2190 1216 2248 utrem
1234 2201 1292 2264 per
1308 2201 1342 2247 se

187 2288 385 2359 exstantem,
414 2283 499 2361 quod
527 2282 799 2346 substantivorum
822 2288 885 2360 est,
907 2283 1090 2364 designant,
1114 2288 1228 2346 mmeu·
1243 2280 1342 2345 nomi-

186 2387 267 2446 nant
299 2385 333 2444 et
359 2386 472 2444 notant
501 2381 672 2459 nequead
702 2398 771 2445 rem
797 2381 933 2461 aliquam
962 2383 1116 2446 referunt.
1168 2379 1342 2443 Adiectivis

187 2486 299 2544 autem
321 2497 391 2544 eum
414 2479 512 2544 etiam
535 2478 567 2542 id
589 2479 673 2559 quod
696 2478 728 2543 in
747 2480 826 2542 adae
840 2479 1030 2544 terminatur
1047 2479 1088 2544 sit
1103 2477 1341 2559 adsignandum,

186 2584 348 2657 qnatenus
369 2578 504 2641 formam
526 2577 716 2641 adieetivam
746 2576 844 2642 babet
867 2596 925 2643 nec
948 2596 968 2643 a
990 2575 1223 2658 significatione
1246 2574 1340 2655 longe

188 2674 285 2740 ubist.
310 2676 378 2740 eius
400 2686 548 2738 neutrum
572 2693 635 2738 non
658 2692 725 2738 rem
748 2692 830 2754 quae
853 2676 1009 2740 actionem
1033 2673 1130 2740 efficit
1153 2680 1262 2755 potest
1284 2674 1340 2737 de-

186 2774 328 2854 signare,
351 2774 406 2837 sed
430 2775 534 2853 ipsum
556 2776 673 2847 efficere
696 2777 837 2835 amentem
859 2772 909 2836 vcl
924 2774 1026 2853 ipsum
1043 2774 1152 2855 agere,
1175 2778 1211 2836 ut
1227 2772 1340 2847 lcpeudt

186 2872 253 2937 hm
277 2888 340 2934 nun
362 2873 405 2935 sit
427 2871 561 2936 alicuius
583 2872 629 2934 rei
652 2888 734 2950 quae
756 2871 923 2935 lectionem
948 2870 1044 2935 elficit
1065 2878 1122 2936 aut
1144 2871 1256 2946 habet,
1283 2870 1339 2934 sed

185 2970 292 3053 ipsum
321 2969 443 3050 legere,
466 2969 566 3034 etita
592 2971 734 3047 proxime
755 2970 795 3032 ad
819 2968 962 3032 infinitivi
985 2975 1177 3050 potestatem
1199 2967 1340 3033 accedat.

186 3066 251 3133 Sed
279 3086 350 3132 cum
382 3087 399 3130 e
429 3066 530 3132 iot-ma
559 3066 740 3146 proiectum
768 3066 811 3130 sit
841 3067 925 3130 inter·
951 3068 1088 3131 activum
1116 3074 1150 3130 et
1177 3066 1339 3146 passivum

185 3167 294 3231 media
315 3167 480 3245 ipsamque
502 3182 596 3229 casus
618 3170 653 3227 et
674 3163 810 3228 nominis
833 3164 966 3228 formam
986 3165 1132 3241 retineat,
1156 3182 1219 3226 uon
1233 3163 1337 3226 minus

187 3282 284 3345 quam
307 3264 510 3328 substantiva
532 3261 675 3326 verbalia
697 3261 814 3325 omisso
837 3261 932 3325 activi
960 3267 993 3325 et
1019 3261 1136 3342 passivi
1156 3260 1336 3325 discrimine

188 3360 374 3444 generalem
407 3366 530 3425 tautum
559 3364 593 3423 et
622 3360 801 3425 universam
829 3359 962 3424 actionis
991 3359 1152 3423 notionem
1180 3356 1338 3438 designat,

185 3478 269 3543 quae
298 3468 395 3540 prout
424 3458 560 3524 actionis
583 3462 639 3522 aut
661 3458 819 3536 passionis
842 3456 1017 3521 subiectum
1040 3457 1231 3520 interturia
1257 3454 1338 3518 hunc

185 3558 314 3635 dimove
344 3563 468 3638 partem
494 3554 580 3618 trabi
602 3560 722 3634 potest:
760 3561 856 3636 atque
886 3556 1148 3634 quemadmodum
1171 3553 1337 3618 lectionem

186 3656 321 3723 dicimus
343 3656 412 3720 eius
434 3657 487 3735 qui
512 3653 593 3733 legit
614 3666 645 3716 et
669 3653 740 3716 libri
763 3656 832 3716 eius
855 3654 908 3732 qui
924 3653 1051 3734 legitur.
1075 3654 1120 3716 ita
1136 3653 1272 3713 ct=aeortdi
1288 3670 1338 3714 ve-

185 3754 261 3821 ienti
292 3759 401 3834 potest
422 3753 463 3817 ed
486 3770 648 3815 censorem
671 3758 705 3814 et
728 3752 769 3814 ad
796 3770 867 3814 eum
890 3753 945 3830 qui
967 3758 1124 3817 censetur.
1171 3750 1259 3825 Quae
1276 3749 1335 3812 uisi

186 3859 271 3919 asset
293 3851 439 3932 gerundii
462 3856 663 3914 maturanum
685 3849 936 3929 intelligeretur,
959 3867 1021 3929 quo
1044 3849 1137 3913 modo
1159 3848 1212 3913 alii
1236 3847 1334 3911 solam

183 3953 322 4019 activam
353 3949 406 4013 alii
428 3949 588 4028 passivam
610 3948 672 4009 vim
696 3948 877 4025 potuissent
899 3947 1013 4012 inferre
1037 3954 1070 4010 et
1094 3947 1125 4010 vi
1146 3953 1243 4025 atque
1266 3952 1336 4009 arte

183 4048 314 4132 singula
340 4046 485 4127 exempla
507 4045 547 4109 ad
568 4044 649 4109 hanc
675 4045 803 4110 illamve
827 4050 1045 4124 contorquere.
1091 4044 1210 4122 Quodsi
1233 4043 1335 4123 ipsam

184 4149 344 4215 uodonem
365 4144 485 4208 indicat
507 4144 706 4225 gerundium,
730 4161 801 4209 cum
824 4161 887 4207 non
910 4143 997 4207 verbi
1017 4140 1098 4207 finiti
1114 4146 1277 4224 proprium
1294 4142 1336 4205 sit

185 4260 279 4313 mea
301 4260 426 4327 regere,
448 4260 507 4307 nec
530 4260 568 4307 ea
591 4242 637 4306 vis
658 4241 736 4305 insit
757 4243 790 4305 in
813 4240 947 4307 subiecti
969 4244 1002 4305 et
1024 4240 1200 4321 praedicati
1221 4240 1335 4304 intima

185 4342 241 4409 iit·
265 4358 349 4423 quae
378 4340 411 4405 in
434 4339 532 4405 verbo
558 4337 647 4404 linito
670 4336 707 4402 tit
726 4339 944 4405 intercedente
967 4338 1080 4421 copula
1102 4339 1334 4417 coniunctione,
