3125 5075
499 375 585 415 casus
601 376 870 416 suusnennivouult.
886 397 908 405 -
928 378 1066 417 ACCUSAT.
1288 391 1355 446 213

204 551 346 626 rentem,
372 553 411 612 nt
430 565 491 628 pro
512 566 577 613 nna
596 552 689 630 parte
710 549 955 630 praepositionis
977 550 1149 633 habeatnr,
1180 552 1361 619 invenimus

204 659 303 727 nepe
322 643 410 726 alind
427 643 592 727 Catonem,
616 652 653 711 nt
675 650 876 717 cirotmcireo,
897 648 917 712 i.
941 667 968 714 e.
991 649 1086 717 circa
1108 649 1190 716 Vide
1213 648 1356 714 Bolhnis.

288 843 339 905 ou
360 840 401 906 de
424 847 569 922 tempore
591 843 725 923 dicitnr,
759 842 849 908 velut
869 842 974 908 Plaut
999 843 1095 908 Mero.
1119 842 1145 923 1,
1167 848 1197 923 2,
1219 848 1278 909 42:
1314 848 1360 908 cis

208 958 315 1015 pancos
333 943 454 1002 menas.
499 938 593 1005 Trnc.
616 939 659 1019 ΙΙ,
684 946 713 1019 3,
737 945 793 1006 27:
827 945 868 1005 Ut
889 946 973 1004 nulla
993 942 1084 1003 lexim
1105 943 1148 1004 oie
1168 944 1231 1005 oties
1246 960 1364 1017 paucos-

211 1040 273 1110 riet,
293 1034 323 1099 b.
347 1055 375 1101 e.
398 1036 485 1101 intra
505 1055 626 1119 paucos
649 1038 726 1103 dies.
757 1038 852 1104 Most.
871 1038 898 1118 1,
924 1045 951 1116 1,
976 1043 1014 1103 17
1021 1059 1029 1103 :
1054 1043 1104 1103 Oia
1125 1040 1228 1102 hercle
1244 1057 1366 1116 paucos

213 1139 390 1209 mommo,
412 1131 443 1200 h.
467 1152 494 1200 e.
517 1136 604 1202 intra
624 1136 722 1201 breve
745 1142 878 1217 tempus.

291 1234 377 1295 Ciam
400 1231 543 1298 eiusdem
566 1232 698 1315 originis
721 1238 771 1298 est
794 1252 864 1299 cunr
887 1233 985 1299 verbo
1009 1236 1113 1296 celare.
1149 1233 1253 1300 Plaut
1266 1232 1359 1298 Truc.

217 1326 303 1407 11‚1‚
328 1336 383 1397 el:
412 1332 495 1393 Satin
518 1334 595 1392 dom
611 1338 731 1407 pamm
753 1334 810 1393 hac
833 1336 922 1394 etiam
945 1341 1033 1396 nocte
1056 1334 1138 1395 illico
1160 1334 1219 1393 Per
1241 1333 1361 1394 hortum

221 1431 366 1491 transilivit
398 1431 436 1491 ed
473 1430 562 1504 nost,
596 1429 651 1494 ubi
680 1428 758 1493 Pell.
785 1427 905 1495 habent
919 1437 1017 1505 polea
1061 1426 1133 1494 Cas.
1161 1445 1239 1509 grex
1268 1445 1296 1492 ιι.
1326 1432 1362 1492 5:

221 1528 283 1586 olen
301 1545 439 1603 uxorem,
466 1524 544 1590 item
565 1524 608 1605 11,
631 1531 661 1606 8,
688 1532 725 1591 15
748 1534 782 1591 et
804 1527 891 1592 Asin.
915 1525 954 1606 V,
981 1534 1010 1605 2,
1034 1529 1085 1591 92.
1131 1524 1201 1590 tul
1224 1525 1304 1606 prol.
1327 1544 1357 1592 v.

222 1625 249 1684 l:
267 1627 336 1686 clam
357 1628 462 1688 omnia
507 1623 621 1703 Amph.
643 1623 723 1704 prol.
748 1643 775 1687 v.
805 1629 881 1689 107:
905 1628 934 1686 Is
957 1642 1057 1686 amere
1079 1627 1197 1701 occepit
1219 1628 1356 1686 Alcume-

222 1738 274 1780 nam
295 1725 371 1784 cmm
392 1726 500 1784 amm.
545 1719 616 1785 Cas.
641 1720 700 1801 111,
722 1726 751 1800 6,
774 1726 832 1787 33;
863 1726 939 1784 clam
967 1740 1062 1783 meam
1084 1739 1217 1783 uxorem.
1262 1719 1359 1785 Mero.

226 1815 257 1892 ΙΙ,
276 1824 300 1897 3,
324 1824 380 1883 26:
418 1823 555 1884 Muscast
584 1839 666 1881 mens
695 1828 797 1897 pater,
831 1823 873 1882 nil
900 1827 1001 1896 potest
1030 1820 1106 1880 clam
1131 1821 1217 1880 mecm
1244 1821 1360 1881 baberi.

224 1910 297 1979 Iiost.
320 1917 359 1992 V,
385 1923 412 1997 1,
439 1922 492 1982 13:
526 1921 600 1979 Nem
629 1920 691 1980 scio
714 1920 851 1994 equidem
878 1921 960 1979 nullo
982 1925 1071 1993 pecto
1099 1920 1158 1978 iem
1181 1935 1247 1980 esse
1270 1934 1359 1993 posse

222 2015 281 2074 olan
303 2035 416 2078 senem.
460 2015 558 2081 Mero.
582 2014 642 2094 ΙΙΙ,
669 2023 699 2095 4,
726 2021 781 2081 76;
819 2017 902 2078 Clam
929 2022 1055 2090 patrem.
1100 2012 1198 2079 Marc.
1225 2032 1253 2077 ι.
1281 2017 1359 2078 807:

221 2114 281 2171 elan
302 2132 425 2175 uxorem
449 2133 541 2176 anem.
570 2131 598 2177 v.
618 2116 695 2178 809:
719 2116 803 2176 Uxor
823 2115 922 2174 aarum
944 2113 1069 2173 siclam
1091 2113 1177 2173 domo
1199 2121 1361 2188 egressast

219 2223 239 2269 ι.
260 2212 332 2274 615ε
357 2215 434 2272 clem
456 2244 499 2253 -—
521 2230 644 2272 uxorem
667 2230 759 2273 snam.
805 2209 864 2284 ΙΙΙ,
889 2214 918 2288 2,
942 2214 975 2272 2:
998 2212 1138 2285 Emptast
1160 2212 1256 2270 amica
1283 2212 1360 2271 elom

220 2324 323 2367 comem
346 2317 377 2369 et
400 2310 476 2369 olom
498 2309 603 2381 filiam.
649 2308 777 2372 Terent.
803 2304 935 2387 Adelph.
952 2304 977 2383 Ι,
1003 2311 1031 2382 1,
1054 2308 1094 2368 27
1111 2322 1172 2384 sq.:
1196 2315 1358 2382 postremo,

219 2406 258 2463 alii
281 2407 448 2467 clanculam
470 2408 576 2468 Patres
599 2425 674 2483 quae
698 2407 821 2480 iaciunt,
837 2439 879 2448 -
894 2408 941 2465 Ea
956 2422 993 2464 ne
1013 2421 1060 2464 me
1077 2406 1165 2477 celet,
1189 2403 1359 2482 consceleci

218 2501 304 2566 ilion.
349 2502 427 2569 Hec.
451 2502 565 2585 111,.a‚
589 2508 645 2570 361
670 2514 702 2566 nt
724 2506 801 2566 clam
823 2507 942 2565 eveniat
963 2509 1068 2578 pertus
1084 2506 1212 2576 putrem.

288 2604 375 2666 Inter
397 2602 493 2666 etde
515 2602 584 2667 loco
608 2603 703 2667 etde
727 2607 872 2681 tempore
895 2600 1026 2678 dicitur,
1050 2599 1125 2663 item
1149 2599 1189 2663 de
1212 2599 1358 2679 personis

217 2703 242 2758 et
260 2698 355 2763 rebus
378 2705 474 2781 atque
497 2699 684 2764 actionibus.
729 2699 827 2763 Naev.
850 2697 923 2762 bell.
946 2697 1024 2761 Pnn.
1046 2694 1084 2761 fr.
1107 2697 1201 2762 inab
1226 2695 1359 2761 Vahlen.

215 2810 237 2872 p.
251 2800 304 2859 18:
328 2802 473 2859 rumitant
494 2802 572 2860 inter
592 2819 630 2862 se.
676 2797 788 2862 Naevii
809 2797 946 2878 Lycurg.
970 2796 1007 2860 fr.
1034 2799 1072 2858 17
1078 2816 1085 2860 :
1110 2815 1176 2857 nem
1199 2798 1359 2858 alludere

215 2894 279 2954 eto
300 2915 330 2957 se
352 2899 493 2957 laetantis
509 2900 643 2958 vidimus.
666 2895 761 2959 Ennii
776 2893 814 2958 fr.
830 2892 943 2959 incerti
960 2893 1032 2958 libri
1047 2911 1095 2974 ap.
1112 2892 1200 2959 Serv.
1217 2892 1258 2958 ad
1269 2891 1362 2973 Virg.

217 2989 264 3053 ecl.
279 2991 334 3069 111,
359 2998 414 3056 24:
438 2996 518 3055 inter
539 2996 717 3070 ponendum,
737 2993 767 3058 h.
789 3012 816 3058 e.
831 2994 911 3069 (dum
931 2998 1102 3073 ponuntur.
1142 2991 1237 3056 Ennii
1254 2990 1359 3056 Achil·

214 3083 244 3149 lis
257 3088 291 3152 fr.
308 3097 343 3155 9:
368 3095 512 3154 mortales
526 3094 604 3153 inter
618 3112 649 3155 se
662 3102 804 3170 pugnant.
838 3092 934 3155 Ennii
948 3091 1050 3154 annal.
1067 3090 1086 3155 l.
1102 3089 1129 3168 Ι,
1145 3088 1183 3153 ir.
1201 3094 1256 3152 54:
1279 3094 1357 3151 inter

216 3202 238 3242 se
256 3189 417 3250 licitentur.
461 3188 500 3253 fr.
528 3195 578 3269 72,
602 3207 630 3254 ι.
650 3196 710 3254 114
734 3207 795 3269 sq.:
819 3194 904 3252 simul
927 3193 1006 3249 inter
1029 3188 1097 3249 Sese
1120 3191 1164 3249 sic
1183 3197 1358 3250 memorant.

217 3277 279 3361 III,
294 3282 333 3348 fr.
353 3289 406 3350 13:
428 3290 508 3348 inter
525 3307 600 3350 sese.
624 3287 644 3350 l.
661 3286 732 3366 VII,
748 3307 776 3351 v.
791 3291 869 3352 256:
894 3291 973 3348 inter
987 3305 1110 3364 pugnas.
1134 3282 1154 3348 l.
1171 3282 1260 3363 VIII,
1277 3283 1315 3351 ir.
1328 3291 1358 3363 3,

218 3393 238 3440 l.
251 3383 319 3446 275:
340 3387 471 3445 Miscent
486 3388 563 3446 inter
577 3405 638 3448 sese
653 3389 837 3448 inimicitiam
855 3389 1012 3461 agitantes.
1041 3381 1153 3446 Annul.
1169 3380 1281 3461 fragm.
1298 3382 1358 3447 inc.

221 3476 286 3544 sedis
301 3486 356 3545 18:
381 3485 464 3544 Inter
480 3503 522 3545 se.
545 3483 639 3547 Ennii
658 3477 883 3563 Προτρεπτικὸς
897 3480 935 3545 fr.
953 3485 986 3544 2:
1008 3484 1067 3544 Ubi
1083 3483 1163 3543 videt
1177 3498 1300 3541 avenam
1315 3484 1359 3542 lo-

223 3574 273 3637 linn
286 3598 423 3642 crescere
438 3584 517 3641 lotor
532 3583 671 3642 lolliam.
695 3580 790 3645 Ennii
807 3579 979 3645 Alexandri
995 3578 1033 3641 ir.
1046 3583 1081 3644 9:
1106 3580 1253 3639 indicabit
1274 3580 1360 3639 ineli-

226 3677 268 3733 lom
288 3680 426 3740 indicium
453 3681 533 3739 inter
554 3681 626 3741 deos
648 3683 703 3740 tris
725 3682 842 3756 aliquis.
888 3674 1098 3756 Cresphontis
1119 3674 1157 3738 fr.
1178 3680 1207 3739 l:
1231 3679 1309 3736 inter
1329 3693 1361 3739 se

226 3775 328 3835 omont
357 3778 460 3838 urbem
486 3785 574 3853 atque
599 3796 696 3855 egros.
740 3774 777 3839 ir.
803 3780 837 3838 6:
871 3779 978 3837 Pacem
1001 3777 1080 3834 later
1100 3793 1161 3836 sese
1188 3777 1360 3836 conciliant.

228 3857 271 3932 lla
285 3876 363 3954 trag.
380 3873 493 3954 fragm.
511 3877 545 3937 8:
570 3878 650 3936 inter
673 3878 757 3935 civis.
801 3871 904 3936 Plaut.
921 3870 1020 3937 Mero.
1033 3869 1088 3951 lv,
1103 3878 1134 3948 4,
1154 3876 1207 3935 12:
1231 3874 1363 3933 etiamne

229 3958 282 4028 iaec
301 3973 345 4033 illi
368 3974 424 4034 tibi
446 3976 604 4035 iusserunt
626 3973 708 4046 ferri,
731 3990 804 4047 quos
825 3975 903 4033 inter
925 3973 1014 4032 index
1037 3969 1154 4031 datn’s?
1196 3968 1293 4033 Poeu.
1316 3985 1363 4032 ec.

227 4054 443 4133 altinensi:
479 4073 556 4145 Quid
584 4073 721 4133 lenonem
749 4074 793 4133 vis
821 4073 900 4130 inter
925 4069 1096 4144 ecoctam?
1141 4065 1234 4131 Truc.
1258 4064 1301 4144 ΙΙ,
1330 4071 1360 4145 6,

229 4153 266 4216 29:
283 4165 360 4229 laer
376 4173 417 4228 tol
433 4169 496 4228 dies
511 4170 628 4244 quidem
645 4171 747 4230 hercle
763 4171 821 4228 Iam
838 4169 950 4244 aliquid
974 4175 1071 4228 actum
1088 4168 1230 4242 oportuit.
1263 4162 1360 4228 Poen.

234 4244 260 4327 Is
277 4262 301 4338 3,
318 4269 376 4329 1³:
398 4271 441 4326 At
463 4284 500 4326 ne
522 4268 601 4326 inter
619 4268 685 4327 oica
707 4268 973 4338 Praeterbitemne,
996 4271 1105 4326 metuo.
1145 4259 1261 4326 Caecil.
1278 4258 1361 4326 sut.

233 4344 321 4422 iilius
341 4358 378 4425 ir.
403 4367 436 4426 ⁰1:
470 4364 553 4423 Nihil
581 4362 646 4423 iore
674 4366 764 4437 opino
786 4365 865 4422 inter
885 4379 932 4420 me
959 4369 1048 4436 atque
1080 4362 1173 4420 illam.
1218 4356 1362 4423 Plocium
