3125 5075
525 348 631 389 nauso.
656 350 932 391 larsnsoosrrvnn..
1242 356 1306 418 239

144 526 211 607 111,
236 534 270 607 5,
294 535 351 596 25:
381 556 501 612 possum
526 542 603 600 scire
635 559 690 617 ego
712 544 790 602 istoc
814 558 850 601 ex
872 549 902 601 te
926 540 995 616 quid
1018 538 1168 614 negotist?
1212 537 1250 616 V,
1273 543 1303 613 4,

146 630 202 691 1⁷:
242 630 314 691 Feci
350 652 404 708 ego
433 637 528 697 istaec
560 638 653 711 dicto,
697 656 771 714 quae
807 658 857 699 vos
895 638 1015 698 dicitis?
1053 634 1108 710 (b.
1142 652 1168 698 e.
1203 634 1303 715 quid?

142 739 202 787 vos
236 743 287 790 me
321 726 382 793 hoc
415 728 531 797 iecisse
568 733 699 798 dicitis?
742 732 783 812 id)
819 732 901 813 bitte
939 734 998 795 bod
1033 728 1178 811 gerbort)
1224 730 1300 797 cist.

140 819 194 899 Π,
218 827 252 900 1,
280 828 331 888 lii:
365 830 411 889 Eo
441 829 579 906 facetu’s,
614 837 683 910 qnia
710 836 766 894 tibi
795 836 884 894 aliast
913 850 1022 908 sponsa
1048 835 1183 907 locuples
1213 834 1299 891 Lem-

139 920 213 980 nia?
255 940 283 983 v.
316 927 371 989 24:
405 930 565 990 Periurare
595 948 640 991 me
672 932 813 1006 patiere?
858 935 890 1006 3,
915 934 948 992 δε
978 932 1075 1005 illam,
1104 947 1179 1004 qnae
1203 946 1299 989 meam

139 1018 268 1079 Gnatam
292 1026 478 1086 sustulerat?
522 1043 551 1089 v.
577 1031 634 1091 69:
658 1033 715 1090 iam
740 1029 822 1090 scis?
866 1026 925 1093 111.
948 1044 976 1090 v.
1004 1030 1055 1088 15:
1080 1030 1155 1104 Hau,
1179 1028 1298 1087 voluisti

138 1116 218 1175 istuc
241 1135 376 1180 severum
399 1121 522 1185 tacerel
566 1123 658 1203 Epid.
682 1125 712 1203 Ι,
740 1132 770 1203 1,
794 1132 830 1186 7:
859 1127 936 1199 Quid
963 1125 1019 1185 tu?
1052 1127 1115 1199 agis
1142 1132 1175 1185 ut
1203 1122 1299 1186 velis?

137 1225 166 1272 v.
196 1214 252 1275 18:
282 1218 359 1290 Quid
386 1223 470 1281 erilis
500 1230 602 1283 noster
637 1223 736 1284 filios?
764 1224 864 1284 valet?
908 1239 936 1285 v,
961 1226 1014 1286 23:
1046 1225 1106 1282 lam
1135 1228 1166 1280 tu
1198 1229 1296 1282 antem

136 1311 225 1370 nobis
257 1325 429 1387 praeturam
464 1321 564 1394 geris?
608 1319 672 1398 ΙΙΙ,
696 1326 728 1393 3,
758 1326 813 1386 2οι
848 1325 908 1383 lam
938 1320 1043 1381 cesses?
1088 1317 1142 1390 IV,
1175 1322 1209 1391 2,
1241 1323 1296 1382 11;

137 1407 238 1480 Quid?
272 1427 327 1487 ego
351 1416 528 1477 lenocinium
558 1418 657 1479 facio?
701 1417 739 1496 V,
768 1424 798 1496 l,
823 1423 880 1482 36:
910 1420 986 1493 Quid
1008 1425 1095 1493 puter
1125 1418 1228 1477 meus?
1251 1420 1293 1477 vi·

135 1506 224 1565 rost?
266 1524 296 1570 v.
318 1514 376 1573 43:
401 1515 498 1586 Quid?
522 1533 577 1591 ego
600 1519 686 1579 modo
710 1521 777 1578 huic
802 1518 897 1578 irater
913 1517 1008 1577 iactus
1026 1534 1098 1591 sum,
1123 1518 1188 1575 dom
1213 1517 1294 1575 intro

134 1619 171 1660 eo
197 1612 286 1679 atque
313 1610 410 1669 exeo?
438 1608 483 1689 (in
512 1612 600 1676 codd.
630 1613 707 1677 Pali.
735 1633 800 1676 sum
827 1614 932 1691 deest,
961 1611 1084 1676 addidit
1112 1611 1233 1677 Parcus
1261 1610 1293 1675 in

133 1695 184 1761 ed.
208 1704 293 1778 sec).
340 1705 378 1773 V.
402 1713 430 1783 2,
455 1713 510 1772 35;
541 1714 635 1785 Quam
665 1722 755 1789 negat
778 1716 895 1772 novisse
918 1711 1037 1771 mater?
1070 1714 1129 1784 (est
1151 1709 1291 1788 elliptice

132 1792 256 1861 dictum
278 1817 352 1879 pro:
384 1804 433 1868 Tu
454 1825 504 1870 me
527 1807 643 1888 pignus
666 1807 742 1872 darc
764 1807 908 1889 postulae
930 1824 987 1887 pro
1017 1824 1069 1884 eo,
1099 1806 1184 1886 quod
1212 1805 1291 1870 dicis

133 1909 207 1956 eam
230 1913 302 1962 esse
323 1897 417 1964 filiam
441 1922 554 1970 mooun.
578 1923 671 1984 quiem
695 1914 794 1986 negat
816 1926 850 1971 se
873 1905 999 1968 novisse
1022 1902 1160 1983 meteri)
1191 1921 1218 1966 v.
1236 1908 1290 1967 61:

134 1992 213 2064 Quid
244 1997 352 2060 deinde
374 2004 490 2076 porro?
534 2003 596 2066 PE.
628 2007 821 2065 Libertatem.
867 2004 930 2066 ΕΙ).
962 2010 1003 2065 At
1029 2002 1159 2079 postea?
1188 2001 1231 2077 (h.
1261 2018 1288 2065 e.

129 2087 207 2165 qrrid
233 2099 345 2170 postea
368 2099 444 2162 mihi
467 2099 571 2178 desi).
617 2101 732 2164 Bacch.
749 2100 774 2169 Ι,
800 2108 830 2179 2,
854 2106 907 2162 37:
930 2104 973 2162 Tu
997 2104 1122 2162 amicam
1143 2101 1288 2161 habebis?

129 2183 196 2261 (est
217 2188 426 2270 admirantis).
473 2197 515 2277 ΙΙ,
540 2204 568 2277 2,
594 2204 650 2263 38:
681 2203 732 2261 Set
756 2201 884 2260 Bacchis
907 2201 997 2259 etiam
1029 2199 1115 2259 tortis
1145 2199 1199 2257 tibi
1229 2201 1286 2258 vis·

128 2285 216 2349 sust?
259 2288 375 2358 Bacch.
406 2314 434 2359 v.
465 2301 543 2361 274:
579 2300 678 2358 Etiam
707 2300 776 2374 quid
809 2296 850 2370 (b.
884 2314 911 2359 e.
940 2294 1071 2375 aliquid)
1099 2296 1213 2372 porro?
1258 2313 1285 2356 v.

128 2384 206 2448 624:
236 2391 387 2455 Credibile
419 2397 474 2456 hoc
506 2395 735 2472 [quoipiamst]?
779 2394 835 2464 lv,
858 2400 893 2462 sl.
918 2397 976 2455 67:
1004 2396 1172 2455 Pistoclero
1202 2395 1287 2452 nulla

134 2488 281 2550 amicast?
325 2489 367 2572 11,
392 2498 420 2571 3,
444 2497 503 2556 87:
528 2497 625 2556 Etiam
651 2497 803 2556 dimidium
827 2494 953 2556 censes?
997 2489 1112 2568 lv,a‚
1138 2494 1193 2554 13:
1227 2508 1290 2551 sce-

133 2588 230 2650 lestus
254 2592 308 2650 tibi
332 2593 449 2653 videtur
472 2593 656 2655 Ohrusalus?
699 2611 728 2655 v.
754 2596 809 2654 32:
838 2594 890 2651 Vis
914 2593 967 2651 tibi
991 2591 1134 2650 ducentos
1158 2607 1291 2649 nummos

134 2687 193 2745 Μ
221 2691 392 2761 Promittier
414 2691 480 2753 —?
523 2708 552 2754 v.
577 2697 627 2756 34.
666 2708 693 2750 v,
720 2694 775 2753 62:
810 2692 904 2750 Hodie
934 2691 1049 2762 exigam
1081 2706 1183 2747 aurum
1211 2685 1291 2746 hoc?

133 2782 229 2847 Most.
259 2801 288 2848 v.
313 2790 388 2849 553:
425 2791 525 2849 Etiam
554 2791 665 2850 latetur
693 2792 729 2850 de
763 2788 905 2863 hospite?
948 2785 1072 2862 111.1,
1104 2787 1177 2848 138:
1214 2785 1290 2858 Quid

132 2884 245 2961 igitur?
267 2887 325 2947 iam
348 2885 563 2948 commentu's?
607 2891 636 2964 2,
660 2888 863 2950 62:1amds
887 2887 1064 2947 istisrebus
1097 2886 1166 2959 quid
1198 2885 1292 2944 sensit

133 2981 249 3045 senex?
299 3000 327 3045 v.
359 2988 433 3048 150:
461 2988 523 3046 lom
551 2987 655 3047 vides?
699 2983 760 3061 IV,
784 2987 820 3061 2,
845 2985 899 3046 61:
930 2983 1029 3057 Quid?
1061 2985 1086 3042 is
1116 2983 1170 3042 has
1204 2981 1291 3041 aedis

133 3083 205 3140 emit
236 3085 418 3156 proxumas?
462 3100 490 3146 a.
522 3087 571 3146 62.
604 3082 641 3159 V,
668 3089 691 3155 1,
717 3085 773 3143 56:
798 3082 900 3140 vides?
944 3082 981 3154 2,
1005 3083 1063 3142 45:
1092 3080 1203 3138 Tamen
1233 3078 1291 3138 etsi

130 3180 251 3255 pudet?
273 3178 339 3251 (int.
363 3199 438 3244 uum
461 3180 649 3245 verberibus
672 3179 796 3254 caedar,
820 3176 989 3241 tamenetsi
1012 3173 1158 3255 pedeti).
1203 3172 1289 3235 lllcu.

131 3273 173 3354 Π,
199 3282 229 3355 3,
254 3281 308 3341 68:
333 3282 432 3340 Etiam
456 3283 618 3354 parasitum
640 3280 767 3340 manes?
811 3274 923 3353 111‚3‚
951 3279 1002 3337 15:
1033 3275 1137 3333 Dicam
1161 3270 1291 3332 curare?

131 3373 186 3453 IV,
210 3380 246 3454 2,
269 3380 326 3440 41:
364 3380 537 3440 Clanculum
566 3389 594 3438 te
627 3382 722 3438 istaec
750 3377 864 3452 flagitia
886 3374 987 3434 iacere
1011 3371 1156 3432 censebas
1187 3368 1291 3444 potis?

129 3472 168 3553 V,
193 3478 230 3551 5,
254 3478 304 3538 24.
329 3479 366 3554 9,
388 3479 440 3539 49.
464 3480 514 3538 63.
538 3480 578 3538 33
602 3492 647 3554 sq.
675 3473 742 3537 Mil.
766 3473 800 3550 Ι,
827 3474 939 3549 1‚38:
970 3472 1014 3532 vis
1039 3467 1166 3543 rogare?
1194 3463 1237 3544 (h.
1262 3482 1288 3527 e.

129 3571 264 3636 militem
287 3573 487 3638 conscribere
510 3591 571 3637 sec.
590 3571 703 3651 Boxh.)
758 3570 823 3649 ΙΙΙ,
850 3575 881 3646 1,
906 3573 961 3633 33:
992 3570 1063 3628 Tam
1092 3567 1145 3625 tibi
1169 3582 1223 3639 080
1247 3567 1289 3625 vi-

107 3664 204 3734 'deor
235 3675 345 3748 oppido
375 3671 612 3734 Acherunticus?
658 3674 692 3748 2,
726 3673 779 3733 lb:
816 3669 992 3743 Prompsisti
1021 3668 1052 3727 tu
1085 3665 1129 3724 illi
1166 3661 1290 3722 vinum?

130 3768 185 3846 lv,
210 3775 240 3845 2,
265 3773 321 3833 52:
346 3774 442 3847 licus,
470 3772 585 3845 dignior
608 3769 664 3829 luit
688 3773 842 3845 quisquam
867 3767 954 3826 homo
982 3765 1031 3839 qui
1061 3761 1163 3822 esset?
1208 3763 1236 3833 6,
1258 3764 1289 3820 4.

128 3871 234 3945 8,19;
267 3870 416 3943 Opsecro,
447 3872 519 3928 licet
542 3870 691 3943 conplecti
721 3870 804 3941 prius
833 3881 919 3941 quam
949 3859 1130 3937 proficiscoi
1178 3855 1213 3934 V,
1238 3859 1288 3918 35.

127 3963 228 4031 Marc.
254 3965 284 4045 Ι,
309 3970 337 4041 2,
363 3971 433 4030 109.
479 3964 543 4042 ΙΙΙ,
568 3971 600 4040 3,
626 3970 653 4028 2.
678 3970 715 4038 4,
740 3967 792 4026 66.
817 3965 866 4025 69.
891 3964 940 4024 73.
965 3956 1021 4036 IV,
1046 3961 1079 4033 3,
1110 3960 1167 4019 29:
1199 3956 1290 4015 etiam

126 4068 171 4128 vis
195 4083 303 4126 nomen
328 4066 443 4126 dicam?
489 4072 524 4138 5,
547 4069 576 4128 8.
604 4068 652 4126 14.
676 4061 713 4140 V,
741 4066 774 4138 2,
798 4063 849 4124 42.
881 4062 930 4121 55.
955 4074 981 4118 v.
1012 4059 1086 4118 107:
1116 4054 1202 4130 quid,
1236 4068 1290 4127 pa·

125 4170 232 4225 rentes
263 4165 321 4223 mei
351 4163 473 4225 valent?
515 4160 631 4224 Pseud.
660 4159 690 4230 1.
719 4164 744 4235 l,
767 4162 822 4221 83:
859 4164 906 4217 set
932 4163 1019 4230 potes
1047 4171 1126 4213 nunc
1158 4159 1289 4211 mutuom

124 4262 330 4323 Drachumam
359 4263 430 4321 mihi
458 4278 543 4321 unam
576 4263 661 4336 dare,
694 4275 779 4334 quam
811 4272 878 4315 cras
908 4254 1030 4314 reddam
1055 4250 1131 4310 tibi?
1176 4251 1205 4325 3,
1231 4248 1291 4307 60:

125 4363 240 4422 Omnes
267 4356 427 4435 [homines]
458 4361 512 4419 tibi
542 4368 644 4434 patros
672 4355 761 4418 sunt?
790 4357 888 4414 nullus
918 4360 965 4412 cst
996 4350 1051 4409 tibi
1080 4363 1166 4423 quem
1200 4361 1290 4420 roges
