<?xml version="1.0" encoding="UTF-8"?>
<!DOCTYPE html PUBLIC "-//W3C//DTD XHTML 1.0 Transitional//EN"
    "http://www.w3.org/TR/xhtml1/DTD/xhtml1-transitional.dtd">
<html xmlns="http://www.w3.org/1999/xhtml" xml:lang="en" lang="en">
 <head>
  <title>
</title>
<meta http-equiv="Content-Type" content="text/html;charset=utf-8" />
  <meta name='ocr-system' content='tesseract 3.04.00' />
  <meta name='ocr-capabilities' content='ocr_page ocr_carea ocr_par ocr_line ocrx_word'/>
</head>
<body>
  <div class='ocr_page' id='page_1' title='image "./syntaxispriscor00holtgoog_0383.png"; bbox 0 0 3125 5075; ppageno 0'>
   <div class='ocr_carea' id='block_1_1' title="bbox 209 376 920 446">
    <p class='ocr_par' dir='ltr' id='par_1_1' title="bbox 209 376 920 446">
     <span class='ocr_line' id='line_1_1' title="bbox 209 376 920 446; baseline 0 -27"><span class='ocrx_word' id='word_1_1' title='bbox 209 387 273 446; x_wconf 65' lang='lat'><strong>304</strong></span> <span class='ocrx_word' id='word_1_2' title='bbox 658 377 787 419; x_wconf 70' lang='lat' dir='ltr'><strong>neuneu.</strong></span> <span class='ocrx_word' id='word_1_3' title='bbox 801 376 866 420; x_wconf 76' lang='lat' dir='ltr'><strong>w.</strong></span> <span class='ocrx_word' id='word_1_4' title='bbox 881 377 920 419; x_wconf 83' lang='grc' dir='ltr'><strong>Π.</strong></span> 
     </span>
    </p>
   </div>
   <div class='ocr_carea' id='block_1_2' title="bbox 208 548 1362 926">
    <p class='ocr_par' dir='ltr' id='par_1_2' title="bbox 208 548 1362 926">
     <span class='ocr_line' id='line_1_2' title="bbox 209 548 1362 633; baseline -0.002 -17"><span class='ocrx_word' id='word_1_5' title='bbox 209 550 349 617; x_wconf 89' lang='lat' dir='ltr'><strong>iunctivo</strong></span> <span class='ocrx_word' id='word_1_6' title='bbox 369 567 473 633; x_wconf 85' lang='lat' dir='ltr'><strong>neque</strong></span> <span class='ocrx_word' id='word_1_7' title='bbox 496 551 528 615; x_wconf 91' lang='lat' dir='ltr'><strong>in</strong></span> <span class='ocrx_word' id='word_1_8' title='bbox 549 548 714 631; x_wconf 84' lang='lat' dir='ltr'><strong>infinitivo,</strong></span> <span class='ocrx_word' id='word_1_9' title='bbox 738 551 844 617; x_wconf 89' lang='lat' dir='ltr'><strong>sedin</strong></span> <span class='ocrx_word' id='word_1_10' title='bbox 865 550 1037 616; x_wconf 82' lang='lat' dir='ltr'><strong>indicativo</strong></span> <span class='ocrx_word' id='word_1_11' title='bbox 1052 549 1168 631; x_wconf 83' lang='lat' dir='ltr'><strong>posita,</strong></span> <span class='ocrx_word' id='word_1_12' title='bbox 1190 548 1238 614; x_wconf 89' lang='lat' dir='ltr'><strong>ita</strong></span> <span class='ocrx_word' id='word_1_13' title='bbox 1252 553 1291 614; x_wconf 91' lang='lat' dir='ltr'><strong>ut</strong></span> <span class='ocrx_word' id='word_1_14' title='bbox 1311 565 1362 614; x_wconf 88' lang='lat' dir='ltr'><strong>nor</strong></span> 
     </span>
     <span class='ocr_line' id='line_1_3' title="bbox 208 644 1362 731; baseline -0.003 -17"><span class='ocrx_word' id='word_1_15' title='bbox 208 649 349 730; x_wconf 75' lang='lat' dir='ltr'><strong>pendeat</strong></span> <span class='ocrx_word' id='word_1_16' title='bbox 370 666 410 713; x_wconf 82' lang='lat' dir='ltr'><strong>ex</strong></span> <span class='ocrx_word' id='word_1_17' title='bbox 431 649 599 730; x_wconf 87' lang='lat' dir='ltr'><strong>primaria,</strong></span> <span class='ocrx_word' id='word_1_18' title='bbox 632 649 789 715; x_wconf 88' lang='lat' dir='ltr'><strong>seditem</strong></span> <span class='ocrx_word' id='word_1_19' title='bbox 812 666 872 731; x_wconf 88' lang='lat' dir='ltr'><strong>per</strong></span> <span class='ocrx_word' id='word_1_20' title='bbox 900 666 936 715; x_wconf 89' lang='lat' dir='ltr'><strong>se</strong></span> <span class='ocrx_word' id='word_1_21' title='bbox 959 651 1098 726; x_wconf 87' lang='lat' dir='ltr'><strong>constet,</strong></span> <span class='ocrx_word' id='word_1_22' title='bbox 1131 647 1191 712; x_wconf 89' lang='lat' dir='ltr'><strong>sed</strong></span> <span class='ocrx_word' id='word_1_23' title='bbox 1220 644 1319 712; x_wconf 81' lang='lat' dir='ltr'><strong>etiam</strong></span> <span class='ocrx_word' id='word_1_24' title='bbox 1340 644 1362 710; x_wconf 88' lang='lat' dir='ltr'><strong>ir</strong></span> 
     </span>
     <span class='ocr_line' id='line_1_4' title="bbox 208 743 1362 827; baseline -0.004 -15"><span class='ocrx_word' id='word_1_25' title='bbox 208 747 431 812; x_wconf 87' lang='lat' dir='ltr'><strong>enunciatione</strong></span> <span class='ocrx_word' id='word_1_26' title='bbox 453 745 590 827; x_wconf 82' lang='lat' dir='ltr'><strong>simplici</strong></span> <span class='ocrx_word' id='word_1_27' title='bbox 610 746 658 811; x_wconf 86' lang='lat' dir='ltr'><strong>ita</strong></span> <span class='ocrx_word' id='word_1_28' title='bbox 679 751 800 812; x_wconf 90' lang='lat' dir='ltr'><strong>utnon</strong></span> <span class='ocrx_word' id='word_1_29' title='bbox 820 743 981 811; x_wconf 82' lang='lat' dir='ltr'><strong>referatur</strong></span> <span class='ocrx_word' id='word_1_30' title='bbox 1008 744 1050 810; x_wconf 86' lang='lat' dir='ltr'><strong>ad</strong></span> <span class='ocrx_word' id='word_1_31' title='bbox 1077 744 1275 822; x_wconf 91' lang='lat' dir='ltr'><strong>subiectum,</strong></span> <span class='ocrx_word' id='word_1_32' title='bbox 1312 760 1362 823; x_wconf 73' lang='lat' dir='ltr'><strong>qni</strong></span> 
     </span>
     <span class='ocr_line' id='line_1_5' title="bbox 208 840 1362 926; baseline -0.004 -18"><span class='ocrx_word' id='word_1_33' title='bbox 208 844 374 926; x_wconf 88' lang='lat' dir='ltr'><strong>pertinere</strong></span> <span class='ocrx_word' id='word_1_34' title='bbox 395 843 539 923; x_wconf 75' lang='lat' dir='ltr'>deberet,</span> <span class='ocrx_word' id='word_1_35' title='bbox 560 843 618 908; x_wconf 89' lang='lat' dir='ltr'><strong>sed</strong></span> <span class='ocrx_word' id='word_1_36' title='bbox 640 844 682 909; x_wconf 90' lang='lat' dir='ltr'><strong>ad</strong></span> <span class='ocrx_word' id='word_1_37' title='bbox 706 843 802 908; x_wconf 87' lang='lat' dir='ltr'><strong>aliam</strong></span> <span class='ocrx_word' id='word_1_38' title='bbox 825 860 995 924; x_wconf 89' lang='lat' dir='ltr'><strong>personam</strong></span> <span class='ocrx_word' id='word_1_39' title='bbox 1015 843 1047 907; x_wconf 91' lang='lat' dir='ltr'><strong>in</strong></span> <span class='ocrx_word' id='word_1_40' title='bbox 1067 840 1128 909; x_wconf 90' lang='lat' dir='ltr'><strong>hac</strong></span> <span class='ocrx_word' id='word_1_41' title='bbox 1148 840 1362 908; x_wconf 87' lang='lat' dir='ltr'><strong>enunciatiom</strong></span> 
     </span>
    </p>
   </div>
   <div class='ocr_carea' id='block_1_3' title="bbox 196 938 1362 4453">
    <p class='ocr_par' dir='ltr' id='par_1_3' title="bbox 197 938 1362 2978">
     <span class='ocr_line' id='line_1_6' title="bbox 209 938 1362 1022; baseline -0.001 -16"><span class='ocrx_word' id='word_1_42' title='bbox 209 942 346 1022; x_wconf 78' lang='lat' dir='ltr'><strong>positam</strong></span> <span class='ocrx_word' id='word_1_43' title='bbox 373 944 431 1006; x_wconf 90' lang='lat' dir='ltr'><strong>ant</strong></span> <span class='ocrx_word' id='word_1_44' title='bbox 453 946 562 1007; x_wconf 90' lang='lat' dir='ltr'><strong>mente</strong></span> <span class='ocrx_word' id='word_1_45' title='bbox 590 940 779 1007; x_wconf 84' lang='lat' dir='ltr'><strong>addendum</strong></span> <span class='ocrx_word' id='word_1_46' title='bbox 825 939 878 1007; x_wconf 87' lang='lat' dir='ltr'><strong>Sic</strong></span> <span class='ocrx_word' id='word_1_47' title='bbox 905 939 1006 1006; x_wconf 86' lang='lat' dir='ltr'><strong>Nuev.</strong></span> <span class='ocrx_word' id='word_1_48' title='bbox 1031 938 1069 1004; x_wconf 88' lang='lat' dir='ltr'><strong>lr.</strong></span> <span class='ocrx_word' id='word_1_49' title='bbox 1099 940 1161 1005; x_wconf 81' lang='lat' dir='ltr'><strong>inc</strong></span> <span class='ocrx_word' id='word_1_50' title='bbox 1189 938 1266 1005; x_wconf 85' lang='lat' dir='ltr'><strong>bell.</strong></span> <span class='ocrx_word' id='word_1_51' title='bbox 1294 939 1362 1005; x_wconf 90' lang='lat' dir='ltr'><strong>Pun</strong></span> 
     </span>
     <span class='ocr_line' id='line_1_7' title="bbox 208 1037 1362 1121; baseline -0.003 -16"><span class='ocrx_word' id='word_1_52' title='bbox 208 1058 239 1121; x_wconf 89' lang='lat' dir='ltr'><strong>p.</strong></span> <span class='ocrx_word' id='word_1_53' title='bbox 267 1044 305 1105; x_wconf 82' lang='lat'><strong>18</strong></span> <span class='ocrx_word' id='word_1_54' title='bbox 328 1037 478 1104; x_wconf 79' lang='lat' dir='ltr'><strong>Vahlen:</strong></span> <span class='ocrx_word' id='word_1_55' title='bbox 516 1042 657 1117; x_wconf 82' lang='lat' dir='ltr'>Plerique</span> <span class='ocrx_word' id='word_1_56' title='bbox 687 1058 790 1103; x_wconf 85' lang='lat' dir='ltr'><strong>omnes</strong></span> <span class='ocrx_word' id='word_1_57' title='bbox 817 1042 993 1117; x_wconf 76' lang='lat' dir='ltr'><strong>subiguntur</strong></span> <span class='ocrx_word' id='word_1_58' title='bbox 1022 1041 1077 1101; x_wconf 85' lang='lat' dir='ltr'><strong>sub</strong></span> <span class='ocrx_word' id='word_1_59' title='bbox 1103 1056 1192 1101; x_wconf 69' lang='lat' dir='ltr'><strong>mm</strong></span> <span class='ocrx_word' id='word_1_60' title='bbox 1220 1040 1362 1101; x_wconf 79' lang='lat' dir='ltr'><strong>indicium</strong></span> 
     </span>
     <span class='ocr_line' id='line_1_8' title="bbox 197 1136 1362 1216; baseline -0.003 -14"><span class='ocrx_word' id='word_1_61' title='bbox 197 1138 287 1202; x_wconf 77' lang='lat' dir='ltr'><strong>Cato</strong></span> <span class='ocrx_word' id='word_1_62' title='bbox 318 1136 356 1201; x_wconf 77' lang='lat' dir='ltr'><strong>B.</strong></span> <span class='ocrx_word' id='word_1_63' title='bbox 383 1136 421 1202; x_wconf 74' lang='lat' dir='ltr'><strong>m</strong></span> <span class='ocrx_word' id='word_1_64' title='bbox 445 1155 471 1203; x_wconf 74' lang='lat' dir='ltr'><strong>a</strong></span> <span class='ocrx_word' id='word_1_65' title='bbox 496 1141 553 1203; x_wconf 87' lang='lat'><strong>31:</strong></span> <span class='ocrx_word' id='word_1_66' title='bbox 588 1140 663 1199; x_wconf 89' lang='lat' dir='ltr'><strong>Tum</strong></span> <span class='ocrx_word' id='word_1_67' title='bbox 685 1141 744 1200; x_wconf 88' lang='lat' dir='ltr'><strong>erit</strong></span> <span class='ocrx_word' id='word_1_68' title='bbox 765 1140 957 1216; x_wconf 83' lang='lat' dir='ltr'><strong>tempestiva,</strong></span> <span class='ocrx_word' id='word_1_69' title='bbox 991 1155 1057 1199; x_wconf 88' lang='lat' dir='ltr'><strong>cum</strong></span> <span class='ocrx_word' id='word_1_70' title='bbox 1082 1153 1181 1197; x_wconf 69' lang='lat' dir='ltr'><strong>semeso</strong></span> <span class='ocrx_word' id='word_1_71' title='bbox 1200 1153 1293 1199; x_wconf 69' lang='lat' dir='ltr'><strong>um</strong></span> <span class='ocrx_word' id='word_1_72' title='bbox 1314 1156 1362 1199; x_wconf 88' lang='lat' dir='ltr'><strong>ma</strong></span> 
     </span>
     <span class='ocr_line' id='line_1_9' title="bbox 207 1232 1362 1309; baseline -0.003 -10"><span class='ocrx_word' id='word_1_73' title='bbox 207 1244 306 1299; x_wconf 88' lang='lat' dir='ltr'><strong>turum</strong></span> <span class='ocrx_word' id='word_1_74' title='bbox 328 1237 396 1297; x_wconf 86' lang='lat' dir='ltr'><strong>erit</strong></span> <span class='ocrx_word' id='word_1_75' title='bbox 440 1232 476 1299; x_wconf 82' lang='lat' dir='ltr'><strong>C.</strong></span> <span class='ocrx_word' id='word_1_76' title='bbox 501 1240 557 1301; x_wconf 77' lang='lat'><strong>37:</strong></span> <span class='ocrx_word' id='word_1_77' title='bbox 591 1238 669 1299; x_wconf 84' lang='lat' dir='ltr'><strong>Vitis</strong></span> <span class='ocrx_word' id='word_1_78' title='bbox 692 1239 718 1299; x_wconf 87' lang='lat' dir='ltr'><strong>ai</strong></span> <span class='ocrx_word' id='word_1_79' title='bbox 739 1255 842 1298; x_wconf 88' lang='lat' dir='ltr'><strong>macra</strong></span> <span class='ocrx_word' id='word_1_80' title='bbox 863 1238 936 1309; x_wconf 89' lang='lat' dir='ltr'><strong>erit,</strong></span> <span class='ocrx_word' id='word_1_81' title='bbox 970 1238 1122 1296; x_wconf 65' lang='lat' dir='ltr'><strong>sursera</strong></span> <span class='ocrx_word' id='word_1_82' title='bbox 1142 1253 1199 1296; x_wconf 76' lang='lat' dir='ltr'><strong>esu</strong></span> <span class='ocrx_word' id='word_1_83' title='bbox 1221 1237 1362 1297; x_wconf 71' lang='lat' dir='ltr'><strong>concidit&lt;</strong></span> 
     </span>
     <span class='ocr_line' id='line_1_10' title="bbox 207 1332 1362 1411; baseline -0.002 -15"><span class='ocrx_word' id='word_1_84' title='bbox 207 1338 329 1397; x_wconf 88' lang='lat' dir='ltr'><strong>minute.</strong></span> <span class='ocrx_word' id='word_1_85' title='bbox 375 1332 409 1398; x_wconf 81' lang='lat'><strong>0.</strong></span> <span class='ocrx_word' id='word_1_86' title='bbox 436 1339 511 1398; x_wconf 81' lang='lat'>157:</span> <span class='ocrx_word' id='word_1_87' title='bbox 536 1336 594 1409; x_wconf 79' lang='lat' dir='ltr'><strong>Qui</strong></span> <span class='ocrx_word' id='word_1_88' title='bbox 617 1337 660 1395; x_wconf 90' lang='lat' dir='ltr'><strong>sic</strong></span> <span class='ocrx_word' id='word_1_89' title='bbox 682 1342 827 1411; x_wconf 73' lang='lat' dir='ltr'><strong>purgetne</strong></span> <span class='ocrx_word' id='word_1_90' title='bbox 850 1336 917 1408; x_wconf 89' lang='lat' dir='ltr'><strong>erit,</strong></span> <span class='ocrx_word' id='word_1_91' title='bbox 941 1333 1057 1394; x_wconf 82' lang='lat' dir='ltr'><strong>diutina</strong></span> <span class='ocrx_word' id='word_1_92' title='bbox 1076 1333 1250 1394; x_wconf 78' lang='lat' dir='ltr'><strong>valetudiue</strong></span> <span class='ocrx_word' id='word_1_93' title='bbox 1273 1341 1362 1394; x_wconf 80' lang='lat' dir='ltr'><strong>utetur·</strong></span> 
     </span>
     <span class='ocr_line' id='line_1_11' title="bbox 207 1426 1361 1511; baseline -0.001 -18"><span class='ocrx_word' id='word_1_94' title='bbox 207 1450 304 1508; x_wconf 85' lang='lat' dir='ltr'><strong>neque</strong></span> <span class='ocrx_word' id='word_1_95' title='bbox 327 1435 405 1494; x_wconf 90' lang='lat' dir='ltr'><strong>ullus</strong></span> <span class='ocrx_word' id='word_1_96' title='bbox 428 1435 548 1495; x_wconf 85' lang='lat' dir='ltr'><strong>morbus</strong></span> <span class='ocrx_word' id='word_1_97' title='bbox 572 1436 687 1511; x_wconf 85' lang='lat' dir='ltr'><strong>veniet,</strong></span> <span class='ocrx_word' id='word_1_98' title='bbox 713 1434 772 1493; x_wconf 88' lang='lat' dir='ltr'><strong>nisi</strong></span> <span class='ocrx_word' id='word_1_99' title='bbox 793 1450 850 1494; x_wconf 80' lang='lat' dir='ltr'><strong>auu</strong></span> <span class='ocrx_word' id='word_1_100' title='bbox 871 1434 975 1507; x_wconf 82' lang='lat' dir='ltr'><strong>culpe,</strong></span> <span class='ocrx_word' id='word_1_101' title='bbox 1005 1446 1044 1493; x_wconf 83' lang='lat' dir='ltr'><strong>ex</strong></span> <span class='ocrx_word' id='word_1_102' title='bbox 1072 1426 1188 1509; x_wconf 83' lang='lat' dir='ltr'><strong>quibus</strong></span> <span class='ocrx_word' id='word_1_103' title='bbox 1215 1427 1297 1495; x_wconf 84' lang='lat' dir='ltr'><strong>locis</strong></span> <span class='ocrx_word' id='word_1_104' title='bbox 1319 1446 1361 1509; x_wconf 84' lang='lat' dir='ltr'><strong>ap</strong></span> 
     </span>
     <span class='ocr_line' id='line_1_12' title="bbox 205 1523 1361 1609; baseline -0.001 -16"><span class='ocrx_word' id='word_1_105' title='bbox 205 1533 313 1609; x_wconf 86' lang='lat' dir='ltr'><strong>paret,</strong></span> <span class='ocrx_word' id='word_1_106' title='bbox 335 1548 409 1591; x_wconf 83' lang='lat' dir='ltr'><strong>suaa</strong></span> <span class='ocrx_word' id='word_1_107' title='bbox 429 1529 463 1593; x_wconf 91' lang='lat' dir='ltr'><strong>in</strong></span> <span class='ocrx_word' id='word_1_108' title='bbox 484 1530 616 1608; x_wconf 87' lang='lat' dir='ltr'><strong>antiqua</strong></span> <span class='ocrx_word' id='word_1_109' title='bbox 637 1528 749 1609; x_wconf 83' lang='lat' dir='ltr'><strong>lingua</strong></span> <span class='ocrx_word' id='word_1_110' title='bbox 770 1545 868 1607; x_wconf 87' lang='lat' dir='ltr'><strong>saepe</strong></span> <span class='ocrx_word' id='word_1_111' title='bbox 889 1526 922 1592; x_wconf 91' lang='lat' dir='ltr'><strong>id</strong></span> <span class='ocrx_word' id='word_1_112' title='bbox 944 1523 1141 1608; x_wconf 82' lang='lat' dir='ltr'><strong>significare,</strong></span> <span class='ocrx_word' id='word_1_113' title='bbox 1169 1526 1256 1606; x_wconf 88' lang='lat' dir='ltr'><strong>quod</strong></span> <span class='ocrx_word' id='word_1_114' title='bbox 1278 1525 1361 1592; x_wconf 86' lang='lat' dir='ltr'><strong>alicu</strong></span> 
     </span>
     <span class='ocr_line' id='line_1_13' title="bbox 205 1625 1359 1708; baseline -0.003 -18"><span class='ocrx_word' id='word_1_115' title='bbox 205 1626 369 1708; x_wconf 90' lang='lat' dir='ltr'><strong>proprium</strong></span> <span class='ocrx_word' id='word_1_116' title='bbox 392 1631 451 1692; x_wconf 88' lang='lat' dir='ltr'><strong>est</strong></span> <span class='ocrx_word' id='word_1_117' title='bbox 495 1626 598 1691; x_wconf 84' lang='lat' dir='ltr'><strong>Plaut.</strong></span> <span class='ocrx_word' id='word_1_118' title='bbox 621 1625 689 1691; x_wconf 86' lang='lat' dir='ltr'><strong>Mil.</strong></span> <span class='ocrx_word' id='word_1_119' title='bbox 711 1625 755 1706; x_wconf 94' lang='grc' dir='ltr'><strong>ΙΙ,</strong></span> <span class='ocrx_word' id='word_1_120' title='bbox 779 1629 809 1705; x_wconf 84' lang='grc'><strong>2,</strong></span> <span class='ocrx_word' id='word_1_121' title='bbox 832 1631 887 1692; x_wconf 84' lang='lat'><strong>33:</strong></span> <span class='ocrx_word' id='word_1_122' title='bbox 920 1628 963 1688; x_wconf 88' lang='lat' dir='ltr'><strong>Ut</strong></span> <span class='ocrx_word' id='word_1_123' title='bbox 989 1644 1056 1689; x_wconf 90' lang='lat' dir='ltr'><strong>eum</strong></span> <span class='ocrx_word' id='word_1_124' title='bbox 1087 1628 1137 1702; x_wconf 80' lang='lat' dir='ltr'><strong>qui</strong></span> <span class='ocrx_word' id='word_1_125' title='bbox 1163 1643 1195 1688; x_wconf 80' lang='lat' dir='ltr'><strong>se</strong></span> <span class='ocrx_word' id='word_1_126' title='bbox 1222 1627 1272 1687; x_wconf 86' lang='lat' dir='ltr'><strong>hie</strong></span> <span class='ocrx_word' id='word_1_127' title='bbox 1300 1629 1359 1687; x_wconf 84' lang='lat' dir='ltr'><strong>ridi</strong></span> 
     </span>
     <span class='ocr_line' id='line_1_14' title="bbox 206 1722 1362 1803; baseline 0.001 -18"><span class='ocrx_word' id='word_1_128' title='bbox 206 1727 306 1788; x_wconf 86' lang='lat' dir='ltr'><strong>verbis</strong></span> <span class='ocrx_word' id='word_1_129' title='bbox 328 1728 429 1787; x_wconf 89' lang='lat' dir='ltr'><strong>vincat</strong></span> <span class='ocrx_word' id='word_1_130' title='bbox 457 1744 494 1788; x_wconf 89' lang='lat' dir='ltr'><strong>ne</strong></span> <span class='ocrx_word' id='word_1_131' title='bbox 524 1728 606 1788; x_wconf 86' lang='lat' dir='ltr'><strong>isse</strong></span> <span class='ocrx_word' id='word_1_132' title='bbox 633 1727 751 1788; x_wconf 86' lang='lat' dir='ltr'><strong>viderit.</strong></span> <span class='ocrx_word' id='word_1_133' title='bbox 796 1723 894 1788; x_wconf 84' lang='lat' dir='ltr'><strong>Mero.</strong></span> <span class='ocrx_word' id='word_1_134' title='bbox 918 1722 962 1803; x_wconf 93' lang='lat'><strong>11,</strong></span> <span class='ocrx_word' id='word_1_135' title='bbox 986 1729 1015 1802; x_wconf 96' lang='lat' dir='ltr'><strong>l,</strong></span> <span class='ocrx_word' id='word_1_136' title='bbox 1042 1728 1093 1785; x_wconf 86' lang='lat'><strong>14:</strong></span> <span class='ocrx_word' id='word_1_137' title='bbox 1128 1724 1213 1784; x_wconf 88' lang='lat' dir='ltr'><strong>Dicit</strong></span> <span class='ocrx_word' id='word_1_138' title='bbox 1242 1742 1362 1800; x_wconf 87' lang='lat' dir='ltr'><strong>capram</strong></span> 
     </span>
     <span class='ocr_line' id='line_1_15' title="bbox 207 1822 1362 1899; baseline -0.001 -16"><span class='ocrx_word' id='word_1_139' title='bbox 207 1841 293 1899; x_wconf 86' lang='lat' dir='ltr'><strong>qnam</strong></span> <span class='ocrx_word' id='word_1_140' title='bbox 315 1825 455 1884; x_wconf 89' lang='lat' dir='ltr'><strong>dederam</strong></span> <span class='ocrx_word' id='word_1_141' title='bbox 478 1826 654 1884; x_wconf 85' lang='lat' dir='ltr'><strong>servandam</strong></span> <span class='ocrx_word' id='word_1_142' title='bbox 680 1824 753 1891; x_wconf 63' lang='lat' dir='ltr'><strong>mhi,</strong></span> <span class='ocrx_word' id='word_1_143' title='bbox 785 1824 863 1883; x_wconf 88' lang='lat' dir='ltr'><strong>Suae</strong></span> <span class='ocrx_word' id='word_1_144' title='bbox 891 1826 992 1884; x_wconf 86' lang='lat' dir='ltr'><strong>uxoris</strong></span> <span class='ocrx_word' id='word_1_145' title='bbox 1023 1822 1123 1882; x_wconf 90' lang='lat' dir='ltr'><strong>dotem</strong></span> <span class='ocrx_word' id='word_1_146' title='bbox 1154 1823 1362 1884; x_wconf 82' lang='lat' dir='ltr'><strong>umbadedisse</strong></span> 
     </span>
     <span class='ocr_line' id='line_1_16' title="bbox 207 1918 1362 1997; baseline -0.002 -14"><span class='ocrx_word' id='word_1_147' title='bbox 207 1918 273 1984; x_wconf 89' lang='lat' dir='ltr'><strong>Mil.</strong></span> <span class='ocrx_word' id='word_1_148' title='bbox 295 1918 338 1995; x_wconf 83' lang='lat'><strong>11,</strong></span> <span class='ocrx_word' id='word_1_149' title='bbox 363 1922 391 1997; x_wconf 88' lang='lat'><strong>1,</strong></span> <span class='ocrx_word' id='word_1_150' title='bbox 413 1923 469 1983; x_wconf 79' lang='lat'><strong>34:</strong></span> <span class='ocrx_word' id='word_1_151' title='bbox 508 1939 575 1982; x_wconf 85' lang='lat' dir='ltr'><strong>nem</strong></span> <span class='ocrx_word' id='word_1_152' title='bbox 596 1923 622 1983; x_wconf 86' lang='lat' dir='ltr'><strong>is</strong></span> <span class='ocrx_word' id='word_1_153' title='bbox 644 1923 726 1982; x_wconf 89' lang='lat' dir='ltr'><strong>illius</strong></span> <span class='ocrx_word' id='word_1_154' title='bbox 748 1922 841 1982; x_wconf 81' lang='lat' dir='ltr'><strong>filium</strong></span> <span class='ocrx_word' id='word_1_155' title='bbox 863 1921 982 1982; x_wconf 85' lang='lat' dir='ltr'><strong>Gonicit</strong></span> <span class='ocrx_word' id='word_1_156' title='bbox 1004 1922 1033 1981; x_wconf 92' lang='lat' dir='ltr'><strong>in</strong></span> <span class='ocrx_word' id='word_1_157' title='bbox 1053 1936 1162 1981; x_wconf 84' lang='lat' dir='ltr'><strong>navam</strong></span> <span class='ocrx_word' id='word_1_158' title='bbox 1184 1920 1273 1981; x_wconf 87' lang='lat' dir='ltr'><strong>miles</strong></span> <span class='ocrx_word' id='word_1_159' title='bbox 1296 1922 1362 1981; x_wconf 83' lang='lat' dir='ltr'><strong>clau</strong></span> 
     </span>
     <span class='ocr_line' id='line_1_17' title="bbox 206 2013 1362 2097; baseline 0 -18"><span class='ocrx_word' id='word_1_160' title='bbox 206 2025 334 2080; x_wconf 89' lang='lat' dir='ltr'><strong>matrem</strong></span> <span class='ocrx_word' id='word_1_161' title='bbox 355 2035 457 2087; x_wconf 68' lang='lat' dir='ltr'><strong>mum,</strong></span> <span class='ocrx_word' id='word_1_162' title='bbox 479 2016 535 2082; x_wconf 91' lang='lat' dir='ltr'><strong>ubi</strong></span> <span class='ocrx_word' id='word_1_163' title='bbox 556 2016 663 2082; x_wconf 85' lang='lat' dir='ltr'><strong>Lind:</strong></span> <span class='ocrx_word' id='word_1_164' title='bbox 697 2017 900 2097; x_wconf 92' lang='lat' dir='ltr'><strong>„Proncmen</strong></span> <span class='ocrx_word' id='word_1_165' title='bbox 922 2016 1137 2096; x_wconf 76' lang='lat' dir='ltr'><strong>possessivum</strong></span> <span class='ocrx_word' id='word_1_166' title='bbox 1159 2013 1190 2079; x_wconf 84' lang='lat' dir='ltr'><strong>ln</strong></span> <span class='ocrx_word' id='word_1_167' title='bbox 1214 2014 1235 2080; x_wconf 86' lang='lat' dir='ltr'><strong>l</strong></span> <span class='ocrx_word' id='word_1_168' title='bbox 1259 2021 1362 2080; x_wconf 81' lang='lat' dir='ltr'><strong>contu</strong></span> 
     </span>
     <span class='ocr_line' id='line_1_18' title="bbox 206 2111 1362 2195; baseline -0.001 -16"><span class='ocrx_word' id='word_1_169' title='bbox 206 2113 370 2195; x_wconf 84' lang='lat' dir='ltr'><strong>vulgarem</strong></span> <span class='ocrx_word' id='word_1_170' title='bbox 386 2114 573 2179; x_wconf 89' lang='lat' dir='ltr'><strong>Latinorum</strong></span> <span class='ocrx_word' id='word_1_171' title='bbox 589 2116 853 2181; x_wconf 83' lang='lat' dir='ltr'><strong>consuetudinem</strong></span> <span class='ocrx_word' id='word_1_172' title='bbox 870 2118 1059 2194; x_wconf 84' lang='lat' dir='ltr'><strong>usurpatum</strong></span> <span class='ocrx_word' id='word_1_173' title='bbox 1076 2130 1149 2179; x_wconf 89' lang='lat' dir='ltr'><strong>esse</strong></span> <span class='ocrx_word' id='word_1_174' title='bbox 1164 2116 1267 2193; x_wconf 83' lang='lat' dir='ltr'><strong>patet</strong></span> <span class='ocrx_word' id='word_1_175' title='bbox 1290 2111 1362 2178; x_wconf 88' lang='lat' dir='ltr'><strong>Nau</strong></span> 
     </span>
     <span class='ocr_line' id='line_1_19' title="bbox 204 2209 1362 2293; baseline 0.001 -20"><span class='ocrx_word' id='word_1_176' title='bbox 204 2218 301 2273; x_wconf 63' lang='lat' dir='ltr'><strong>motu</strong></span> <span class='ocrx_word' id='word_1_177' title='bbox 327 2231 385 2275; x_wconf 85' lang='lat' dir='ltr'><strong>sau</strong></span> <span class='ocrx_word' id='word_1_178' title='bbox 406 2211 512 2292; x_wconf 90' lang='lat' dir='ltr'><strong>potius</strong></span> <span class='ocrx_word' id='word_1_179' title='bbox 535 2211 576 2276; x_wconf 91' lang='lat' dir='ltr'><strong>de</strong></span> <span class='ocrx_word' id='word_1_180' title='bbox 597 2212 707 2278; x_wconf 84' lang='lat' dir='ltr'><strong>militis</strong></span> <span class='ocrx_word' id='word_1_181' title='bbox 729 2217 833 2278; x_wconf 87' lang='lat' dir='ltr'><strong>matre</strong></span> <span class='ocrx_word' id='word_1_182' title='bbox 854 2230 950 2293; x_wconf 87' lang='lat' dir='ltr'><strong>quam</strong></span> <span class='ocrx_word' id='word_1_183' title='bbox 972 2210 1011 2276; x_wconf 89' lang='lat' dir='ltr'><strong>de</strong></span> <span class='ocrx_word' id='word_1_184' title='bbox 1034 2211 1166 2293; x_wconf 85' lang='lat' dir='ltr'><strong>virginis</strong></span> <span class='ocrx_word' id='word_1_185' title='bbox 1187 2209 1362 2291; x_wconf 83' lang='lat' dir='ltr'><strong>intelligen·</strong></span> 
     </span>
     <span class='ocr_line' id='line_1_20' title="bbox 205 2308 1361 2390; baseline -0.002 -16"><span class='ocrx_word' id='word_1_186' title='bbox 205 2309 291 2374; x_wconf 89' lang='lat' dir='ltr'><strong>dum.</strong></span> <span class='ocrx_word' id='word_1_187' title='bbox 336 2309 400 2375; x_wconf 84' lang='lat' dir='ltr'><strong>Sed</strong></span> <span class='ocrx_word' id='word_1_188' title='bbox 421 2310 593 2390; x_wconf 74' lang='lat' dir='ltr'><strong>aliquoties</strong></span> <span class='ocrx_word' id='word_1_189' title='bbox 618 2311 666 2374; x_wconf 85' lang='lat' dir='ltr'><strong>ita</strong></span> <span class='ocrx_word' id='word_1_190' title='bbox 693 2329 772 2376; x_wconf 88' lang='lat' dir='ltr'><strong>voce</strong></span> <span class='ocrx_word' id='word_1_191' title='bbox 804 2330 877 2373; x_wconf 77' lang='lat' dir='ltr'><strong>suso</strong></span> <span class='ocrx_word' id='word_1_192' title='bbox 909 2310 959 2375; x_wconf 90' lang='lat' dir='ltr'><strong>usi</strong></span> <span class='ocrx_word' id='word_1_193' title='bbox 988 2309 1195 2375; x_wconf 87' lang='lat' dir='ltr'><strong>inveniuntur</strong></span> <span class='ocrx_word' id='word_1_194' title='bbox 1226 2308 1361 2374; x_wconf 87' lang='lat' dir='ltr'><strong>Romani</strong></span> 
     </span>
     <span class='ocr_line' id='line_1_21' title="bbox 207 2406 1362 2489; baseline -0.001 -17"><span class='ocrx_word' id='word_1_195' title='bbox 207 2407 336 2489; x_wconf 85' lang='lat' dir='ltr'><strong>saepius</strong></span> <span class='ocrx_word' id='word_1_196' title='bbox 358 2407 503 2487; x_wconf 87' lang='lat' dir='ltr'><strong>Plautus,</strong></span> <span class='ocrx_word' id='word_1_197' title='bbox 527 2408 584 2474; x_wconf 90' lang='lat' dir='ltr'><strong>sed</strong></span> <span class='ocrx_word' id='word_1_198' title='bbox 606 2413 742 2486; x_wconf 89' lang='lat' dir='ltr'><strong>tantum,</strong></span> <span class='ocrx_word' id='word_1_199' title='bbox 765 2406 831 2489; x_wconf 90' lang='lat' dir='ltr'><strong>ubi,</strong></span> <span class='ocrx_word' id='word_1_200' title='bbox 853 2408 931 2488; x_wconf 87' lang='lat' dir='ltr'><strong>quid</strong></span> <span class='ocrx_word' id='word_1_201' title='bbox 953 2411 1078 2489; x_wconf 85' lang='lat' dir='ltr'><strong>spectet</strong></span> <span class='ocrx_word' id='word_1_202' title='bbox 1097 2424 1286 2488; x_wconf 89' lang='lat' dir='ltr'><strong>pronomen,</strong></span> <span class='ocrx_word' id='word_1_203' title='bbox 1308 2426 1362 2473; x_wconf 85' lang='lat' dir='ltr'><strong>nor</strong></span> 
     </span>
     <span class='ocr_line' id='line_1_22' title="bbox 208 2505 1358 2588; baseline 0.001 -17"><span class='ocrx_word' id='word_1_204' title='bbox 208 2506 338 2572; x_wconf 90' lang='lat' dir='ltr'><strong>dubium</strong></span> <span class='ocrx_word' id='word_1_205' title='bbox 362 2509 421 2571; x_wconf 88' lang='lat' dir='ltr'><strong>est.</strong></span> <span class='ocrx_word' id='word_1_206' title='bbox 456 2506 500 2571; x_wconf 89' lang='lat' dir='ltr'><strong>Et</strong></span> <span class='ocrx_word' id='word_1_207' title='bbox 521 2506 660 2588; x_wconf 87' lang='lat' dir='ltr'><strong>videtur,</strong></span> <span class='ocrx_word' id='word_1_208' title='bbox 683 2508 768 2588; x_wconf 88' lang='lat' dir='ltr'><strong>qnod</strong></span> <span class='ocrx_word' id='word_1_209' title='bbox 791 2510 882 2588; x_wconf 86' lang='lat' dir='ltr'><strong>patet</strong></span> <span class='ocrx_word' id='word_1_210' title='bbox 904 2525 922 2572; x_wconf 92' lang='lat' dir='ltr'><strong>e</strong></span> <span class='ocrx_word' id='word_1_211' title='bbox 943 2505 1104 2586; x_wconf 82' lang='lat' dir='ltr'><strong>formulis,</strong></span> <span class='ocrx_word' id='word_1_212' title='bbox 1126 2506 1159 2571; x_wconf 94' lang='lat' dir='ltr'><strong>in</strong></span> <span class='ocrx_word' id='word_1_213' title='bbox 1183 2506 1305 2586; x_wconf 79' lang='lat' dir='ltr'><strong>ouibus</strong></span> <span class='ocrx_word' id='word_1_214' title='bbox 1326 2508 1358 2572; x_wconf 91' lang='lat' dir='ltr'><strong>in</strong></span> 
     </span>
     <span class='ocr_line' id='line_1_23' title="bbox 206 2604 1359 2682; baseline 0.003 -15"><span class='ocrx_word' id='word_1_215' title='bbox 206 2604 308 2668; x_wconf 89' lang='lat' dir='ltr'><strong>veniri</strong></span> <span class='ocrx_word' id='word_1_216' title='bbox 331 2604 431 2682; x_wconf 89' lang='lat' dir='ltr'><strong>solet,</strong></span> <span class='ocrx_word' id='word_1_217' title='bbox 462 2610 501 2669; x_wconf 91' lang='lat' dir='ltr'><strong>ut</strong></span> <span class='ocrx_word' id='word_1_218' title='bbox 516 2612 607 2682; x_wconf 83' lang='lat' dir='ltr'><strong>poter</strong></span> <span class='ocrx_word' id='word_1_219' title='bbox 628 2627 713 2677; x_wconf 73' lang='lat' dir='ltr'><strong>aare,</strong></span> <span class='ocrx_word' id='word_1_220' title='bbox 739 2614 835 2668; x_wconf 77' lang='lat' dir='ltr'><strong>mater</strong></span> <span class='ocrx_word' id='word_1_221' title='bbox 855 2625 913 2669; x_wconf 74' lang='lat' dir='ltr'><strong>seo</strong></span> <span class='ocrx_word' id='word_1_222' title='bbox 935 2609 967 2671; x_wconf 93' lang='lat' dir='ltr'><strong>et</strong></span> <span class='ocrx_word' id='word_1_223' title='bbox 989 2605 1147 2671; x_wconf 89' lang='lat' dir='ltr'><strong>eiusmodi</strong></span> <span class='ocrx_word' id='word_1_224' title='bbox 1168 2605 1241 2671; x_wconf 92' lang='lat' dir='ltr'><strong>aliis</strong></span> <span class='ocrx_word' id='word_1_225' title='bbox 1263 2606 1308 2670; x_wconf 89' lang='lat' dir='ltr'><strong>ad</strong></span> <span class='ocrx_word' id='word_1_226' title='bbox 1329 2605 1359 2670; x_wconf 86' lang='lat' dir='ltr'><strong>la</strong></span> 
     </span>
     <span class='ocr_line' id='line_1_24' title="bbox 206 2702 1362 2783; baseline 0.002 -17"><span class='ocrx_word' id='word_1_227' title='bbox 206 2702 363 2767; x_wconf 82' lang='lat' dir='ltr'><strong>miliarum</strong></span> <span class='ocrx_word' id='word_1_228' title='bbox 386 2721 564 2768; x_wconf 90' lang='lat' dir='ltr'><strong>sermonem</strong></span> <span class='ocrx_word' id='word_1_229' title='bbox 594 2704 765 2769; x_wconf 86' lang='lat' dir='ltr'><strong>referenda</strong></span> <span class='ocrx_word' id='word_1_230' title='bbox 792 2723 863 2770; x_wconf 87' lang='lat' dir='ltr'><strong>esse</strong></span> <span class='ocrx_word' id='word_1_231' title='bbox 894 2703 973 2768; x_wconf 88' lang='lat' dir='ltr'><strong>haec</strong></span> <span class='ocrx_word' id='word_1_232' title='bbox 1002 2703 1115 2768; x_wconf 84' lang='lat' dir='ltr'><strong>ratio.“</strong></span> <span class='ocrx_word' id='word_1_233' title='bbox 1159 2702 1257 2770; x_wconf 89' lang='lat' dir='ltr'><strong>Poen.</strong></span> <span class='ocrx_word' id='word_1_234' title='bbox 1282 2703 1321 2783; x_wconf 86' lang='lat' dir='ltr'><strong>V,</strong></span> <span class='ocrx_word' id='word_1_235' title='bbox 1347 2711 1362 2768; x_wconf 88' lang='lat' dir='ltr'><strong>l</strong></span> 
     </span>
     <span class='ocr_line' id='line_1_25' title="bbox 207 2801 1361 2881; baseline 0.003 -17"><span class='ocrx_word' id='word_1_236' title='bbox 207 2803 262 2864; x_wconf 82' lang='lat'><strong>23:</strong></span> <span class='ocrx_word' id='word_1_237' title='bbox 284 2803 361 2861; x_wconf 79' lang='lat' dir='ltr'><strong>Eum</strong></span> <span class='ocrx_word' id='word_1_238' title='bbox 384 2802 495 2863; x_wconf 83' lang='lat' dir='ltr'><strong>lesisse</strong></span> <span class='ocrx_word' id='word_1_239' title='bbox 518 2806 611 2879; x_wconf 81' lang='lat' dir='ltr'><strong>siunt,</strong></span> <span class='ocrx_word' id='word_1_240' title='bbox 633 2806 691 2866; x_wconf 78' lang='lat' dir='ltr'><strong>stoi</strong></span> <span class='ocrx_word' id='word_1_241' title='bbox 713 2805 791 2881; x_wconf 89' lang='lat' dir='ltr'><strong>qnod</strong></span> <span class='ocrx_word' id='word_1_242' title='bbox 814 2804 984 2865; x_wconf 81' lang='lat' dir='ltr'><strong>faciundum</strong></span> <span class='ocrx_word' id='word_1_243' title='bbox 1004 2803 1068 2864; x_wconf 83' lang='lat' dir='ltr'><strong>snit.</strong></span> <span class='ocrx_word' id='word_1_244' title='bbox 1112 2801 1201 2868; x_wconf 84' lang='lat' dir='ltr'><strong>Pers.</strong></span> <span class='ocrx_word' id='word_1_245' title='bbox 1216 2801 1275 2881; x_wconf 90' lang='lat' dir='ltr'><strong>IV,</strong></span> <span class='ocrx_word' id='word_1_246' title='bbox 1293 2807 1361 2881; x_wconf 82' lang='lat'><strong>3,3</strong></span> 
     </span>
     <span class='ocr_line' id='line_1_26' title="bbox 206 2900 1030 2978; baseline 0.005 -21"><span class='ocrx_word' id='word_1_247' title='bbox 206 2900 253 2958; x_wconf 88' lang='lat' dir='ltr'><strong>Ita</strong></span> <span class='ocrx_word' id='word_1_248' title='bbox 276 2916 343 2960; x_wconf 89' lang='lat' dir='ltr'><strong>mea</strong></span> <span class='ocrx_word' id='word_1_249' title='bbox 364 2902 476 2961; x_wconf 87' lang='lat' dir='ltr'><strong>ancilla</strong></span> <span class='ocrx_word' id='word_1_250' title='bbox 498 2920 574 2978; x_wconf 82' lang='lat' dir='ltr'><strong>quoe</strong></span> <span class='ocrx_word' id='word_1_251' title='bbox 597 2902 653 2964; x_wconf 83' lang='lat' dir='ltr'><strong>luit</strong></span> <span class='ocrx_word' id='word_1_252' title='bbox 675 2905 774 2977; x_wconf 89' lang='lat' dir='ltr'><strong>hodie,</strong></span> <span class='ocrx_word' id='word_1_253' title='bbox 794 2921 852 2965; x_wconf 83' lang='lat' dir='ltr'><strong>sua</strong></span> <span class='ocrx_word' id='word_1_254' title='bbox 873 2920 951 2965; x_wconf 90' lang='lat' dir='ltr'><strong>nuuc</strong></span> <span class='ocrx_word' id='word_1_255' title='bbox 974 2909 1030 2964; x_wconf 87' lang='lat' dir='ltr'><strong>eet.</strong></span> 
     </span>
    </p>

    <p class='ocr_par' dir='ltr' id='par_1_4' title="bbox 196 2994 1362 4453">
     <span class='ocr_line' id='line_1_27' title="bbox 291 2994 1362 3078; baseline 0.001 -18"><span class='ocrx_word' id='word_1_256' title='bbox 291 2994 342 3060; x_wconf 80' lang='lat' dir='ltr'><strong>Ad</strong></span> <span class='ocrx_word' id='word_1_257' title='bbox 364 2995 559 3076; x_wconf 85' lang='lat' dir='ltr'><strong>peculiarem</strong></span> <span class='ocrx_word' id='word_1_258' title='bbox 582 3015 675 3063; x_wconf 90' lang='lat' dir='ltr'><strong>nsum</strong></span> <span class='ocrx_word' id='word_1_259' title='bbox 698 3007 844 3065; x_wconf 84' lang='lat' dir='ltr'><strong>veterum</strong></span> <span class='ocrx_word' id='word_1_260' title='bbox 867 2999 1059 3064; x_wconf 85' lang='lat' dir='ltr'><strong>comicorum</strong></span> <span class='ocrx_word' id='word_1_261' title='bbox 1081 2998 1278 3078; x_wconf 85' lang='lat' dir='ltr'><strong>scriptorum</strong></span> <span class='ocrx_word' id='word_1_262' title='bbox 1300 3015 1362 3078; x_wconf 91' lang='lat' dir='ltr'><strong>per</strong></span> 
     </span>
     <span class='ocr_line' id='line_1_28' title="bbox 205 3089 1362 3176; baseline 0.003 -20"><span class='ocrx_word' id='word_1_263' title='bbox 205 3089 287 3157; x_wconf 87' lang='lat' dir='ltr'><strong>tinet</strong></span> <span class='ocrx_word' id='word_1_264' title='bbox 308 3093 406 3159; x_wconf 88' lang='lat' dir='ltr'><strong>etiam</strong></span> <span class='ocrx_word' id='word_1_265' title='bbox 427 3092 576 3176; x_wconf 77' lang='lat' dir='ltr'><strong>frequens</strong></span> <span class='ocrx_word' id='word_1_266' title='bbox 598 3097 778 3162; x_wconf 87' lang='lat' dir='ltr'><strong>coniunctio</strong></span> <span class='ocrx_word' id='word_1_267' title='bbox 805 3118 879 3163; x_wconf 80' lang='lat' dir='ltr'><strong>saar</strong></span> <span class='ocrx_word' id='word_1_268' title='bbox 904 3100 971 3162; x_wconf 72' lang='lat' dir='ltr'><strong>stus</strong></span> <span class='ocrx_word' id='word_1_269' title='bbox 1017 3096 1068 3162; x_wconf 86' lang='lat' dir='ltr'><strong>Sic</strong></span> <span class='ocrx_word' id='word_1_270' title='bbox 1094 3095 1200 3162; x_wconf 89' lang='lat' dir='ltr'><strong>Pluut</strong></span> <span class='ocrx_word' id='word_1_271' title='bbox 1225 3095 1319 3176; x_wconf 87' lang='lat' dir='ltr'><strong>Capt</strong></span> <span class='ocrx_word' id='word_1_272' title='bbox 1346 3093 1362 3159; x_wconf 92' lang='lat' dir='ltr'><strong>l</strong></span> 
     </span>
     <span class='ocr_line' id='line_1_29' title="bbox 208 3193 1362 3272; baseline 0.004 -20"><span class='ocrx_word' id='word_1_273' title='bbox 208 3194 236 3269; x_wconf 93' lang='lat'><strong>1,</strong></span> <span class='ocrx_word' id='word_1_274' title='bbox 262 3194 315 3256; x_wconf 84' lang='lat'><strong>13:</strong></span> <span class='ocrx_word' id='word_1_275' title='bbox 338 3193 486 3255; x_wconf 79' lang='lat' dir='ltr'><strong>(lochleae</strong></span> <span class='ocrx_word' id='word_1_276' title='bbox 502 3227 544 3238; x_wconf 93' lang='lat'><strong>—</strong></span> <span class='ocrx_word' id='word_1_277' title='bbox 560 3194 625 3256; x_wconf 81' lang='lat' dir='ltr'><strong>Suc</strong></span> <span class='ocrx_word' id='word_1_278' title='bbox 645 3198 703 3257; x_wconf 80' lang='lat' dir='ltr'><strong>sibi</strong></span> <span class='ocrx_word' id='word_1_279' title='bbox 725 3215 797 3258; x_wconf 92' lang='lat' dir='ltr'><strong>suco</strong></span> <span class='ocrx_word' id='word_1_280' title='bbox 820 3200 930 3272; x_wconf 91' lang='lat' dir='ltr'><strong>vivont,</strong></span> <span class='ocrx_word' id='word_1_281' title='bbox 953 3194 1009 3260; x_wconf 90' lang='lat' dir='ltr'><strong>ubi</strong></span> <span class='ocrx_word' id='word_1_282' title='bbox 1030 3194 1102 3260; x_wconf 84' lang='lat' dir='ltr'><strong>vide</strong></span> <span class='ocrx_word' id='word_1_283' title='bbox 1116 3193 1261 3259; x_wconf 76' lang='lat' dir='ltr'><strong>Lindon.</strong></span> <span class='ocrx_word' id='word_1_284' title='bbox 1285 3193 1362 3257; x_wconf 87' lang='lat' dir='ltr'><strong>Trim</strong></span> 
     </span>
     <span class='ocr_line' id='line_1_30' title="bbox 204 3285 1362 3372; baseline 0.003 -22"><span class='ocrx_word' id='word_1_285' title='bbox 204 3285 231 3366; x_wconf 95' lang='lat' dir='ltr'><strong>I,</strong></span> <span class='ocrx_word' id='word_1_286' title='bbox 254 3292 283 3368; x_wconf 86' lang='lat'><strong>2,</strong></span> <span class='ocrx_word' id='word_1_287' title='bbox 309 3295 386 3357; x_wconf 87' lang='lat'>119:</span> <span class='ocrx_word' id='word_1_288' title='bbox 421 3293 508 3353; x_wconf 87' lang='lat' dir='ltr'><strong>Nunc</strong></span> <span class='ocrx_word' id='word_1_289' title='bbox 531 3295 557 3354; x_wconf 92' lang='lat' dir='ltr'><strong>si</strong></span> <span class='ocrx_word' id='word_1_290' title='bbox 585 3295 637 3354; x_wconf 91' lang='lat' dir='ltr'><strong>ille</strong></span> <span class='ocrx_word' id='word_1_291' title='bbox 665 3296 723 3355; x_wconf 91' lang='lat' dir='ltr'><strong>hnc</strong></span> <span class='ocrx_word' id='word_1_292' title='bbox 750 3296 848 3357; x_wconf 82' lang='lat' dir='ltr'><strong>sulvus</strong></span> <span class='ocrx_word' id='word_1_293' title='bbox 875 3297 1006 3372; x_wconf 83' lang='lat' dir='ltr'><strong>revenit,</strong></span> <span class='ocrx_word' id='word_1_294' title='bbox 1039 3294 1163 3354; x_wconf 86' lang='lat' dir='ltr'><strong>reddam</strong></span> <span class='ocrx_word' id='word_1_295' title='bbox 1189 3311 1279 3355; x_wconf 64' lang='lat' dir='ltr'><strong>mean</strong></span> <span class='ocrx_word' id='word_1_296' title='bbox 1305 3295 1362 3355; x_wconf 79' lang='lat' dir='ltr'><strong>etot</strong></span> 
     </span>
     <span class='ocr_line' id='line_1_31' title="bbox 204 3386 1362 3468; baseline 0 -17"><span class='ocrx_word' id='word_1_297' title='bbox 204 3386 301 3452; x_wconf 86' lang='lat' dir='ltr'><strong>Poen.</strong></span> <span class='ocrx_word' id='word_1_298' title='bbox 318 3387 357 3468; x_wconf 89' lang='lat' dir='ltr'><strong>V,</strong></span> <span class='ocrx_word' id='word_1_299' title='bbox 375 3393 404 3468; x_wconf 82' lang='lat'><strong>2,</strong></span> <span class='ocrx_word' id='word_1_300' title='bbox 428 3394 503 3454; x_wconf 81' lang='lat'>123:</span> <span class='ocrx_word' id='word_1_301' title='bbox 527 3390 622 3453; x_wconf 70' lang='grc' dir='ltr'>διιαηι</span> <span class='ocrx_word' id='word_1_302' title='bbox 644 3411 705 3454; x_wconf 92' lang='lat' dir='ltr'><strong>rem</strong></span> <span class='ocrx_word' id='word_1_303' title='bbox 728 3394 786 3454; x_wconf 78' lang='lat' dir='ltr'><strong>sibi</strong></span> <span class='ocrx_word' id='word_1_304' title='bbox 809 3396 920 3455; x_wconf 87' lang='lat' dir='ltr'><strong>salvam</strong></span> <span class='ocrx_word' id='word_1_305' title='bbox 943 3396 1055 3466; x_wconf 82' lang='lat' dir='ltr'><strong>sistam,</strong></span> <span class='ocrx_word' id='word_1_306' title='bbox 1079 3394 1105 3453; x_wconf 87' lang='lat' dir='ltr'><strong>ei</strong></span> <span class='ocrx_word' id='word_1_307' title='bbox 1126 3394 1180 3453; x_wconf 91' lang='lat' dir='ltr'><strong>illo</strong></span> <span class='ocrx_word' id='word_1_308' title='bbox 1203 3393 1362 3452; x_wconf 82' lang='lat' dir='ltr'><strong>advenerit</strong></span> 
     </span>
     <span class='ocr_line' id='line_1_32' title="bbox 203 3484 1362 3567; baseline -0.001 -18"><span class='ocrx_word' id='word_1_309' title='bbox 203 3484 302 3550; x_wconf 87' lang='lat' dir='ltr'><strong>Poen.</strong></span> <span class='ocrx_word' id='word_1_310' title='bbox 325 3485 407 3566; x_wconf 87' lang='lat' dir='ltr'><strong>prol.</strong></span> <span class='ocrx_word' id='word_1_311' title='bbox 430 3506 460 3552; x_wconf 85' lang='lat' dir='ltr'><strong>v.</strong></span> <span class='ocrx_word' id='word_1_312' title='bbox 485 3493 540 3553; x_wconf 77' lang='lat' dir='ltr'><strong>et:</strong></span> <span class='ocrx_word' id='word_1_313' title='bbox 562 3492 663 3552; x_wconf 86' lang='lat' dir='ltr'><strong>Locus</strong></span> <span class='ocrx_word' id='word_1_314' title='bbox 685 3497 891 3567; x_wconf 78' lang='lat' dir='ltr'><strong>argumentost</strong></span> <span class='ocrx_word' id='word_1_315' title='bbox 911 3509 996 3554; x_wconf 77' lang='lat' dir='ltr'><strong>sama</strong></span> <span class='ocrx_word' id='word_1_316' title='bbox 1016 3491 1074 3552; x_wconf 79' lang='lat' dir='ltr'><strong>siti</strong></span> <span class='ocrx_word' id='word_1_317' title='bbox 1092 3492 1299 3565; x_wconf 87' lang='lat' dir='ltr'><strong>proscenium.</strong></span> <span class='ocrx_word' id='word_1_318' title='bbox 1343 3505 1362 3548; x_wconf 90' lang='lat' dir='ltr'><strong>v</strong></span> 
     </span>
     <span class='ocr_line' id='line_1_33' title="bbox 205 3584 1362 3666; baseline 0.004 -20"><span class='ocrx_word' id='word_1_319' title='bbox 205 3587 260 3647; x_wconf 77' lang='lat'><strong>97:</strong></span> <span class='ocrx_word' id='word_1_320' title='bbox 283 3586 332 3648; x_wconf 91' lang='lat' dir='ltr'><strong>hic</strong></span> <span class='ocrx_word' id='word_1_321' title='bbox 355 3588 532 3649; x_wconf 85' lang='lat' dir='ltr'><strong>adulescens</strong></span> <span class='ocrx_word' id='word_1_322' title='bbox 547 3591 686 3665; x_wconf 89' lang='lat' dir='ltr'><strong>—perit</strong></span> <span class='ocrx_word' id='word_1_323' title='bbox 708 3587 803 3650; x_wconf 81' lang='lat' dir='ltr'><strong>Saum</strong></span> <span class='ocrx_word' id='word_1_324' title='bbox 822 3590 880 3649; x_wconf 76' lang='lat' dir='ltr'><strong>aidi</strong></span> <span class='ocrx_word' id='word_1_325' title='bbox 903 3598 1059 3666; x_wconf 79' lang='lat' dir='ltr'><strong>cognotam</strong></span> <span class='ocrx_word' id='word_1_326' title='bbox 1082 3588 1257 3662; x_wconf 88' lang='lat' dir='ltr'><strong>inprudens.</strong></span> <span class='ocrx_word' id='word_1_327' title='bbox 1280 3584 1362 3651; x_wconf 81' lang='lat' dir='ltr'><strong>Pers</strong></span> 
     </span>
     <span class='ocr_line' id='line_1_34' title="bbox 202 3679 1362 3762; baseline 0.002 -17"><span class='ocrx_word' id='word_1_328' title='bbox 202 3679 228 3758; x_wconf 89' lang='grc' dir='ltr'><strong>Ι,</strong></span> <span class='ocrx_word' id='word_1_329' title='bbox 253 3685 282 3759; x_wconf 84' lang='grc'><strong>3,</strong></span> <span class='ocrx_word' id='word_1_330' title='bbox 309 3688 340 3745; x_wconf 88' lang='lat'><strong>1:</strong></span> <span class='ocrx_word' id='word_1_331' title='bbox 374 3687 498 3747; x_wconf 85' lang='lat' dir='ltr'><strong>Omnem</strong></span> <span class='ocrx_word' id='word_1_332' title='bbox 521 3704 584 3746; x_wconf 88' lang='lat' dir='ltr'><strong>rem</strong></span> <span class='ocrx_word' id='word_1_333' title='bbox 607 3688 714 3760; x_wconf 93' lang='lat' dir='ltr'><strong>inveni,</strong></span> <span class='ocrx_word' id='word_1_334' title='bbox 737 3694 771 3748; x_wconf 91' lang='lat' dir='ltr'><strong>ut</strong></span> <span class='ocrx_word' id='word_1_335' title='bbox 792 3704 849 3748; x_wconf 79' lang='lat' dir='ltr'><strong>suu</strong></span> <span class='ocrx_word' id='word_1_336' title='bbox 869 3688 927 3748; x_wconf 76' lang='lat' dir='ltr'><strong>siti</strong></span> <span class='ocrx_word' id='word_1_337' title='bbox 948 3689 1075 3762; x_wconf 89' lang='lat' dir='ltr'><strong>pecnnia</strong></span> <span class='ocrx_word' id='word_1_338' title='bbox 1098 3687 1194 3747; x_wconf 84' lang='lat' dir='ltr'><strong>Hodie</strong></span> <span class='ocrx_word' id='word_1_339' title='bbox 1218 3687 1304 3747; x_wconf 88' lang='lat' dir='ltr'><strong>illam</strong></span> <span class='ocrx_word' id='word_1_340' title='bbox 1327 3685 1362 3747; x_wconf 77' lang='lat' dir='ltr'><strong>le</strong></span> 
     </span>
     <span class='ocr_line' id='line_1_35' title="bbox 203 3782 1362 3865; baseline 0.002 -23"><span class='ocrx_word' id='word_1_341' title='bbox 203 3783 265 3842; x_wconf 83' lang='lat' dir='ltr'><strong>ciat</strong></span> <span class='ocrx_word' id='word_1_342' title='bbox 285 3785 356 3843; x_wconf 92' lang='lat' dir='ltr'><strong>leno</strong></span> <span class='ocrx_word' id='word_1_343' title='bbox 378 3784 518 3845; x_wconf 89' lang='lat' dir='ltr'><strong>libertam</strong></span> <span class='ocrx_word' id='word_1_344' title='bbox 541 3802 635 3848; x_wconf 87' lang='lat' dir='ltr'><strong>suam.</strong></span> <span class='ocrx_word' id='word_1_345' title='bbox 681 3782 793 3865; x_wconf 77' lang='lat' dir='ltr'><strong>Amph.</strong></span> <span class='ocrx_word' id='word_1_346' title='bbox 817 3782 842 3862; x_wconf 92' lang='lat'><strong>1,</strong></span> <span class='ocrx_word' id='word_1_347' title='bbox 868 3789 896 3863; x_wconf 91' lang='grc'><strong>1,</strong></span> <span class='ocrx_word' id='word_1_348' title='bbox 921 3787 995 3848; x_wconf 86' lang='grc'>113;</span> <span class='ocrx_word' id='word_1_349' title='bbox 1029 3788 1129 3860; x_wconf 79' lang='lat' dir='ltr'><strong>Atque</strong></span> <span class='ocrx_word' id='word_1_350' title='bbox 1153 3785 1215 3845; x_wconf 89' lang='lat' dir='ltr'><strong>telo</strong></span> <span class='ocrx_word' id='word_1_351' title='bbox 1237 3801 1295 3845; x_wconf 80' lang='lat' dir='ltr'><strong>eaeo</strong></span> <span class='ocrx_word' id='word_1_352' title='bbox 1317 3784 1362 3844; x_wconf 84' lang='lat' dir='ltr'><strong>aid</strong></span> 
     </span>
     <span class='ocr_line' id='line_1_36' title="bbox 202 3879 1362 3960; baseline 0.003 -21"><span class='ocrx_word' id='word_1_353' title='bbox 202 3880 281 3941; x_wconf 91' lang='lat' dir='ltr'><strong>hunc</strong></span> <span class='ocrx_word' id='word_1_354' title='bbox 302 3882 420 3943; x_wconf 87' lang='lat' dir='ltr'><strong>malitia</strong></span> <span class='ocrx_word' id='word_1_355' title='bbox 446 3882 599 3945; x_wconf 84' lang='lat' dir='ltr'><strong>alcribna</strong></span> <span class='ocrx_word' id='word_1_356' title='bbox 622 3884 748 3958; x_wconf 87' lang='lat' dir='ltr'><strong>pellere.</strong></span> <span class='ocrx_word' id='word_1_357' title='bbox 793 3879 881 3945; x_wconf 82' lang='lat' dir='ltr'><strong>Asin.</strong></span> <span class='ocrx_word' id='word_1_358' title='bbox 904 3879 961 3960; x_wconf 92' lang='lat' dir='ltr'><strong>IV,</strong></span> <span class='ocrx_word' id='word_1_359' title='bbox 985 3885 1015 3960; x_wconf 83' lang='lat'><strong>2,</strong></span> <span class='ocrx_word' id='word_1_360' title='bbox 1040 3884 1094 3945; x_wconf 80' lang='lat'><strong>16:</strong></span> <span class='ocrx_word' id='word_1_361' title='bbox 1128 3883 1174 3943; x_wconf 86' lang='lat' dir='ltr'><strong>Tu</strong></span> <span class='ocrx_word' id='word_1_362' title='bbox 1200 3899 1276 3957; x_wconf 74' lang='lat' dir='ltr'><strong>ergo</strong></span> <span class='ocrx_word' id='word_1_363' title='bbox 1305 3881 1362 3943; x_wconf 76' lang='lat' dir='ltr'><strong>lan</strong></span> 
     </span>
     <span class='ocr_line' id='line_1_37' title="bbox 196 3978 1361 4058; baseline 0.004 -21"><span class='ocrx_word' id='word_1_364' title='bbox 196 3978 249 4038; x_wconf 73' lang='lat' dir='ltr'><strong>‚illi</strong></span> <span class='ocrx_word' id='word_1_365' title='bbox 273 3979 391 4053; x_wconf 87' lang='lat' dir='ltr'><strong>turbas,</strong></span> <span class='ocrx_word' id='word_1_366' title='bbox 414 3982 478 4043; x_wconf 88' lang='lat' dir='ltr'><strong>litis</strong></span> <span class='ocrx_word' id='word_1_367' title='bbox 500 3982 629 4053; x_wconf 83' lang='lat' dir='ltr'><strong>cunelae,</strong></span> <span class='ocrx_word' id='word_1_368' title='bbox 653 3980 727 4041; x_wconf 86' lang='lat' dir='ltr'><strong>Cum</strong></span> <span class='ocrx_word' id='word_1_369' title='bbox 747 3998 803 4042; x_wconf 78' lang='lat' dir='ltr'><strong>ervo</strong></span> <span class='ocrx_word' id='word_1_370' title='bbox 823 3982 881 4042; x_wconf 76' lang='lat' dir='ltr'><strong>siut</strong></span> <span class='ocrx_word' id='word_1_371' title='bbox 902 3990 993 4058; x_wconf 77' lang='lat' dir='ltr'><strong>gnato</strong></span> <span class='ocrx_word' id='word_1_372' title='bbox 1017 3978 1099 4056; x_wconf 73' lang='lat' dir='ltr'><strong>luna]</strong></span> <span class='ocrx_word' id='word_1_373' title='bbox 1121 3997 1210 4041; x_wconf 90' lang='lat' dir='ltr'><strong>unam</strong></span> <span class='ocrx_word' id='word_1_374' title='bbox 1233 3981 1275 4041; x_wconf 74' lang='lat' dir='ltr'><strong>ed</strong></span> <span class='ocrx_word' id='word_1_375' title='bbox 1298 3981 1361 4042; x_wconf 79' lang='lat' dir='ltr'><strong>auri</strong></span> 
     </span>
     <span class='ocr_line' id='line_1_38' title="bbox 201 4075 1362 4158; baseline 0.003 -22"><span class='ocrx_word' id='word_1_376' title='bbox 201 4093 268 4136; x_wconf 83' lang='lat' dir='ltr'><strong>cunr</strong></span> <span class='ocrx_word' id='word_1_377' title='bbox 291 4078 329 4138; x_wconf 89' lang='lat' dir='ltr'><strong>de</strong></span> <span class='ocrx_word' id='word_1_378' title='bbox 352 4078 401 4138; x_wconf 92' lang='lat' dir='ltr'><strong>die</strong></span> <span class='ocrx_word' id='word_1_379' title='bbox 422 4079 540 4141; x_wconf 85' lang='lat' dir='ltr'><strong>Potare.</strong></span> <span class='ocrx_word' id='word_1_380' title='bbox 586 4075 653 4141; x_wconf 88' lang='lat' dir='ltr'><strong>Mil.</strong></span> <span class='ocrx_word' id='word_1_381' title='bbox 669 4075 729 4158; x_wconf 87' lang='lat'><strong>111,</strong></span> <span class='ocrx_word' id='word_1_382' title='bbox 748 4085 775 4156; x_wconf 91' lang='lat' dir='ltr'><strong>l,</strong></span> <span class='ocrx_word' id='word_1_383' title='bbox 797 4082 850 4142; x_wconf 77' lang='lat'><strong>37:</strong></span> <span class='ocrx_word' id='word_1_384' title='bbox 873 4081 958 4140; x_wconf 86' lang='lat' dir='ltr'><strong>lueet</strong></span> <span class='ocrx_word' id='word_1_385' title='bbox 980 4080 1011 4139; x_wconf 92' lang='lat' dir='ltr'><strong>in</strong></span> <span class='ocrx_word' id='word_1_386' title='bbox 1034 4080 1092 4142; x_wconf 90' lang='lat' dir='ltr'><strong>hoc</strong></span> <span class='ocrx_word' id='word_1_387' title='bbox 1113 4079 1296 4140; x_wconf 83' lang='lat' dir='ltr'><strong>emussitata</strong></span> <span class='ocrx_word' id='word_1_388' title='bbox 1316 4095 1362 4139; x_wconf 74' lang='lat' dir='ltr'><strong>sut</strong></span> 
     </span>
     <span class='ocr_line' id='line_1_39' title="bbox 202 4172 1362 4255; baseline 0.003 -20"><span class='ocrx_word' id='word_1_389' title='bbox 202 4175 260 4235; x_wconf 78' lang='lat' dir='ltr'><strong>nita·</strong></span> <span class='ocrx_word' id='word_1_390' title='bbox 281 4177 411 4252; x_wconf 79' lang='lat' dir='ltr'><strong>ingenue</strong></span> <span class='ocrx_word' id='word_1_391' title='bbox 431 4177 563 4250; x_wconf 88' lang='lat' dir='ltr'><strong>indoles,</strong></span> <span class='ocrx_word' id='word_1_392' title='bbox 586 4172 628 4238; x_wconf 87' lang='lat' dir='ltr'><strong>ad</strong></span> <span class='ocrx_word' id='word_1_393' title='bbox 650 4191 680 4254; x_wconf 88' lang='lat' dir='ltr'><strong>q.</strong></span> <span class='ocrx_word' id='word_1_394' title='bbox 704 4172 723 4238; x_wconf 93' lang='lat' dir='ltr'><strong>l.</strong></span> <span class='ocrx_word' id='word_1_395' title='bbox 746 4173 877 4255; x_wconf 80' lang='lat' dir='ltr'><strong>Scalig.:</strong></span> <span class='ocrx_word' id='word_1_396' title='bbox 901 4192 981 4254; x_wconf 89' lang='lat' dir='ltr'><strong>„sua</strong></span> <span class='ocrx_word' id='word_1_397' title='bbox 1002 4173 1132 4255; x_wconf 88' lang='lat' dir='ltr'><strong>propria</strong></span> <span class='ocrx_word' id='word_1_398' title='bbox 1153 4176 1189 4238; x_wconf 90' lang='lat' dir='ltr'><strong>et</strong></span> <span class='ocrx_word' id='word_1_399' title='bbox 1210 4192 1231 4238; x_wconf 87' lang='lat' dir='ltr'><strong>a</strong></span> <span class='ocrx_word' id='word_1_400' title='bbox 1252 4177 1362 4238; x_wconf 78' lang='lat' dir='ltr'><strong>nature</strong></span> 
     </span>
     <span class='ocr_line' id='line_1_40' title="bbox 197 4269 1362 4353; baseline -0.003 -18"><span class='ocrx_word' id='word_1_401' title='bbox 197 4269 328 4335; x_wconf 52' lang='lat' dir='ltr'><strong>-insitff</strong></span> <span class='ocrx_word' id='word_1_402' title='bbox 371 4270 463 4353; x_wconf 74' lang='lat' dir='ltr'><strong>Copt.</strong></span> <span class='ocrx_word' id='word_1_403' title='bbox 484 4272 563 4353; x_wconf 85' lang='lat' dir='ltr'><strong>prol.</strong></span> <span class='ocrx_word' id='word_1_404' title='bbox 587 4292 618 4339; x_wconf 89' lang='lat' dir='ltr'><strong>v.</strong></span> <span class='ocrx_word' id='word_1_405' title='bbox 641 4277 698 4338; x_wconf 79' lang='lat'><strong>46:</strong></span> <span class='ocrx_word' id='word_1_406' title='bbox 732 4275 786 4337; x_wconf 88' lang='lat' dir='ltr'><strong>Set</strong></span> <span class='ocrx_word' id='word_1_407' title='bbox 812 4277 977 4337; x_wconf 80' lang='lat' dir='ltr'><strong>inscientes</strong></span> <span class='ocrx_word' id='word_1_408' title='bbox 1000 4273 1059 4352; x_wconf 89' lang='lat' dir='ltr'><strong>[hi]</strong></span> <span class='ocrx_word' id='word_1_409' title='bbox 1085 4291 1143 4337; x_wconf 75' lang='lat' dir='ltr'><strong>auu</strong></span> <span class='ocrx_word' id='word_1_410' title='bbox 1162 4275 1223 4337; x_wconf 70' lang='lat' dir='ltr'><strong>sibi</strong></span> <span class='ocrx_word' id='word_1_411' title='bbox 1246 4272 1362 4335; x_wconf 72' lang='lat' dir='ltr'><strong>tellaria</strong></span> 
     </span>
     <span class='ocr_line' id='line_1_41' title="bbox 201 4369 1359 4453; baseline 0.008 -23"><span class='ocrx_word' id='word_1_412' title='bbox 201 4370 250 4431; x_wconf 83' lang='lat' dir='ltr'><strong>lta</strong></span> <span class='ocrx_word' id='word_1_413' title='bbox 273 4380 475 4447; x_wconf 77' lang='lat' dir='ltr'><strong>conpararent</strong></span> <span class='ocrx_word' id='word_1_414' title='bbox 495 4402 539 4417; x_wconf 91' lang='lat'><strong>-—</strong></span> <span class='ocrx_word' id='word_1_415' title='bbox 558 4374 674 4449; x_wconf 89' lang='lat' dir='ltr'><strong>dolum,</strong></span> <span class='ocrx_word' id='word_1_416' title='bbox 707 4371 763 4437; x_wconf 91' lang='lat' dir='ltr'><strong>ubi</strong></span> <span class='ocrx_word' id='word_1_417' title='bbox 784 4370 910 4437; x_wconf 61' lang='lat' dir='ltr'><strong>Iambe</strong></span> <span class='ocrx_word' id='word_1_418' title='bbox 942 4396 1010 4453; x_wconf 92' lang='lat'><strong>„=</strong></span> <span class='ocrx_word' id='word_1_419' title='bbox 1031 4388 1092 4437; x_wconf 81' lang='lat' dir='ltr'><strong>nus</strong></span> <span class='ocrx_word' id='word_1_420' title='bbox 1117 4369 1297 4453; x_wconf 83' lang='lat' dir='ltr'><strong>ipsornm“</strong></span> <span class='ocrx_word' id='word_1_421' title='bbox 1326 4386 1359 4439; x_wconf 67' lang='lat' dir='ltr'><strong>v</strong></span> 
     </span>
    </p>
   </div>
   <div class='ocr_carea' id='block_1_4' title="bbox 0 0 1568 5075">
    <p class='ocr_par' dir='ltr' id='par_1_5' title="bbox 0 0 1568 5075">
     <span class='ocr_line' id='line_1_42' title="bbox 0 0 1568 5075; baseline 0 1"><span class='ocrx_word' id='word_1_422' title='bbox 0 0 1568 5075; x_wconf 95' lang='lat' dir='ltr'><strong> </strong></span> 
     </span>
    </p>
   </div>
  </div>
 </body>
</html>
