3125 5075
506 316 562 353 INF.
579 315 634 354 PRO
650 315 776 353 (JBIECTO
793 315 919 353 vostros,
1242 325 1282 385 33

130 502 254 570 oenous
291 511 356 583 est,
378 505 516 585 primurn
546 503 724 586 separatim-
745 503 912 568 tractanda
940 510 1013 568 sunt
1038 519 1087 583 eo,
1113 503 1283 583 inquibus

129 601 317 682 posteriora
347 602 475 682 quinem
508 600 636 682 linguae
669 606 775 665 aetate
804 619 861 680 pro
891 600 962 668 solo
988 599 1144 665 infinitivo
1157 621 1159 632 ·
1174 602 1283 682 potius

130 700 318 768 woumtivo
341 717 412 766 curn
434 698 489 764 inf.
512 700 601 764 iocus
624 704 687 778 est,
711 715 783 778 quo·
796 703 943 779 spectant
963 698 1164 778 potissimum
1185 699 1285 764 uerba

131 798 293 862 renuendi
321 803 355 863 et
380 797 516 875 dicendi,
546 796 730 862 sedetiam
759 795 892 869 alioqu
914 796 992 876 sino,
1022 796 1111 876 uolo,·
1135 796 1284 877 postulo),

133 912 219 974 quae
241 895 327 974 opud
350 896 473 976 priscos
495 896 667 975 scriptores
689 894 875 975 saepissime
891 895 1058 960 coniuncta
1079 893 1286 974 reperiuntur

131 1010 209 1058 cum
230 992 300 1057 solo
323 991 488 1071 infinitivo,
512 998 548 1056 ut
569 992 746 1056 subiectum
769 991 1000 1057 enunciationis
1022 992 1169 1056 videatur
1190 991 1285 1056 omiu-

132 1108 206 1156 sum
230 1105 313 1156 csse.
355 1090 464 1155 Aede
486 1107 583 1154 causa
605 1089 732 1169 quidem
755 1089 1001 1155 constructionis
1022 1089 1195 1154 accusativi
1214 1107 1286 1154 cum

133 1183 295 1254 infinitivo
318 1187 380 1252 iam
404 1189 435 1252 in
458 1186 686 1267 superioribus,
710 1186 765 1251 nbi
787 1188 826 1251 de
849 1188 1030 1253 accusativo
1053 1206 1128 1253 casu
1143 1187 1286 1268 agebam,

135 1285 276 1352 uberim
304 1286 435 1365 exposui
469 1285 575 1363 ibique
606 1285 710 1347 omnia
735 1283 831 1348 huius
860 1285 1104 1350 constructionis
1133 1284 1286 1365 exempla,

141 1399 227 1461 quoe
242 1383 374 1461 quidem
390 1383 532 1449 inveniro
547 1382 650 1462 potui,
672 1381 805 1461 protuli:
828 1382 887 1448 boc
903 1388 1026 1447 tontum
1041 1383 1133 1454 oddo,
1156 1382 1288 1447 ubicun-

142 1495 206 1559 que
223 1480 259 1546 in
280 1480 339 1546 beo
362 1481 598 1545 constructione
618 1477 793 1544 infinitivus
814 1479 904 1544 verbi
926 1480 1146 1560 impersonalis
1160 1480 1286 1562 positus

143 1576 280 1643 estsine
304 1578 495 1656 accusativo,
519 1594 589 1642 esse
612 1576 670 1642 hoe
692 1595 750 1657 pro
772 1594 835 1643 acc.
853 1597 878 1643 c.
893 1577 947 1643 ini.
963 1577 1190 1659 accipiendum,
1211 1595 1290 1658 quo·

139 1674 226 1740 niam
251 1675 476 1757 impersonalia
499 1675 596 1740 verba
618 1693 656 1739 ea
677 1680 761 1753 sunt,
786 1692 866 1755 quoe
887 1676 1065 1742 subiectum
1087 1694 1179 1740 suurn
1202 1676 1232 1739 in
1254 1693 1289 1740 ss

137 1770 309 1837 includunt
337 1781 371 1837 et
400 1774 577 1852 continent;
612 1772 708 1836 malui
736 1781 843 1837 tamen
869 1772 965 1838 huius
992 1774 1119 1856 generis
1146 1772 1290 1853 exempla

138 1871 253 1951 potins
277 1870 339 1938 boc
368 1871 437 1937 loco
460 1872 560 1935 mixta
582 1888 653 1934 cunr
676 1871 794 1935 ceteris
816 1868 932 1936 afferre
954 1888 1048 1951 quum
1070 1871 1147 1951 illic,
1175 1871 1291 1936 ubido

140 1969 328 2036 accusativo
360 1970 419 2049 egi.
466 1968 535 2045 Quo
563 1969 727 2047 pertinent
748 1969 847 2032 etiarn
868 1968 890 2031 ii
913 1968 982 2049 loci,
1013 1969 1067 2034 ubi
1089 1970 1291 2035 accusativus

140 2084 221 2132 uere
249 2085 289 2131 ex
315 2066 513 2147 praegressis
541 2066 589 2129 vel
617 2065 827 2145 sequentibus
848 2070 955 2130 mente
977 2067 1140 2133 addendus
1163 2074 1214 2133 est
1235 2071 1294 2131 aut

144 2165 228 2229 latet
260 2164 294 2229 in
328 2163 546 2228 enunciatione
574 2162 718 2239 relatiua,
753 2179 836 2242 quoe
861 2181 922 2244 pro
951 2164 1072 2230 obiecto
1100 2167 1206 2245 posita
1233 2171 1290 2231 est

143 2262 215 2327 Lis.
264 2262 403 2327 Andron.
446 2262 559 2342 Odyss.
602 2278 651 2340 ap.
687 2258 800 2324 Isidor.
844 2260 922 2341 orig.
956 2260 1047 2342 XIX,
1084 2269 1119 2328 4:
1164 2275 1292 2341 tuncque

145 2359 302 2428 ‹Klossm
326 2362 458 2437 tumque)
483 2379 579 2421 rennos
601 2360 688 2419 iuss-it
707 2360 835 2432 rcb'parc
857 2364 997 2437 struppis.
1041 2360 1293 2439 Plour.nul.11‚

146 2464 176 2538 2,
201 2461 260 2521 66:
298 2462 355 2520 Hic
383 2461 461 2534 apud
492 2476 537 2519 me
565 2461 681 2519 bortum
710 2457 867 2529 confodere
893 2460 975 2519 susm.
1019 2458 1111 2540 Epid.
1134 2459 1161 2539 Ι,
1186 2467 1212 2533 l.
1236 2465 1292 2525 65:

145 2560 192 2621 Ibi
220 2575 339 2619 masere
365 2559 460 2618 trecis.
505 2553 571 2619 Mil.
593 2555 647 2633 lv,
670 2559 700 2632 6,
723 2559 777 2619 63:
813 2557 890 2616 que
912 2557 1027 2619 domum
1048 2561 1102 2622 irc.
1145 2559 1227 2622 Ruti.
1250 2558 1294 2639 Π,

147 2660 178 2733 3,
205 2659 301 2733 lsq.:
323 2658 400 2716 banc
422 2673 498 2731 quae
520 2673 664 2730 proxume
686 2653 760 2731 [bic]
784 2661 831 2715 est
852 2657 923 2715 silla
939 2658 1063 2717 Veneris
1085 2658 1154 2720 feno
1169 2659 1295 2722 Patron

146 2756 265 2817 iussisti
296 2762 385 2830 etque
419 2771 524 2829 aquom
551 2769 665 2826 roqare.
716 2747 776 2828 111,
801 2755 830 2828 2,
854 2757 908 2815 45:
944 2755 1020 2814 Iabe
1049 2760 1151 2818 oculos
1181 2758 1295 2818 elidere.

148 2849 239 2915 Pers.
264 2849 304 2928 ΙΙ,
328 2857 357 2929 5,
383 2854 434 2913 13:
458 2853 555 2911 secari
577 2851 687 2911 iubeas.
732 2845 950 2928 coccorano,
983 2869 1046 2931 qua
1068 2853 1170 2919 suasit
1190 2855 1224 2918 in
1247 2873 1296 2919 se-

149 2952 240 3027 natu,
264 2954 300 3012 ut
321 2946 415 3027 plura
435 2965 511 3012 aera
533 2944 692 3025 equestria
713 2941 827 3009 fierent
848 2963 897 3025 op.
919 2946 1044 3013 Iorden.
1067 2968 1097 3030 p.
1122 2955 1179 3015 66:
1210 2957 1295 3015 Nunc

150 3068 207 3127 ego
235 3049 367 3109 arbitror
393 3051 523 3121 oportere
545 3046 673 3117 institui,
701 3046 769 3118 quin
794 3047 888 3107 miuus
911 3049 1024 3109 duobus
1048 3052 1165 3112 milibus
1188 3053 1297 3113 ducen-

151 3149 191 3209 tis
223 3149 265 3207 sit
291 3163 391 3205 aerum
419 3146 608 3220 equestrium.
652 3138 755 3203 Plaut.
779 3139 875 3206 Stich.
899 3161 926 3205 v.
951 3148 1006 3207 82:
1039 3166 1124 3223 quom
1146 3152 1189 3209 nil
1210 3168 1297 3224 qnam

153 3247 191 3306 ob
215 3261 279 3304 rem
301 3244 332 3303 io
354 3241 461 3303 faciam
482 3242 624 3303 meruisse
645 3237 799 3301 arbitror?
842 3238 927 3303 Trin.
952 3241 987 3311 V,
1012 3247 1040 3320 2,
1065 3248 1098 3307 5:
1136 3249 1225 3322 culpa
1251 3264 1299 3306 ca-

152 3344 251 3404 erasse
271 3342 411 3402 arbitror.
456 3338 582 3402 Terent
605 3336 681 3401 Hoc·
705 3334 747 3407 ΙΙ,
772 3340 799 3414 1,
825 3341 877 3400 18;
901 3343 946 3399 An
970 3343 1039 3415 qnia
1061 3343 1124 3402 ruri
1146 3361 1211 3404 esse
1233 3362 1301 3404 cre·

154 3441 211 3502 bro
241 3441 341 3511 soleo,
369 3438 480 3498 acerbe
506 3436 698 3496 arbitramini
721 3436 784 3508 Quo
812 3440 935 3513 quisque
957 3446 1045 3513 pecto
1067 3442 1115 3500 bic
1137 3444 1226 3502 ritum
1251 3460 1300 3504 ro·

156 3548 287 3599 atrorum
311 3536 431 3610 exigat?
459 3531 536 3597 Cato
560 3536 640 3595 orat.
656 3548 715 3610 pro
730 3531 845 3596 Ruso:
870 3537 953 3609 Quod
969 3539 1044 3599 bena
1060 3539 1160 3600 iecere
1176 3542 1302 3601 oolussae

158 3637 225 3713 quis
248 3633 322 3694 dicit
344 3634 399 3706 (sc.
422 3627 481 3710 se).
525 3628 628 3695 Plaut.
652 3627 725 3693 Aul.
749 3627 776 3699 1,
799 3636 828 3709 2,
852 3635 905 3696 3οε
929 3635 1070 3695 Dividm
1091 3641 1206 3713 argenti
1227 3639 1305 3699 dixit

159 3752 264 3795 numos
297 3733 328 3791 in
362 3732 440 3792 uiros
466 3752 508 3779 =
537 3745 572 3791 se
597 3726 770 3790 divisurum
798 3745 878 3792 esso.
934 3729 1023 3811 Capt.
1052 3731 1078 3811 Ι,
1107 3738 1135 3812 2,
1165 3739 1219 3798 91:
1257 3737 1304 3797 Ad

162 3831 297 3901 intrem
319 3846 375 3905 quo
396 3828 443 3886 s'rc
464 3826 606 3900 dicaam,
630 3844 696 3886 mox
717 3827 808 3886 ivero.
868 3828 958 3906 Epiri
981 3828 1035 3900 IV,
1060 3834 1089 3901 2,
1113 3837 1169 3896 33:
1193 3837 1303 3896 Adule.

162 3936 295 3990 scentem
318 3926 455 4002 equidem
476 3924 611 3984 dicebant
631 3924 740 3985 emisse.
765 3922 878 3987 Bacch.
900 3924 955 4004 lv,
979 3930 1008 4006 9,
1035 3933 1106 3991 115;
1130 3933 1202 3992 haut
1224 3951 1302 3993 com·

163 4028 281 4087 mittam
304 4031 346 4096 ut,
369 4023 466 4097 siquid
489 4028 644 4096 peccatum
668 4023 733 4098 siet,
762 4024 876 4085 Fectsse
897 4024 979 4085 dicos
1000 4028 1036 4087 de
1059 4047 1125 4089 meo
1146 4034 1303 4093 sententio.

162 4120 248 4186 Men.
272 4119 314 4199 ΙΙ,
337 4124 367 4196 3,
392 4123 443 4182 15;
467 4120 571 4180 Dicam
594 4120 721 4179 curere?
743 4136 785 4182 sc.
802 4125 842 4182 te.
874 4118 938 4185 Mic
961 4120 1004 4199 ΙΙ,
1027 4127 1056 4199 2,
1080 4129 1134 4188 76;
1159 4130 1313 4189 Tuto-‘boa

166 4223 193 4283 si
219 4240 295 4282 unus
324 4218 511 4291 reciperasti
534 4216 659 4277 soors
682 4223 737 4291 (so.
761 4218 816 4291 ἴθ’.)
859 4217 953 4282 Poen.
977 4219 1001 4299 Ι,
1026 4228 1054 4299 2,
1077 4228 1132 4286 47:
1148 4227 1211 4285 -Dic
1234 4226 1332 4287 dure'

168 4315 228 4397 (sic
249 4317 357 4381 Herm.
381 4312 419 4378 el.
444 4330 476 4451 pl
498 4317 572 4390 2973
595 4310 676 4394 A(·)p
690 4316 781 4389 dari).
833 4314 891 4395 ΙΙΙ,
919 4323 945 4396 l,
968 4323 1023 4382 282
1044 4324 1129 4383 Nunc
1154 4341 1223 4385 uero
1239 4328 1309 4401 quia

221 4417 304 4464 nonu.
318 4414 428 4467 synon..
478 4441 483 4453 .
1084 4429 1102 4487 3
