<?xml version="1.0" encoding="UTF-8"?>
<!DOCTYPE html PUBLIC "-//W3C//DTD XHTML 1.0 Transitional//EN"
    "http://www.w3.org/TR/xhtml1/DTD/xhtml1-transitional.dtd">
<html xmlns="http://www.w3.org/1999/xhtml" xml:lang="en" lang="en">
 <head>
  <title>
</title>
<meta http-equiv="Content-Type" content="text/html;charset=utf-8" />
  <meta name='ocr-system' content='tesseract 3.04.00' />
  <meta name='ocr-capabilities' content='ocr_page ocr_carea ocr_par ocr_line ocrx_word'/>
</head>
<body>
  <div class='ocr_page' id='page_1' title='image "./syntaxispriscor00holtgoog_0055.png"; bbox 0 0 3125 5075; ppageno 0'>
   <div class='ocr_carea' id='block_1_1' title="bbox 202 553 1031 629">
    <p class='ocr_par' dir='ltr' id='par_1_1' title="bbox 202 553 1031 629">
     <span class='ocr_line' id='line_1_1' title="bbox 202 553 1031 629; baseline 0.005 -22"><span class='ocrx_word' id='word_1_1' title='bbox 202 573 245 629; x_wconf 70' lang='lat'>35</span> <span class='ocrx_word' id='word_1_2' title='bbox 628 555 870 612; x_wconf 60' lang='grc' dir='ltr'>ιιιιιιιιιιιιιῑ</span> <span class='ocrx_word' id='word_1_3' title='bbox 883 569 923 614; x_wconf 87' lang='grc' dir='ltr'>ιιι.</span> <span class='ocrx_word' id='word_1_4' title='bbox 1012 553 1031 574; x_wconf 82' lang='grc'>’·</span> 
     </span>
    </p>
   </div>
   <div class='ocr_carea' id='block_1_2' title="bbox 1070 617 1253 676">
    <p class='ocr_par' dir='ltr' id='par_1_2' title="bbox 1070 617 1253 676">
     <span class='ocr_line' id='line_1_2' title="bbox 1070 617 1253 676; baseline 0 -18"><span class='ocrx_word' id='word_1_5' title='bbox 1070 669 1075 676; x_wconf 27' lang='grc' dir='ltr'><strong>μ</strong></span> <span class='ocrx_word' id='word_1_6' title='bbox 1146 623 1188 674; x_wconf 61' lang='lat' dir='ltr'>fa„</span> <span class='ocrx_word' id='word_1_7' title='bbox 1209 617 1253 672; x_wconf 60' lang='lat'>2¹2.</span> 
     </span>
    </p>
   </div>
   <div class='ocr_carea' id='block_1_3' title="bbox 197 727 1404 4230">
    <p class='ocr_par' dir='ltr' id='par_1_3' title="bbox 202 727 1404 1391">
     <span class='ocr_line' id='line_1_3' title="bbox 290 727 1364 823; baseline 0.003 -22"><span class='ocrx_word' id='word_1_8' title='bbox 290 737 352 803; x_wconf 93' lang='lat' dir='ltr'>Pot</span> <span class='ocrx_word' id='word_1_9' title='bbox 338 744 403 803; x_wconf 89' lang='lat' dir='ltr'>test</span> <span class='ocrx_word' id='word_1_10' title='bbox 436 746 543 803; x_wconf 88' lang='lat' dir='ltr'>autem</span> <span class='ocrx_word' id='word_1_11' title='bbox 571 740 730 807; x_wconf 80' lang='lat' dir='ltr'><strong>ablativus</strong></span> <span class='ocrx_word' id='word_1_12' title='bbox 759 743 833 823; x_wconf 92' lang='lat' dir='ltr'>poni</span> <span class='ocrx_word' id='word_1_13' title='bbox 861 748 919 807; x_wconf 82' lang='lat' dir='ltr'>aut</span> <span class='ocrx_word' id='word_1_14' title='bbox 944 739 1013 808; x_wconf 89' lang='lat' dir='ltr'>sine</span> <span class='ocrx_word' id='word_1_15' title='bbox 1040 727 1278 822; x_wconf 79' lang='lat' dir='ltr'>praepositione</span> <span class='ocrx_word' id='word_1_16' title='bbox 1306 747 1364 807; x_wconf 89' lang='lat' dir='ltr'>ant</span> 
     </span>
     <span class='ocr_line' id='line_1_4' title="bbox 202 835 1362 922; baseline 0.004 -23"><span class='ocrx_word' id='word_1_17' title='bbox 202 853 275 899; x_wconf 91' lang='lat' dir='ltr'>cum</span> <span class='ocrx_word' id='word_1_18' title='bbox 298 836 535 915; x_wconf 79' lang='lat' dir='ltr'>praepositione</span> <span class='ocrx_word' id='word_1_19' title='bbox 564 838 681 902; x_wconf 89' lang='lat' dir='ltr'>addita.</span> <span class='ocrx_word' id='word_1_20' title='bbox 727 840 928 922; x_wconf 88' lang='lat' dir='ltr'>Praepositio</span> <span class='ocrx_word' id='word_1_21' title='bbox 956 840 1043 905; x_wconf 89' lang='lat' dir='ltr'>casui</span> <span class='ocrx_word' id='word_1_22' title='bbox 1064 835 1208 916; x_wconf 79' lang='lat' dir='ltr'>additur,</span> <span class='ocrx_word' id='word_1_23' title='bbox 1238 839 1270 904; x_wconf 86' lang='lat' dir='ltr'>si</span> <span class='ocrx_word' id='word_1_24' title='bbox 1292 857 1362 903; x_wconf 85' lang='lat' dir='ltr'>earn</span> 
     </span>
     <span class='ocr_line' id='line_1_5' title="bbox 203 929 1361 1022; baseline 0.005 -27"><span class='ocrx_word' id='word_1_25' title='bbox 203 929 476 1013; x_wconf 79' lang='lat' dir='ltr'>significationem,</span> <span class='ocrx_word' id='word_1_26' title='bbox 498 952 649 1015; x_wconf 84' lang='lat' dir='ltr'>quaeum</span> <span class='ocrx_word' id='word_1_27' title='bbox 666 938 805 1016; x_wconf 90' lang='lat' dir='ltr'>positum</span> <span class='ocrx_word' id='word_1_28' title='bbox 828 956 900 1003; x_wconf 88' lang='lat' dir='ltr'>esse</span> <span class='ocrx_word' id='word_1_29' title='bbox 922 936 1078 1013; x_wconf 83' lang='lat' dir='ltr'>uolumus</span> <span class='ocrx_word' id='word_1_30' title='bbox 1101 933 1284 1022; x_wconf 69' lang='lat' dir='ltr'><strong>accuratius</strong></span> <span class='ocrx_word' id='word_1_31' title='bbox 1306 936 1361 1001; x_wconf 88' lang='lat' dir='ltr'>dc·</span> 
     </span>
     <span class='ocr_line' id='line_1_6' title="bbox 203 1017 1404 1128; baseline 0.005 -34"><span class='ocrx_word' id='word_1_32' title='bbox 203 1029 325 1110; x_wconf 84' lang='lat' dir='ltr'>signari</span> <span class='ocrx_word' id='word_1_33' title='bbox 341 1036 374 1094; x_wconf 92' lang='lat' dir='ltr'>et</span> <span class='ocrx_word' id='word_1_34' title='bbox 396 1031 532 1097; x_wconf 85' lang='lat' dir='ltr'>describi</span> <span class='ocrx_word' id='word_1_35' title='bbox 556 1050 637 1113; x_wconf 91' lang='lat' dir='ltr'>opus</span> <span class='ocrx_word' id='word_1_36' title='bbox 653 1041 703 1098; x_wconf 90' lang='lat' dir='ltr'>est</span> <span class='ocrx_word' id='word_1_37' title='bbox 704 1036 885 1115; x_wconf 91' lang='lat' dir='ltr'>,quoniam</span> <span class='ocrx_word' id='word_1_38' title='bbox 901 1034 988 1100; x_wconf 86' lang='lat' dir='ltr'>solus</span> <span class='ocrx_word' id='word_1_39' title='bbox 1003 1051 1097 1100; x_wconf 86' lang='lat' dir='ltr'>casus</span> <span class='ocrx_word' id='word_1_40' title='bbox 1111 1017 1246 1114; x_wconf 85' lang='lat' dir='ltr'>propter</span> <span class='ocrx_word' id='word_1_41' title='bbox 1256 1017 1404 1128; x_wconf 58' lang='lat' dir='ltr'>vanas-fi</span> 
     </span>
     <span class='ocr_line' id='line_1_7' title="bbox 202 1126 1362 1215; baseline 0.006 -26"><span class='ocrx_word' id='word_1_42' title='bbox 202 1143 278 1190; x_wconf 91' lang='lat' dir='ltr'>suas</span> <span class='ocrx_word' id='word_1_43' title='bbox 314 1126 563 1208; x_wconf 81' lang='lat' dir='ltr'>significationes</span> <span class='ocrx_word' id='word_1_44' title='bbox 590 1131 631 1195; x_wconf 89' lang='lat' dir='ltr'>ad</span> <span class='ocrx_word' id='word_1_45' title='bbox 660 1133 719 1198; x_wconf 88' lang='lat' dir='ltr'>hoc</span> <span class='ocrx_word' id='word_1_46' title='bbox 746 1150 809 1197; x_wconf 92' lang='lat' dir='ltr'>non</span> <span class='ocrx_word' id='word_1_47' title='bbox 836 1151 963 1215; x_wconf 83' lang='lat' dir='ltr'>semper</span> <span class='ocrx_word' id='word_1_48' title='bbox 990 1130 1117 1200; x_wconf 84' lang='lat' dir='ltr'>sufficit.</span> <span class='ocrx_word' id='word_1_49' title='bbox 1169 1129 1240 1207; x_wconf 78' lang='lat' dir='ltr'>Quo</span> <span class='ocrx_word' id='word_1_50' title='bbox 1267 1128 1305 1194; x_wconf 87' lang='lat' dir='ltr'>iit</span> <span class='ocrx_word' id='word_1_51' title='bbox 1326 1135 1362 1196; x_wconf 92' lang='lat' dir='ltr'>ut</span> 
     </span>
     <span class='ocr_line' id='line_1_8' title="bbox 203 1226 1362 1311; baseline 0.004 -24"><span class='ocrx_word' id='word_1_52' title='bbox 203 1226 458 1305; x_wconf 83' lang='lat' dir='ltr'>praepositiones</span> <span class='ocrx_word' id='word_1_53' title='bbox 480 1229 572 1307; x_wconf 90' lang='lat' dir='ltr'>quasi</span> <span class='ocrx_word' id='word_1_54' title='bbox 589 1231 846 1311; x_wconf 90' lang='lat' dir='ltr'>supplementum</span> <span class='ocrx_word' id='word_1_55' title='bbox 870 1231 935 1296; x_wconf 89' lang='lat' dir='ltr'>sint</span> <span class='ocrx_word' id='word_1_56' title='bbox 949 1247 1081 1296; x_wconf 88' lang='lat' dir='ltr'>casuum</span> <span class='ocrx_word' id='word_1_57' title='bbox 1104 1227 1239 1293; x_wconf 91' lang='lat' dir='ltr'>nominis</span> <span class='ocrx_word' id='word_1_58' title='bbox 1262 1235 1297 1294; x_wconf 84' lang='lat' dir='ltr'>at</span> <span class='ocrx_word' id='word_1_59' title='bbox 1319 1228 1362 1294; x_wconf 89' lang='lat' dir='ltr'>si·</span> 
     </span>
     <span class='ocr_line' id='line_1_9' title="bbox 202 1322 642 1391; baseline 0.014 -6"><span class='ocrx_word' id='word_1_60' title='bbox 202 1322 268 1386; x_wconf 91' lang='lat' dir='ltr'>mul</span> <span class='ocrx_word' id='word_1_61' title='bbox 292 1341 362 1386; x_wconf 91' lang='lat' dir='ltr'>cum</span> <span class='ocrx_word' id='word_1_62' title='bbox 385 1323 424 1388; x_wconf 91' lang='lat' dir='ltr'>iis</span> <span class='ocrx_word' id='word_1_63' title='bbox 447 1326 642 1391; x_wconf 86' lang='lat' dir='ltr'>tractandae.</span> 
     </span>
    </p>

    <p class='ocr_par' dir='ltr' id='par_1_4' title="bbox 198 1375 1404 3557">
     <span class='ocr_line' id='line_1_10' title="bbox 289 1375 1404 1506; baseline 0.009 -22"><span class='ocrx_word' id='word_1_64' title='bbox 289 1420 351 1484; x_wconf 86' lang='lat' dir='ltr'>Sed</span> <span class='ocrx_word' id='word_1_65' title='bbox 374 1440 414 1486; x_wconf 87' lang='lat' dir='ltr'>ne</span> <span class='ocrx_word' id='word_1_66' title='bbox 438 1424 469 1486; x_wconf 96' lang='lat' dir='ltr'>in</span> <span class='ocrx_word' id='word_1_67' title='bbox 491 1422 542 1489; x_wconf 93' lang='lat' dir='ltr'>his</span> <span class='ocrx_word' id='word_1_68' title='bbox 562 1425 686 1489; x_wconf 91' lang='lat' dir='ltr'>duobus</span> <span class='ocrx_word' id='word_1_69' title='bbox 707 1426 836 1505; x_wconf 90' lang='lat' dir='ltr'>quidem</span> <span class='ocrx_word' id='word_1_70' title='bbox 859 1443 942 1506; x_wconf 86' lang='lat' dir='ltr'>quae</span> <span class='ocrx_word' id='word_1_71' title='bbox 965 1443 1062 1506; x_wconf 86' lang='lat' dir='ltr'>snpra</span> <span class='ocrx_word' id='word_1_72' title='bbox 1084 1422 1250 1505; x_wconf 83' lang='lat' dir='ltr'>posuimus</span> <span class='ocrx_word' id='word_1_73' title='bbox 1271 1405 1377 1498; x_wconf 58' lang='lat' dir='ltr'>aith-‘²</span> <span class='ocrx_word' id='word_1_74' title='bbox 1353 1375 1404 1450; x_wconf 49' lang='grc' dir='ltr'><strong>Ἡ</strong></span> 
     </span>
     <span class='ocr_line' id='line_1_11' title="bbox 202 1517 1360 1603; baseline 0.007 -27"><span class='ocrx_word' id='word_1_75' title='bbox 202 1517 260 1580; x_wconf 84' lang='lat' dir='ltr'>tivi</span> <span class='ocrx_word' id='word_1_76' title='bbox 282 1519 453 1598; x_wconf 85' lang='lat' dir='ltr'>generibus</span> <span class='ocrx_word' id='word_1_77' title='bbox 469 1521 562 1585; x_wconf 91' lang='lat' dir='ltr'>subst</span> <span class='ocrx_word' id='word_1_78' title='bbox 548 1523 615 1588; x_wconf 92' lang='lat' dir='ltr'>tisti</span> <span class='ocrx_word' id='word_1_79' title='bbox 638 1530 754 1603; x_wconf 90' lang='lat' dir='ltr'>potest,</span> <span class='ocrx_word' id='word_1_80' title='bbox 779 1543 851 1589; x_wconf 90' lang='lat' dir='ltr'>nam</span> <span class='ocrx_word' id='word_1_81' title='bbox 875 1524 1006 1589; x_wconf 89' lang='lat' dir='ltr'>tertium</span> <span class='ocrx_word' id='word_1_82' title='bbox 1029 1522 1126 1588; x_wconf 89' lang='lat' dir='ltr'>etiam</span> <span class='ocrx_word' id='word_1_83' title='bbox 1150 1526 1201 1585; x_wconf 89' lang='lat' dir='ltr'>est</span> <span class='ocrx_word' id='word_1_84' title='bbox 1221 1520 1360 1586; x_wconf 82' lang='lat' dir='ltr'>medium</span> 
     </span>
     <span class='ocr_line' id='line_1_12' title="bbox 202 1615 1400 1701; baseline 0 -23"><span class='ocrx_word' id='word_1_85' title='bbox 202 1615 296 1694; x_wconf 81' lang='lat' dir='ltr'>quasi</span> <span class='ocrx_word' id='word_1_86' title='bbox 319 1617 502 1699; x_wconf 90' lang='lat' dir='ltr'>utriusque,</span> <span class='ocrx_word' id='word_1_87' title='bbox 530 1621 615 1699; x_wconf 91' lang='lat' dir='ltr'>quod</span> <span class='ocrx_word' id='word_1_88' title='bbox 638 1622 809 1686; x_wconf 88' lang='lat' dir='ltr'>transitum</span> <span class='ocrx_word' id='word_1_89' title='bbox 836 1620 913 1686; x_wconf 91' lang='lat' dir='ltr'>iacit</span> <span class='ocrx_word' id='word_1_90' title='bbox 934 1641 953 1684; x_wconf 90' lang='lat' dir='ltr'>a</span> <span class='ocrx_word' id='word_1_91' title='bbox 976 1619 1084 1700; x_wconf 84' lang='lat' dir='ltr'>priore</span> <span class='ocrx_word' id='word_1_92' title='bbox 1106 1636 1225 1701; x_wconf 84' lang='lat' dir='ltr'>genere</span> <span class='ocrx_word' id='word_1_93' title='bbox 1252 1616 1294 1684; x_wconf 87' lang='lat' dir='ltr'>ad</span> <span class='ocrx_word' id='word_1_94' title='bbox 1315 1615 1364 1681; x_wconf 72' lang='grc' dir='ltr'>ιιι</span> <span class='ocrx_word' id='word_1_95' title='bbox 1395 1657 1400 1666; x_wconf 92' lang='grc'><strong>-</strong></span> 
     </span>
     <span class='ocr_line' id='line_1_13' title="bbox 201 1699 1404 1828; baseline 0.004 -54"><span class='ocrx_word' id='word_1_96' title='bbox 201 1720 326 1792; x_wconf 89' lang='lat' dir='ltr'>terum,</span> <span class='ocrx_word' id='word_1_97' title='bbox 361 1716 500 1794; x_wconf 88' lang='lat' dir='ltr'>spatium</span> <span class='ocrx_word' id='word_1_98' title='bbox 523 1720 615 1797; x_wconf 89' lang='lat' dir='ltr'>quasi</span> <span class='ocrx_word' id='word_1_99' title='bbox 638 1719 722 1798; x_wconf 89' lang='lat' dir='ltr'>quod</span> <span class='ocrx_word' id='word_1_100' title='bbox 749 1720 834 1784; x_wconf 92' lang='lat' dir='ltr'>inter</span> <span class='ocrx_word' id='word_1_101' title='bbox 860 1725 1032 1799; x_wconf 89' lang='lat' dir='ltr'>utrumque</span> <span class='ocrx_word' id='word_1_102' title='bbox 1054 1717 1233 1782; x_wconf 85' lang='lat' dir='ltr'>interiacet</span> <span class='ocrx_word' id='word_1_103' title='bbox 1277 1699 1404 1828; x_wconf 43' lang='lat' dir='ltr'>Hinc!</span> 
     </span>
     <span class='ocr_line' id='line_1_14' title="bbox 201 1811 1404 1914; baseline 0.004 -42"><span class='ocrx_word' id='word_1_104' title='bbox 201 1811 264 1873; x_wconf 90' lang='lat' dir='ltr'>tria</span> <span class='ocrx_word' id='word_1_105' title='bbox 288 1812 430 1875; x_wconf 80' lang='lat' dir='ltr'>existunt</span> <span class='ocrx_word' id='word_1_106' title='bbox 450 1832 586 1894; x_wconf 85' lang='lat' dir='ltr'>genera,</span> <span class='ocrx_word' id='word_1_107' title='bbox 616 1817 730 1896; x_wconf 91' lang='lat' dir='ltr'>quibus</span> <span class='ocrx_word' id='word_1_108' title='bbox 753 1835 869 1881; x_wconf 87' lang='lat' dir='ltr'>nomen</span> <span class='ocrx_word' id='word_1_109' title='bbox 892 1818 933 1881; x_wconf 86' lang='lat' dir='ltr'>ad</span> <span class='ocrx_word' id='word_1_110' title='bbox 955 1817 1089 1896; x_wconf 90' lang='lat' dir='ltr'>primam</span> <span class='ocrx_word' id='word_1_111' title='bbox 1111 1813 1203 1879; x_wconf 85' lang='lat' dir='ltr'>uerbi</span> <span class='ocrx_word' id='word_1_112' title='bbox 1225 1812 1404 1914; x_wconf 58' lang='lat' dir='ltr'>formam..</span> 
     </span>
     <span class='ocr_line' id='line_1_15' title="bbox 200 1910 1360 1993; baseline -0.002 -18"><span class='ocrx_word' id='word_1_113' title='bbox 200 1912 275 1975; x_wconf 88' lang='lat' dir='ltr'>addi</span> <span class='ocrx_word' id='word_1_114' title='bbox 299 1918 416 1993; x_wconf 86' lang='lat' dir='ltr'>potest,</span> <span class='ocrx_word' id='word_1_115' title='bbox 440 1930 522 1993; x_wconf 87' lang='lat' dir='ltr'>quae</span> <span class='ocrx_word' id='word_1_116' title='bbox 541 1914 657 1978; x_wconf 91' lang='lat' dir='ltr'>similia</span> <span class='ocrx_word' id='word_1_117' title='bbox 680 1921 754 1980; x_wconf 92' lang='lat' dir='ltr'>sunt</span> <span class='ocrx_word' id='word_1_118' title='bbox 740 1917 879 1980; x_wconf 87' lang='lat' dir='ltr'>ttribus</span> <span class='ocrx_word' id='word_1_119' title='bbox 895 1914 1021 1979; x_wconf 88' lang='lat' dir='ltr'>casibus</span> <span class='ocrx_word' id='word_1_120' title='bbox 1045 1912 1099 1992; x_wconf 91' lang='lat' dir='ltr'>qui</span> <span class='ocrx_word' id='word_1_121' title='bbox 1114 1912 1147 1976; x_wconf 94' lang='lat' dir='ltr'>in</span> <span class='ocrx_word' id='word_1_122' title='bbox 1162 1910 1273 1991; x_wconf 82' lang='lat' dir='ltr'>lingua</span> <span class='ocrx_word' id='word_1_123' title='bbox 1288 1919 1360 1974; x_wconf 84' lang='grc' dir='ltr'>ιιι·-</span> 
     </span>
     <span class='ocr_line' id='line_1_16' title="bbox 201 2009 1361 2106; baseline -0.003 -32"><span class='ocrx_word' id='word_1_124' title='bbox 201 2011 331 2075; x_wconf 87' lang='lat' dir='ltr'>scritica</span> <span class='ocrx_word' id='word_1_125' title='bbox 346 2010 520 2092; x_wconf 86' lang='lat' dir='ltr'>separatim</span> <span class='ocrx_word' id='word_1_126' title='bbox 537 2018 656 2090; x_wconf 76' lang='lat' dir='ltr'>eatam,</span> <span class='ocrx_word' id='word_1_127' title='bbox 672 2012 821 2091; x_wconf 91' lang='lat' dir='ltr'>ablativo,</span> <span class='ocrx_word' id='word_1_128' title='bbox 843 2010 1088 2088; x_wconf 89' lang='lat' dir='ltr'>instrumentali‚</span> <span class='ocrx_word' id='word_1_129' title='bbox 1111 2009 1256 2086; x_wconf 85' lang='lat' dir='ltr'>locatiuo,</span> <span class='ocrx_word' id='word_1_130' title='bbox 1281 2025 1361 2106; x_wconf 56' lang='grc' dir='ltr'>(ιιιιι-Δ</span> 
     </span>
     <span class='ocr_line' id='line_1_17' title="bbox 199 2089 1404 2190; baseline -0.003 -19"><span class='ocrx_word' id='word_1_131' title='bbox 199 2126 272 2171; x_wconf 92' lang='lat' dir='ltr'>rum</span> <span class='ocrx_word' id='word_1_132' title='bbox 302 2109 406 2188; x_wconf 93' lang='lat' dir='ltr'>primo</span> <span class='ocrx_word' id='word_1_133' title='bbox 437 2109 610 2190; x_wconf 89' lang='lat' dir='ltr'>respondet</span> <span class='ocrx_word' id='word_1_134' title='bbox 640 2109 827 2175; x_wconf 90' lang='lat' dir='ltr'>Latinorum</span> <span class='ocrx_word' id='word_1_135' title='bbox 854 2108 1014 2174; x_wconf 89' lang='lat' dir='ltr'>ablativus</span> <span class='ocrx_word' id='word_1_136' title='bbox 1041 2106 1188 2190; x_wconf 84' lang='lat' dir='ltr'>originis,</span> <span class='ocrx_word' id='word_1_137' title='bbox 1221 2089 1404 2170; x_wconf 78' lang='lat' dir='ltr'>alterum.</span> 
     </span>
     <span class='ocr_line' id='line_1_18' title="bbox 201 2199 1374 2287; baseline -0.003 -18"><span class='ocrx_word' id='word_1_138' title='bbox 201 2223 304 2287; x_wconf 82' lang='lat' dir='ltr'>genna</span> <span class='ocrx_word' id='word_1_139' title='bbox 327 2205 511 2285; x_wconf 87' lang='lat' dir='ltr'>transitum,</span> <span class='ocrx_word' id='word_1_140' title='bbox 539 2207 638 2287; x_wconf 86' lang='grc' dir='ltr'>ιιιιι,</span> <span class='ocrx_word' id='word_1_141' title='bbox 662 2205 887 2287; x_wconf 81' lang='lat' dir='ltr'>differentiam,</span> <span class='ocrx_word' id='word_1_142' title='bbox 910 2208 1171 2284; x_wconf 87' lang='lat' dir='ltr'>instrumentum,</span> <span class='ocrx_word' id='word_1_143' title='bbox 1200 2199 1292 2268; x_wconf 91' lang='lat' dir='ltr'>simil.</span> <span class='ocrx_word' id='word_1_144' title='bbox 1317 2201 1374 2268; x_wconf 83' lang='grc' dir='ltr'>ιι·-</span> 
     </span>
     <span class='ocr_line' id='line_1_19' title="bbox 200 2300 1359 2384; baseline -0.003 -18"><span class='ocrx_word' id='word_1_145' title='bbox 200 2300 340 2384; x_wconf 77' lang='lat' dir='ltr'>gnificat,</span> <span class='ocrx_word' id='word_1_146' title='bbox 362 2302 458 2370; x_wconf 87' lang='lat' dir='ltr'>locat</span> <span class='ocrx_word' id='word_1_147' title='bbox 434 2311 519 2370; x_wconf 82' lang='lat' dir='ltr'>tivus</span> <span class='ocrx_word' id='word_1_148' title='bbox 542 2312 647 2370; x_wconf 88' lang='lat' dir='ltr'>autem</span> <span class='ocrx_word' id='word_1_149' title='bbox 677 2304 766 2369; x_wconf 90' lang='lat' dir='ltr'>tertii</span> <span class='ocrx_word' id='word_1_150' title='bbox 789 2304 973 2369; x_wconf 89' lang='lat' dir='ltr'>Latinorum</span> <span class='ocrx_word' id='word_1_151' title='bbox 998 2302 1128 2370; x_wconf 84' lang='lat' dir='ltr'>ablativi</span> <span class='ocrx_word' id='word_1_152' title='bbox 1157 2306 1282 2382; x_wconf 86' lang='lat' dir='ltr'>partem</span> <span class='ocrx_word' id='word_1_153' title='bbox 1304 2316 1359 2364; x_wconf 86' lang='lat' dir='ltr'>ex·</span> 
     </span>
     <span class='ocr_line' id='line_1_20' title="bbox 200 2379 1392 2490; baseline -0.003 -25"><span class='ocrx_word' id='word_1_154' title='bbox 200 2400 320 2481; x_wconf 88' lang='lat' dir='ltr'>primit,</span> <span class='ocrx_word' id='word_1_155' title='bbox 342 2418 405 2481; x_wconf 91' lang='lat' dir='ltr'>qno</span> <span class='ocrx_word' id='word_1_156' title='bbox 426 2402 525 2481; x_wconf 92' lang='lat' dir='ltr'>locus,</span> <span class='ocrx_word' id='word_1_157' title='bbox 548 2403 603 2467; x_wconf 91' lang='lat' dir='ltr'>ubi</span> <span class='ocrx_word' id='word_1_158' title='bbox 625 2403 701 2482; x_wconf 89' lang='lat' dir='ltr'>quid</span> <span class='ocrx_word' id='word_1_159' title='bbox 725 2408 790 2481; x_wconf 86' lang='lat' dir='ltr'>est,</span> <span class='ocrx_word' id='word_1_160' title='bbox 814 2402 952 2484; x_wconf 91' lang='lat' dir='ltr'>spatium</span> <span class='ocrx_word' id='word_1_161' title='bbox 975 2401 1060 2481; x_wconf 88' lang='lat' dir='ltr'>quod</span> <span class='ocrx_word' id='word_1_162' title='bbox 1082 2399 1159 2481; x_wconf 89' lang='lat' dir='ltr'>quid</span> <span class='ocrx_word' id='word_1_163' title='bbox 1181 2379 1392 2490; x_wconf 69' lang='lat' dir='ltr'>occupauit,</span> 
     </span>
     <span class='ocr_line' id='line_1_21' title="bbox 199 2497 1359 2591; baseline -0.003 -27"><span class='ocrx_word' id='word_1_164' title='bbox 199 2507 338 2581; x_wconf 90' lang='lat' dir='ltr'>tempus,</span> <span class='ocrx_word' id='word_1_165' title='bbox 361 2501 509 2581; x_wconf 86' lang='lat' dir='ltr'>qualitas,</span> <span class='ocrx_word' id='word_1_166' title='bbox 532 2500 643 2579; x_wconf 86' lang='lat' dir='ltr'>forma,</span> <span class='ocrx_word' id='word_1_167' title='bbox 667 2501 758 2566; x_wconf 90' lang='lat' dir='ltr'>simii.</span> <span class='ocrx_word' id='word_1_168' title='bbox 776 2498 955 2583; x_wconf 80' lang='lat' dir='ltr'>significant</span> <span class='ocrx_word' id='word_1_169' title='bbox 957 2518 1003 2564; x_wconf 92' lang='lat' dir='ltr'>ur.</span> <span class='ocrx_word' id='word_1_170' title='bbox 1048 2498 1174 2567; x_wconf 87' lang='lat' dir='ltr'>Haect</span> <span class='ocrx_word' id='word_1_171' title='bbox 1174 2497 1224 2564; x_wconf 88' lang='lat' dir='ltr'>ria</span> <span class='ocrx_word' id='word_1_172' title='bbox 1237 2513 1359 2591; x_wconf 70' lang='lat' dir='ltr'>genepe</span> 
     </span>
     <span class='ocr_line' id='line_1_22' title="bbox 199 2590 1361 2682; baseline -0.006 -20"><span class='ocrx_word' id='word_1_173' title='bbox 199 2600 296 2666; x_wconf 72' lang='lat' dir='ltr'>ablat</span> <span class='ocrx_word' id='word_1_174' title='bbox 273 2600 331 2665; x_wconf 82' lang='lat' dir='ltr'>nvi</span> <span class='ocrx_word' id='word_1_175' title='bbox 344 2601 447 2682; x_wconf 88' lang='lat' dir='ltr'>possis</span> <span class='ocrx_word' id='word_1_176' title='bbox 463 2603 627 2662; x_wconf 75' lang='lat' dir='ltr'>ablativum</span> <span class='ocrx_word' id='word_1_177' title='bbox 641 2602 797 2676; x_wconf 70' lang='lat' dir='ltr'>priuciqrii,</span> <span class='ocrx_word' id='word_1_178' title='bbox 818 2602 981 2661; x_wconf 82' lang='lat' dir='ltr'>ablativum</span> <span class='ocrx_word' id='word_1_179' title='bbox 1001 2601 1100 2669; x_wconf 74' lang='lat' dir='ltr'>madii,</span> <span class='ocrx_word' id='word_1_180' title='bbox 1122 2590 1286 2661; x_wconf 64' lang='lat' dir='ltr'>murteam</span> <span class='ocrx_word' id='word_1_181' title='bbox 1303 2592 1361 2657; x_wconf 85' lang='grc' dir='ltr'>ια-</span> 
     </span>
     <span class='ocr_line' id='line_1_23' title="bbox 199 2688 1379 2778; baseline -0.004 -17"><span class='ocrx_word' id='word_1_182' title='bbox 199 2702 278 2761; x_wconf 78' lang='lat' dir='ltr'>bitus</span> <span class='ocrx_word' id='word_1_183' title='bbox 300 2699 413 2764; x_wconf 84' lang='lat' dir='ltr'>dicere</span> <span class='ocrx_word' id='word_1_184' title='bbox 460 2698 601 2774; x_wconf 86' lang='lat' dir='ltr'>Quorum</span> <span class='ocrx_word' id='word_1_185' title='bbox 626 2716 664 2761; x_wconf 84' lang='lat' dir='ltr'>ex</span> <span class='ocrx_word' id='word_1_186' title='bbox 687 2697 741 2773; x_wconf 91' lang='lat' dir='ltr'>iis,</span> <span class='ocrx_word' id='word_1_187' title='bbox 774 2714 856 2775; x_wconf 87' lang='lat' dir='ltr'>quae</span> <span class='ocrx_word' id='word_1_188' title='bbox 882 2696 914 2761; x_wconf 91' lang='lat' dir='ltr'>in</span> <span class='ocrx_word' id='word_1_189' title='bbox 936 2694 1151 2778; x_wconf 83' lang='lat' dir='ltr'>grammaticis</span> <span class='ocrx_word' id='word_1_190' title='bbox 1179 2690 1277 2773; x_wconf 77' lang='lat' dir='ltr'>vulgo</span> <span class='ocrx_word' id='word_1_191' title='bbox 1304 2688 1379 2773; x_wconf 88' lang='lat' dir='ltr'>po·&#39;</span> 
     </span>
     <span class='ocr_line' id='line_1_24' title="bbox 200 2788 1360 2876; baseline -0.003 -17"><span class='ocrx_word' id='word_1_192' title='bbox 200 2801 321 2859; x_wconf 89' lang='lat' dir='ltr'>nuntur</span> <span class='ocrx_word' id='word_1_193' title='bbox 349 2794 459 2859; x_wconf 85' lang='lat' dir='ltr'>termis</span> <span class='ocrx_word' id='word_1_194' title='bbox 494 2795 642 2874; x_wconf 85' lang='lat' dir='ltr'>ablativi,</span> <span class='ocrx_word' id='word_1_195' title='bbox 681 2795 879 2874; x_wconf 87' lang='lat' dir='ltr'>respondent</span> <span class='ocrx_word' id='word_1_196' title='bbox 910 2796 1011 2876; x_wconf 91' lang='lat' dir='ltr'>primo</span> <span class='ocrx_word' id='word_1_197' title='bbox 1045 2794 1143 2858; x_wconf 87' lang='lat' dir='ltr'>ablat</span> <span class='ocrx_word' id='word_1_198' title='bbox 1119 2799 1205 2856; x_wconf 83' lang='lat' dir='ltr'>truns</span> <span class='ocrx_word' id='word_1_199' title='bbox 1237 2793 1294 2853; x_wconf 78' lang='lat' dir='ltr'>toci</span> <span class='ocrx_word' id='word_1_200' title='bbox 1320 2788 1360 2856; x_wconf 85' lang='lat' dir='ltr'>ad</span> 
     </span>
     <span class='ocr_line' id='line_1_25' title="bbox 198 2887 1360 2979; baseline -0.003 -23"><span class='ocrx_word' id='word_1_201' title='bbox 198 2891 482 2973; x_wconf 83' lang='lat' dir='ltr'>interrogationem</span> <span class='ocrx_word' id='word_1_202' title='bbox 499 2896 577 2957; x_wconf 78' lang='lat' dir='ltr'>uude</span> <span class='ocrx_word' id='word_1_203' title='bbox 596 2890 806 2972; x_wconf 88' lang='lat' dir='ltr'>respondens,</span> <span class='ocrx_word' id='word_1_204' title='bbox 828 2893 987 2979; x_wconf 71' lang='lat' dir='ltr'>ablativus</span> <span class='ocrx_word' id='word_1_205' title='bbox 1008 2894 1144 2968; x_wconf 74' lang='lat' dir='ltr'>temporis</span> <span class='ocrx_word' id='word_1_206' title='bbox 1163 2887 1360 2970; x_wconf 83' lang='lat' dir='ltr'>respondens</span> 
     </span>
     <span class='ocr_line' id='line_1_26' title="bbox 198 2976 1389 3069; baseline -0.004 -16"><span class='ocrx_word' id='word_1_207' title='bbox 198 2988 241 3053; x_wconf 87' lang='lat' dir='ltr'>ad</span> <span class='ocrx_word' id='word_1_208' title='bbox 262 2989 372 3055; x_wconf 91' lang='lat' dir='ltr'>interr.</span> <span class='ocrx_word' id='word_1_209' title='bbox 395 3011 415 3051; x_wconf 90' lang='lat' dir='ltr'>a</span> <span class='ocrx_word' id='word_1_210' title='bbox 430 3010 487 3067; x_wconf 84' lang='lat' dir='ltr'>qao</span> <span class='ocrx_word' id='word_1_211' title='bbox 502 2994 655 3067; x_wconf 72' lang='lat' dir='ltr'>tempores,</span> <span class='ocrx_word' id='word_1_212' title='bbox 678 2989 739 3055; x_wconf 89' lang='lat' dir='ltr'>abl.</span> <span class='ocrx_word' id='word_1_213' title='bbox 757 2994 892 3068; x_wconf 62' lang='lat' dir='ltr'>onpiais,</span> <span class='ocrx_word' id='word_1_214' title='bbox 915 2990 976 3057; x_wconf 88' lang='lat' dir='ltr'>abi.</span> <span class='ocrx_word' id='word_1_215' title='bbox 993 2989 1236 3069; x_wconf 69' lang='lat' dir='ltr'>comparationis</span> <span class='ocrx_word' id='word_1_216' title='bbox 1241 2976 1389 3059; x_wconf 76' lang='lat' dir='ltr'>omisso‘</span> 
     </span>
     <span class='ocr_line' id='line_1_27' title="bbox 198 3082 1360 3169; baseline -0.003 -19"><span class='ocrx_word' id='word_1_217' title='bbox 198 3107 289 3162; x_wconf 83' lang='lat' dir='ltr'>quam</span> <span class='ocrx_word' id='word_1_218' title='bbox 312 3089 450 3167; x_wconf 91' lang='lat' dir='ltr'>positus,</span> <span class='ocrx_word' id='word_1_219' title='bbox 485 3096 518 3152; x_wconf 91' lang='lat' dir='ltr'>et</span> <span class='ocrx_word' id='word_1_220' title='bbox 540 3088 692 3153; x_wconf 88' lang='lat' dir='ltr'>nonnulla</span> <span class='ocrx_word' id='word_1_221' title='bbox 713 3106 832 3169; x_wconf 87' lang='lat' dir='ltr'>genera</span> <span class='ocrx_word' id='word_1_222' title='bbox 853 3089 982 3154; x_wconf 86' lang='lat' dir='ltr'>ablativi</span> <span class='ocrx_word' id='word_1_223' title='bbox 1005 3106 1124 3157; x_wconf 74' lang='lat' dir='ltr'>massae,</span> <span class='ocrx_word' id='word_1_224' title='bbox 1155 3084 1248 3151; x_wconf 84' lang='lat' dir='ltr'>alteri</span> <span class='ocrx_word' id='word_1_225' title='bbox 1272 3082 1360 3148; x_wconf 88' lang='lat' dir='ltr'>abla-</span> 
     </span>
     <span class='ocr_line' id='line_1_28' title="bbox 199 3183 1359 3267; baseline -0.002 -20"><span class='ocrx_word' id='word_1_226' title='bbox 199 3187 284 3248; x_wconf 86' lang='lat' dir='ltr'>tivus</span> <span class='ocrx_word' id='word_1_227' title='bbox 307 3205 461 3251; x_wconf 74' lang='lat' dir='ltr'>macerae</span> <span class='ocrx_word' id='word_1_228' title='bbox 482 3186 607 3267; x_wconf 91' lang='lat' dir='ltr'>positus</span> <span class='ocrx_word' id='word_1_229' title='bbox 631 3186 662 3250; x_wconf 93' lang='lat' dir='ltr'>in</span> <span class='ocrx_word' id='word_1_230' title='bbox 685 3185 865 3251; x_wconf 81' lang='lat' dir='ltr'>differentia</span> <span class='ocrx_word' id='word_1_231' title='bbox 886 3184 1057 3264; x_wconf 88' lang='lat' dir='ltr'>metienda,</span> <span class='ocrx_word' id='word_1_232' title='bbox 1080 3183 1141 3248; x_wconf 89' lang='lat' dir='ltr'>abi.</span> <span class='ocrx_word' id='word_1_233' title='bbox 1158 3184 1359 3255; x_wconf 67' lang='lat' dir='ltr'>terrama</span> 
     </span>
     <span class='ocr_line' id='line_1_29' title="bbox 198 3266 1357 3364; baseline -0.002 -20"><span class='ocrx_word' id='word_1_234' title='bbox 198 3281 337 3362; x_wconf 84' lang='lat' dir='ltr'>piurima</span> <span class='ocrx_word' id='word_1_235' title='bbox 359 3301 478 3364; x_wconf 82' lang='lat' dir='ltr'>genera</span> <span class='ocrx_word' id='word_1_236' title='bbox 501 3285 562 3349; x_wconf 90' lang='lat' dir='ltr'>abi.</span> <span class='ocrx_word' id='word_1_237' title='bbox 586 3304 694 3347; x_wconf 70' lang='lat' dir='ltr'>causae</span> <span class='ocrx_word' id='word_1_238' title='bbox 715 3293 749 3347; x_wconf 91' lang='lat' dir='ltr'>et</span> <span class='ocrx_word' id='word_1_239' title='bbox 775 3284 837 3348; x_wconf 88' lang='lat' dir='ltr'>abi.</span> <span class='ocrx_word' id='word_1_240' title='bbox 864 3287 967 3360; x_wconf 77' lang='lat' dir='ltr'>pretii,</span> <span class='ocrx_word' id='word_1_241' title='bbox 1001 3286 1065 3347; x_wconf 88' lang='lat' dir='ltr'>tert</span> <span class='ocrx_word' id='word_1_242' title='bbox 1066 3281 1097 3345; x_wconf 92' lang='lat' dir='ltr'>io</span> <span class='ocrx_word' id='word_1_243' title='bbox 1127 3280 1266 3358; x_wconf 85' lang='lat' dir='ltr'>denique</span> <span class='ocrx_word' id='word_1_244' title='bbox 1282 3266 1357 3345; x_wconf 88' lang='grc' dir='ltr'>ιιι.</span> 
     </span>
     <span class='ocr_line' id='line_1_30' title="bbox 198 3368 1400 3513; baseline 0 -74"><span class='ocrx_word' id='word_1_245' title='bbox 198 3381 255 3441; x_wconf 84' lang='lat' dir='ltr'>toci</span> <span class='ocrx_word' id='word_1_246' title='bbox 276 3386 308 3445; x_wconf 89' lang='lat' dir='ltr'>et</span> <span class='ocrx_word' id='word_1_247' title='bbox 331 3386 467 3456; x_wconf 63' lang='lat' dir='ltr'>emporis</span> <span class='ocrx_word' id='word_1_248' title='bbox 489 3382 683 3463; x_wconf 89' lang='lat' dir='ltr'>respondens</span> <span class='ocrx_word' id='word_1_249' title='bbox 706 3382 746 3445; x_wconf 89' lang='lat' dir='ltr'>ad</span> <span class='ocrx_word' id='word_1_250' title='bbox 769 3382 1110 3462; x_wconf 80' lang='lat' dir='ltr'>intermgatiouesatu</span> <span class='ocrx_word' id='word_1_251' title='bbox 1058 3368 1193 3471; x_wconf 50' lang='lat' dir='ltr'>afflet</span> <span class='ocrx_word' id='word_1_252' title='bbox 1207 3378 1360 3513; x_wconf 71' lang='lat' dir='ltr'>paeda?</span> <span class='ocrx_word' id='word_1_253' title='bbox 1392 3380 1400 3393; x_wconf 85' lang='lat'><strong><em>‘</em></strong></span> 
     </span>
     <span class='ocr_line' id='line_1_31' title="bbox 198 3476 639 3557; baseline 0.009 -18"><span class='ocrx_word' id='word_1_254' title='bbox 198 3476 260 3540; x_wconf 87' lang='grc' dir='ltr'>ιιι.</span> <span class='ocrx_word' id='word_1_255' title='bbox 283 3480 371 3547; x_wconf 75' lang='lat' dir='ltr'>modi,</span> <span class='ocrx_word' id='word_1_256' title='bbox 394 3480 455 3544; x_wconf 92' lang='lat' dir='ltr'>abl</span> <span class='ocrx_word' id='word_1_257' title='bbox 478 3484 639 3557; x_wconf 74' lang='lat' dir='ltr'>qualitatis.</span> 
     </span>
    </p>

    <p class='ocr_par' dir='ltr' id='par_1_5' title="bbox 197 3508 1366 4230">
     <span class='ocr_line' id='line_1_32' title="bbox 285 3508 1365 3658; baseline 0 -19"><span class='ocrx_word' id='word_1_258' title='bbox 285 3574 479 3641; x_wconf 91' lang='lat' dir='ltr'>Omniat</span> <span class='ocrx_word' id='word_1_259' title='bbox 421 3584 479 3641; x_wconf 87' lang='grc' dir='ltr'>ιιι</span> <span class='ocrx_word' id='word_1_260' title='bbox 480 3597 543 3657; x_wconf 89' lang='lat' dir='ltr'>em,</span> <span class='ocrx_word' id='word_1_261' title='bbox 567 3596 652 3658; x_wconf 91' lang='lat' dir='ltr'>quae</span> <span class='ocrx_word' id='word_1_262' title='bbox 671 3577 712 3642; x_wconf 88' lang='lat' dir='ltr'>ad</span> <span class='ocrx_word' id='word_1_263' title='bbox 734 3582 853 3641; x_wconf 87' lang='lat' dir='ltr'>statum</span> <span class='ocrx_word' id='word_1_264' title='bbox 877 3576 1013 3641; x_wconf 90' lang='lat' dir='ltr'>subiecti</span> <span class='ocrx_word' id='word_1_265' title='bbox 1034 3556 1217 3640; x_wconf 86' lang='lat' dir='ltr'>accuratius</span> <span class='ocrx_word' id='word_1_266' title='bbox 1239 3508 1365 3645; x_wconf 68' lang='lat' dir='ltr'>desedi</span> 
     </span>
     <span class='ocr_line' id='line_1_33' title="bbox 197 3652 1366 3756; baseline -0.001 -18"><span class='ocrx_word' id='word_1_267' title='bbox 197 3673 337 3738; x_wconf 87' lang='lat' dir='ltr'>bendum</span> <span class='ocrx_word' id='word_1_268' title='bbox 360 3675 535 3756; x_wconf 86' lang='lat' dir='ltr'>adduntur,</span> <span class='ocrx_word' id='word_1_269' title='bbox 569 3680 704 3756; x_wconf 88' lang='lat' dir='ltr'>possunt</span> <span class='ocrx_word' id='word_1_270' title='bbox 732 3674 855 3738; x_wconf 88' lang='lat' dir='ltr'>autad</span> <span class='ocrx_word' id='word_1_271' title='bbox 885 3678 1081 3750; x_wconf 79' lang='lat' dir='ltr'>quantitatem</span> <span class='ocrx_word' id='word_1_272' title='bbox 1104 3680 1162 3738; x_wconf 90' lang='lat' dir='ltr'>aut</span> <span class='ocrx_word' id='word_1_273' title='bbox 1190 3673 1230 3737; x_wconf 86' lang='lat' dir='ltr'>ad</span> <span class='ocrx_word' id='word_1_274' title='bbox 1262 3652 1366 3751; x_wconf 51' lang='lat' dir='ltr'>quade,</span> 
     </span>
     <span class='ocr_line' id='line_1_34' title="bbox 198 3769 1359 3852; baseline 0.002 -19"><span class='ocrx_word' id='word_1_275' title='bbox 198 3778 290 3834; x_wconf 80' lang='lat' dir='ltr'>tatem</span> <span class='ocrx_word' id='word_1_276' title='bbox 312 3771 434 3837; x_wconf 85' lang='lat' dir='ltr'>referri.</span> <span class='ocrx_word' id='word_1_277' title='bbox 478 3772 592 3837; x_wconf 89' lang='lat' dir='ltr'>llia&#39;t</span> <span class='ocrx_word' id='word_1_278' title='bbox 566 3780 683 3837; x_wconf 82' lang='lat' dir='ltr'>uterum</span> <span class='ocrx_word' id='word_1_279' title='bbox 706 3771 803 3836; x_wconf 86' lang='lat' dir='ltr'>dividi</span> <span class='ocrx_word' id='word_1_280' title='bbox 825 3777 961 3852; x_wconf 89' lang='lat' dir='ltr'>possunt</span> <span class='ocrx_word' id='word_1_281' title='bbox 987 3772 1019 3835; x_wconf 94' lang='lat' dir='ltr'>in</span> <span class='ocrx_word' id='word_1_282' title='bbox 1046 3788 1100 3850; x_wconf 90' lang='lat' dir='ltr'>ea,</span> <span class='ocrx_word' id='word_1_283' title='bbox 1134 3788 1216 3850; x_wconf 90' lang='lat' dir='ltr'>quae</span> <span class='ocrx_word' id='word_1_284' title='bbox 1239 3790 1278 3835; x_wconf 87' lang='lat' dir='ltr'>ex</span> <span class='ocrx_word' id='word_1_285' title='bbox 1279 3769 1359 3835; x_wconf 91' lang='lat' dir='ltr'>trin-</span> 
     </span>
     <span class='ocr_line' id='line_1_35' title="bbox 199 3869 1359 3949; baseline 0 -16"><span class='ocrx_word' id='word_1_286' title='bbox 199 3888 292 3934; x_wconf 87' lang='lat' dir='ltr'>secus</span> <span class='ocrx_word' id='word_1_287' title='bbox 327 3876 446 3934; x_wconf 90' lang='lat' dir='ltr'>statum</span> <span class='ocrx_word' id='word_1_288' title='bbox 481 3870 570 3936; x_wconf 91' lang='lat' dir='ltr'>illum</span> <span class='ocrx_word' id='word_1_289' title='bbox 607 3871 820 3948; x_wconf 90' lang='lat' dir='ltr'>constituunt,</span> <span class='ocrx_word' id='word_1_290' title='bbox 853 3885 917 3948; x_wconf 93' lang='lat' dir='ltr'>quo</span> <span class='ocrx_word' id='word_1_291' title='bbox 950 3869 1112 3949; x_wconf 88' lang='lat' dir='ltr'>pertinent</span> <span class='ocrx_word' id='word_1_292' title='bbox 1141 3869 1248 3933; x_wconf 90' lang='lat' dir='ltr'>omnia</span> <span class='ocrx_word' id='word_1_293' title='bbox 1275 3885 1359 3948; x_wconf 88' lang='lat' dir='ltr'>quae</span> 
     </span>
     <span class='ocr_line' id='line_1_36' title="bbox 198 3965 1358 4048; baseline 0 -17"><span class='ocrx_word' id='word_1_294' title='bbox 198 3966 304 4031; x_wconf 89' lang='lat' dir='ltr'>iocum</span> <span class='ocrx_word' id='word_1_295' title='bbox 328 3972 361 4031; x_wconf 91' lang='lat' dir='ltr'>et</span> <span class='ocrx_word' id='word_1_296' title='bbox 382 3978 506 4048; x_wconf 86' lang='lat' dir='ltr'>tempus</span> <span class='ocrx_word' id='word_1_297' title='bbox 529 3967 718 4048; x_wconf 78' lang='lat' dir='ltr'>exprimunt,</span> <span class='ocrx_word' id='word_1_298' title='bbox 744 3972 778 4031; x_wconf 90' lang='lat' dir='ltr'>et</span> <span class='ocrx_word' id='word_1_299' title='bbox 799 3968 831 4032; x_wconf 91' lang='lat' dir='ltr'>in</span> <span class='ocrx_word' id='word_1_300' title='bbox 853 3983 892 4031; x_wconf 90' lang='lat' dir='ltr'>ea</span> <span class='ocrx_word' id='word_1_301' title='bbox 914 3983 995 4046; x_wconf 88' lang='lat' dir='ltr'>quae</span> <span class='ocrx_word' id='word_1_302' title='bbox 1020 3965 1205 4031; x_wconf 86' lang='lat' dir='ltr'>interiorem</span> <span class='ocrx_word' id='word_1_303' title='bbox 1232 3968 1358 4045; x_wconf 90' lang='lat' dir='ltr'>quanti-</span> 
     </span>
     <span class='ocr_line' id='line_1_37' title="bbox 198 4062 1359 4145; baseline 0.002 -18"><span class='ocrx_word' id='word_1_304' title='bbox 198 4070 300 4128; x_wconf 84' lang='lat' dir='ltr'>tatem</span> <span class='ocrx_word' id='word_1_305' title='bbox 333 4073 438 4131; x_wconf 89' lang='lat' dir='ltr'>status</span> <span class='ocrx_word' id='word_1_306' title='bbox 467 4065 668 4145; x_wconf 88' lang='lat' dir='ltr'>describunt,</span> <span class='ocrx_word' id='word_1_307' title='bbox 708 4082 803 4145; x_wconf 90' lang='lat' dir='ltr'>quam</span> <span class='ocrx_word' id='word_1_308' title='bbox 832 4083 890 4130; x_wconf 91' lang='lat' dir='ltr'>nos</span> <span class='ocrx_word' id='word_1_309' title='bbox 920 4063 1053 4128; x_wconf 86' lang='lat' dir='ltr'>dicimus</span> <span class='ocrx_word' id='word_1_310' title='bbox 1081 4065 1218 4140; x_wconf 80' lang='lat' dir='ltr'>pradum.</span> <span class='ocrx_word' id='word_1_311' title='bbox 1268 4062 1359 4129; x_wconf 82' lang='lat' dir='ltr'>Haec</span> 
     </span>
     <span class='ocr_line' id='line_1_38' title="bbox 197 4160 545 4230; baseline 0 -6"><span class='ocrx_word' id='word_1_312' title='bbox 197 4160 352 4230; x_wconf 88' lang='lat' dir='ltr'>hactenus</span> <span class='ocrx_word' id='word_1_313' title='bbox 375 4163 545 4230; x_wconf 85' lang='lat' dir='ltr'>iacobsius.</span> 
     </span>
    </p>
   </div>
   <div class='ocr_carea' id='block_1_4' title="bbox 542 4345 1017 4415">
    <p class='ocr_par' dir='ltr' id='par_1_6' title="bbox 542 4345 1017 4415">
     <span class='ocr_line' id='line_1_39' title="bbox 542 4345 1017 4415; baseline -0.002 -17"><span class='ocrx_word' id='word_1_314' title='bbox 542 4345 563 4398; x_wconf 89' lang='lat'>1.</span> <span class='ocrx_word' id='word_1_315' title='bbox 600 4345 784 4401; x_wconf 82' lang='lat' dir='ltr'>Abiatirus</span> <span class='ocrx_word' id='word_1_316' title='bbox 803 4345 1017 4415; x_wconf 89' lang='lat' dir='ltr'>quantitatis.</span> 
     </span>
    </p>
   </div>
   <div class='ocr_carea' id='block_1_5' title="bbox 197 4453 1356 4636">
    <p class='ocr_par' dir='ltr' id='par_1_7' title="bbox 197 4453 1356 4636">
     <span class='ocr_line' id='line_1_40' title="bbox 286 4453 1356 4536; baseline -0.002 -18"><span class='ocrx_word' id='word_1_317' title='bbox 286 4458 314 4518; x_wconf 88' lang='grc'>8.</span> <span class='ocrx_word' id='word_1_318' title='bbox 347 4457 507 4517; x_wconf 81' lang='grc' dir='ltr'>Αιιιιιυιιι</span> <span class='ocrx_word' id='word_1_319' title='bbox 530 4458 594 4516; x_wconf 78' lang='lat' dir='ltr'>loci.</span> <span class='ocrx_word' id='word_1_320' title='bbox 641 4458 672 4531; x_wconf 85' lang='lat' dir='ltr'>a)</span> <span class='ocrx_word' id='word_1_321' title='bbox 691 4458 843 4532; x_wconf 78' lang='lat' dir='ltr'>principii.</span> <span class='ocrx_word' id='word_1_322' title='bbox 889 4455 1056 4520; x_wconf 80' lang='lat' dir='ltr'>Ablativus</span> <span class='ocrx_word' id='word_1_323' title='bbox 1079 4453 1224 4533; x_wconf 81' lang='lat' dir='ltr'>principii</span> <span class='ocrx_word' id='word_1_324' title='bbox 1253 4454 1356 4536; x_wconf 79' lang='lat' dir='ltr'>expri-</span> 
     </span>
     <span class='ocr_line' id='line_1_41' title="bbox 197 4549 1356 4636; baseline 0.004 -22"><span class='ocrx_word' id='word_1_325' title='bbox 197 4549 259 4614; x_wconf 89' lang='lat' dir='ltr'>mit</span> <span class='ocrx_word' id='word_1_326' title='bbox 280 4549 401 4630; x_wconf 89' lang='lat' dir='ltr'>locum,</span> <span class='ocrx_word' id='word_1_327' title='bbox 424 4552 508 4617; x_wconf 90' lang='lat' dir='ltr'>unde</span> <span class='ocrx_word' id='word_1_328' title='bbox 530 4554 614 4618; x_wconf 89' lang='lat' dir='ltr'>actio</span> <span class='ocrx_word' id='word_1_329' title='bbox 636 4552 862 4636; x_wconf 85' lang='lat' dir='ltr'>proficiscitur,</span> <span class='ocrx_word' id='word_1_330' title='bbox 893 4570 955 4634; x_wconf 94' lang='lat' dir='ltr'>qno</span> <span class='ocrx_word' id='word_1_331' title='bbox 978 4552 1140 4632; x_wconf 88' lang='lat' dir='ltr'>pertinent</span> <span class='ocrx_word' id='word_1_332' title='bbox 1160 4552 1290 4618; x_wconf 83' lang='lat' dir='ltr'>nomina</span> <span class='ocrx_word' id='word_1_333' title='bbox 1312 4556 1356 4619; x_wconf 78' lang='lat' dir='ltr'>le</span> 
     </span>
    </p>
   </div>
   <div class='ocr_carea' id='block_1_6' title="bbox 0 0 1568 5075">
    <p class='ocr_par' dir='ltr' id='par_1_8' title="bbox 0 0 1568 5075">
     <span class='ocr_line' id='line_1_42' title="bbox 0 0 1568 5075; baseline 0 1"><span class='ocrx_word' id='word_1_334' title='bbox 0 0 1568 5075; x_wconf 95' lang='lat' dir='ltr'> </span> 
     </span>
    </p>
   </div>
  </div>
 </body>
</html>
