3125 5075
545 398 584 436 DE
600 399 728 438 nemone
743 399 878 439 vnnn1.-
892 398 1038 437 nnttnsns.
1324 401 1363 462 23

206 587 270 648 est.
315 583 489 649 Praeterea
518 586 559 650 ed
585 588 723 667 primurn
746 606 848 667 genus
869 585 1078 668 aposiopesis,
1109 583 1194 665 quod
1217 584 1363 648 Donatus

207 681 337 760 statuit,
361 684 522 761 pertinent
543 683 622 750 haec
645 687 804 766 exempla:
849 684 954 751 Plaut.
978 684 1066 749 Pers.
1090 681 1132 763 n,
1155 690 1187 761 4,
1210 685 1264 746 25:
1308 682 1365 756 Qui

205 789 238 841 te
264 782 294 840 di
318 783 450 856 deaeque
474 813 512 825 -
538 787 596 846 scis
619 788 688 860 quid
710 787 780 846 hinc
799 805 889 861 porro
906 786 1037 846 dicturus
1053 782 1169 858 luemm,
1193 782 1232 841 ni
1246 782 1365 855 linguae

205 879 381 940 moderarei
411 898 524 955 queem.
569 880 696 945 Terent.
722 883 817 949 Andr.
842 881 868 959 1,
895 887 921 959 1,
947 886 1021 946 137;
1052 899 1138 957 quem
1168 880 1285 956 quidem
1309 894 1363 951 ego

205 979 233 1037 si
257 995 382 1038 sensero
405 1022 412 1036 .
436 1025 443 1039 .
471 980 529 1038 Sed
557 983 627 1056 qnid
654 991 742 1057 opust
768 980 889 1044 verbis?
934 980 976 1058 ΙΙ,
1001 983 1030 1057 2,
1055 983 1088 1041 7:
1136 979 1208 1052 Quis
1239 979 1365 1050 h⁰¹110⁸lr

205 1078 260 1152 qui
283 1093 330 1135 me
347 1122 354 1138 .
372 1074 402 1137 .?
425 1095 443 1137 o
465 1079 629 1157 Pamphile,
653 1092 682 1140 te
706 1083 801 1156 ipsum
826 1098 945 1156 quaero.
991 1076 1071 1140 Eun.
1092 1074 1117 1151 Ι,
1137 1079 1163 1154 1,
1180 1077 1236 1139 2οε
1262 1076 1365 1148 Egone

200 1174 300 1246 illam,
325 1177 505 1250 quaeillum,
528 1196 604 1251 quae
616 1198 662 1237 me
686 1196 761 1254 qnae
785 1175 858 1239 non!
883 1181 946 1239 sine
970 1178 1067 1252 modo,
1089 1176 1168 1235 Mori
1191 1191 1237 1233 me
1254 1174 1363 1234 malim.

203 1268 345 1349 Adelph.
369 1271 394 1348 Ι,
419 1277 448 1341 2,
473 1277 527 1337 73:
572 1278 651 1335 Ecce
675 1289 773 1336 autem
798 1278 833 1336 de
857 1278 975 1352 integro
999 1279 1053 1345 (sc.
1077 1268 1281 1342 effervescit-l:
1306 1269 1365 1328 nisi

206 1371 350 1447 quidquid
374 1379 420 1431 est
443 1375 517 1434 Volo
539 1378 613 1437 cett.
637 1372 679 1449 11,
702 1377 731 1451 2,
757 1378 808 1437 19:
853 1378 1002 1450 Nusquam
1024 1375 1130 1448 pedem
1154 1366 1211 1449 (sc.
1234 1383 1358 1447 ponam,

211 1481 367 1545 nusquam
394 1472 481 1531 certe
512 1468 713 1548 proficiscar).
760 1473 920 1536 Donatus:
966 1469 1069 1548 „Quia
1092 1465 1279 1533 exclamatio
1304 1468 1363 1540 est,

210 1564 314 1626 oratio
329 1581 388 1641 per
407 1560 617 1643 ἀποσιώπησιν
633 1568 840 1648 completur.“
887 1568 934 1632 Ad
950 1568 1087 1632 alterum
1103 1583 1201 1647 genus
1218 1566 1366 1643 spectant

205 1659 315 1725 Plaut.
340 1662 434 1725 Poen.
459 1663 517 1738 ΙΙΙ,
542 1670 571 1741 e,
595 1671 628 1728 6:
673 1670 822 1745 Numquid
852 1688 928 1731 me.
953 1715 960 1728 .
985 1716 991 1729 .
1016 1667 1047 1729 ,Ι
1071 1663 1223 1743 (sevis).
1269 1660 1363 1723 Most.

205 1757 271 1837 ΙΙΙ,
295 1765 325 1834 2,
350 1766 424 1824 ]62;
468 1766 557 1824 Mane
581 1768 621 1825 sis
645 1769 768 1841 videam,
793 1787 829 1826 ne
854 1771 947 1842 canis,
975 1783 1018 1829 sc.
1042 1764 1084 1827 sit
1105 1762 1212 1842 aliqua
1234 1760 1364 1822 mordax

204 1857 241 1921 in
266 1857 408 1927 introitu.
431 1877 513 1939 quae
536 1860 647 1926 contos
671 1871 778 1927 custos
801 1864 833 1926 in
855 1871 888 1928 te
903 1864 1046 1944 ignotum
1063 1864 1193 1927 saeviat.
1237 1856 1364 1921 Terent.

205 1956 310 2020 Andr.
336 1957 360 2035 Ι,
384 1965 412 2035 5,
437 1965 490 2021 tio:
537 1963 664 2021 Verbum
697 1983 784 2022 unum
815 1982 886 2023 cave
911 1966 946 2022 de
970 1964 1090 2038 nuptiis,
1113 1979 1149 2020 ne
1173 1960 1210 2019 ad
1233 1953 1365 2018 ruorbom

204 2057 267 2115 hoe
290 2058 389 2117 ctiam.
430 2055 550 2119 Heaut.
565 2057 608 2134 ΙΙ,
626 2064 653 2134 3,
673 2062 746 2122 136τ
771 2069 802 2120 at
825 2080 901 2121 nnuc
924 2063 1053 2135 interim,
1076 2056 1129 2121 ubi
1146 2054 1363 2121 Schrevelius:

211 2169 279 2228 „se
303 2154 371 2217 siue
394 2154 520 2218 interim
544 2154 719 2236 plaulisper
750 2174 820 2220 cum
849 2157 950 2220 antica
977 2156 1119 2219 ludere.“
1163 2155 1212 2218 Ad
1236 2154 1365 2217 tertium

205 2252 348 2330 denique
371 2270 472 2331 genus
495 2252 655 2320 referendi
677 2261 752 2318 sunt
774 2254 806 2317 hi
829 2254 906 2320 loci:
950 2254 1054 2318 Plaut.
1076 2252 1191 2318 Pseud.
1215 2251 1239 2326 Ι,
1267 2257 1291 2326 1,
1308 2255 1365 2313 35:

207 2357 251 2412 At
281 2362 311 2410 te
334 2354 363 2412 di
387 2354 534 2427 deaeque,
564 2362 763 2428 quantumst.
788 2399 795 2413 .
841 2352 899 2416 PS.
946 2356 1115 2415 Servassint
1146 2353 1280 2428 quidem,
1312 2346 1365 2411 urbi

206 2465 317 2513 sermo
340 2448 564 2528 interpollator
586 2467 643 2528 per
665 2451 811 2526 alterum„
834 2469 932 2531 quum
956 2448 1134 2514 Caludorus
1156 2447 1273 2513 addere
1298 2444 1363 2509 vel·

205 2545 271 2610 let:
294 2550 443 2623 perduint.
489 2547 581 2612 Truc.
606 2548 647 2625 11,
673 2553 701 2627 6,
727 2555 780 2613 23:
828 2553 938 2611 Venire
962 2553 1082 2626 salvom,
1106 2568 1150 2613 se.
1174 2554 1205 2611 te
1230 2546 1363 2627 gaudeo.

205 2644 356 2723 Kampm.
388 2644 427 2708 de
455 2650 507 2708 ΑΒ
536 2665 566 2726 p.
600 2652 652 2711 23:
694 2666 818 2725 ‚sermo
853 2648 1075 2727 interpellatus
1110 2650 1160 2711 est
1189 2644 1363 2724 cupiditate

206 2740 448 2822 Stratophanis;
473 2746 498 2806 is
522 2745 604 2806 enim
628 2764 690 2808 uon
711 2746 832 2825 patitur
847 2745 1037 2825 Astaphium
1062 2744 1285 2810 salutationem
1308 2742 1363 2805 ab·

204 2840 361 2905 solvere.“
407 2841 588 2921 Eodemque
613 2844 705 2907 modo
733 2851 783 2907 est
806 2863 856 2924 ap.
880 2844 1009 2909 Terent.
1035 2844 1161 2907 Phorm.
1186 2841 1226 2920 11,
1254 2847 1281 2911 1,
1305 2845 1362 2904 ⁴25:

205 2943 327 3002 salvom
351 2944 459 3002 venire.
506 2941 602 3004 Andr.
627 2941 681 3016 IV,
705 2950 734 3020 4,
757 2949 807 3007 51.

294 3038 439 3117 Denique
467 3057 526 3118 per
555 3044 787 3105 coniunctiorem
817 3059 875 3106 mo
903 3041 1061 3121 ellipticae
1092 3039 1269 3104 sententiae
1290 3056 1364 3118 pro·

203 3134 365 3211 feruntur,
390 3136 443 3200 ubi
467 3138 616 3201 omissum
641 3140 844 3219 cogitandum
869 3147 919 3205 est
942 3140 1072 3204 verbum
1091 3138 1265 3203 metuendi.
1312 3137 1363 3202 Sic

203 3232 311 3299 Plaut.
338 3234 428 3298 Pers.
459 3233 501 3313 ΙΙ,
535 3243 562 3312 3,
596 3241 650 3300 71:
701 3243 813 3315 Nequis
848 3259 918 3301 vero
953 3258 989 3298 ex
1022 3241 1135 3299 Arabia
1168 3240 1363 3312 penitissuma

204 3337 423 3410 Persequatur‚
447 3352 489 3397 sc.
513 3337 718 3399 metuendum
742 3345 801 3414 est,
825 3335 911 3416 quod
933 3353 992 3415 per
1012 3335 1145 3399 ironiam
1168 3334 1285 3397 dietum
1304 3341 1363 3394 est.

205 3432 290 3496 Item
321 3432 353 3494 in
382 3434 677 3509 interamnensibus,
708 3441 743 3498 ut
770 3434 896 3499 Terent.
926 3435 985 3498 Ad.
1014 3432 1056 3510 ΙΙ,
1081 3438 1109 3511 2,
1131 3434 1173 3496 45
1204 3429 1364 3511 (similiter

203 3528 293 3610 apud
316 3527 457 3593 Graecos
479 3534 518 3607 τί,
541 3548 569 3593 v.
589 3530 705 3595 Beruh.
724 3539 805 3613 synt.
830 3550 860 3612 p.
886 3536 972 3603 352):
1019 3535 1096 3607 Quid
1119 3533 1195 3608 quod
1219 3542 1248 3590 te
1272 3531 1362 3608 oret,

203 3645 290 3708 quae
313 3628 359 3691 sic
381 3627 557 3706 supplenda
579 3646 706 3694 censeo:
738 3631 813 3709 quid
843 3629 897 3695 fiet
926 3631 966 3695 de
989 3649 1026 3695 eo
1049 3630 1133 3710 quod
1156 3633 1231 3693 cett.
1278 3623 1360 3692 ldae

202 3724 284 3789 mire
320 3725 439 3787 merten
473 3724 505 3786 io
535 3722 654 3806 lierni
687 3726 780 3811 telier
815 3735 890 3794 cett.
942 3728 1041 3793 Paulo
1075 3728 1169 3792 aliter
1203 3729 1363 3792 Donatus:

205 3827 330 3905 „Deest
351 3826 444 3900 aaa:
468 3828 501 3887 et
522 3824 555 3887 iu
575 3825 637 3888 alia
652 3827 872 3891 adnotatione:
897 3827 1001 3905 „Quid
1017 3826 1093 3890 rnilri
1110 3843 1169 3890 nou
1186 3825 1361 3904 respondes

203 3925 245 3989 de
269 3944 318 4003 oo,
342 3922 578 4004 propterquod
604 3929 636 3986 te
659 3925 757 3988 oro?“
804 3925 1042 3990 Schmiederus:
1076 3925 1172 4005 „quid
1196 3923 1297 3988 dicam
1321 3923 1361 3986 de

202 4042 253 4097 ee,
277 4023 361 4103 quod
386 4028 418 4086 te
441 4025 541 4103 rogo?
564 4022 594 4084 h.
618 4041 645 4085 e.
668 4022 731 4107 imo
755 4023 849 4086 etiam
875 4029 908 4087 et
930 4022 1134 4087 vehementer
1157 4032 1189 4086 te
1206 4039 1295 4102 rogo,
1318 4039 1362 4085 sc.

202 4127 241 4187 ut
263 4120 376 4185 sedulo
399 4120 526 4185 iacies.“
572 4119 641 4197 Quo
665 4128 791 4199 spectat
815 4118 912 4185 'etiem
935 4121 1071 4186 formula
1097 4124 1169 4196 qnid
1188 4124 1275 4182 illum
1297 4139 1362 4180 cen·

200 4223 284 4291 aar,
307 4238 401 4300 quam
425 4225 651 4284 commemorat
673 4221 769 4283 etiam
791 4219 980 4302 Bernhardy
1004 4221 1090 4303 Synt.
1113 4238 1142 4299 p.
1160 4226 1231 4295 353,
1254 4220 1361 4284 aduret.

201 4326 275 4396 414,
300 4325 334 4384 et
356 4318 395 4382 de
418 4334 481 4396 qua
502 4318 633 4383 Rostius
656 4324 823 4384 comment.
869 4318 972 4383 Plaut.
996 4337 1025 4399 p.
1055 4324 1111 4383 162
1134 4334 1179 4397 sq.
1203 4316 1282 4383 haec
1304 4316 1359 4380 ha-

203 4417 276 4484 bet:
334 4416 496 4496 „Elegans
528 4416 682 4495 formula,
719 4433 783 4496 qua
816 4417 963 4482 Plautum
1002 4416 1133 4495 eiusque
1166 4415 1361 4480 imitatorem
