3125 5075
219 379 238 436 6
659 375 815 416 amersten.
843 374 940 417 4441.

300 548 386 607 Leno
410 565 483 622 snm,
504 551 651 622 pernicies
675 554 849 626 communis,
872 550 979 623 fateor,
1003 550 1248 626 adulescentium,

299 646 451 718 Perinrus,
468 648 572 719 pestis.

214 773 348 856 Adelph.
372 773 431 855 ΙΙΙ,
459 782 488 855 3,
511 781 567 842 81:
596 797 651 856 ego
674 799 745 844 vero
768 783 838 841 binc
862 781 946 854 abeo,
970 782 1087 855 quando
1111 783 1145 855 is,
1169 799 1259 868 quam
1281 785 1382 843 obrem

215 876 275 934 bne
297 892 448 950 veneram,
473 877 535 938 Rus
559 879 643 952 abiit,
666 876 697 942 h.
722 895 749 941 e.
772 882 906 958 propter
928 892 1033 955 quem,
1057 876 1112 941 ubi
1127 876 1216 940 notio
1231 875 1380 959 hominis

216 987 299 1051 quae
314 971 482 1052 angustius
497 972 592 1053 valet,
610 975 739 1039 notione
755 974 813 1055 rei,
837 993 918 1057 quse
934 973 1031 1038 latius
1046 979 1146 1054 patet,
1171 975 1381 1056 comprehen-

214 1067 309 1132 ditur.
355 1068 435 1133 Eun.
459 1068 515 1150 IV,
547 1076 580 1151 3,
606 1076 641 1135 3:
681 1074 797 1142 Scelus,
831 1082 990 1150 postquam
1017 1074 1202 1134 ludificatust
1225 1077 1379 1150 virginem,

210 1163 244 1229 h.
268 1184 295 1230 e.
319 1165 483 1232 scelestus.
519 1168 601 1233 Eun.
625 1168 663 1247 V,
693 1175 728 1249 4,
755 1175 794 1236 19
818 1173 925 1233 scelus.
970 1168 1052 1232 Eun.
1075 1168 1101 1247 I,
1126 1174 1162 1247 2,
1187 1173 1222 1233 5:
1257 1175 1379 1233 Accede

212 1266 251 1325 sd
273 1266 372 1338 uuam
395 1267 473 1326 hunc
504 1262 559 1344 (de
582 1266 774 1348 meretrice).
820 1268 901 1331 Eun.
925 1265 972 1345 Π,
997 1270 1031 1344 3,
1056 1269 1096 1329 92
1120 1285 1225 1328 cruces
1248 1266 1289 1330 de
1313 1286 1380 1332 me-

210 1360 390 1425 retricibus.
428 1359 545 1426 Heaut.
562 1361 600 1441 V,
624 1369 655 1443 4,
683 1370 720 1429 10
744 1365 837 1428 trans.
875 1362 1003 1427 Phorm.
1020 1362 1079 1427 ΙΙΙ.
1104 1368 1133 1442 2,
1157 1370 1195 1427 41
1221 1362 1298 1428 1444
1322 1384 1379 1446 ap-

212 1456 355 1537 pellatur
378 1462 582 1521 sterculinum.
628 1460 709 1526 Eun.
733 1462 758 1542 1,
786 1469 813 1540 1,
838 1466 893 1527 34;
917 1463 976 1522 Sed
999 1480 1100 1522 eccam
1124 1464 1191 1537 ipsa
1213 1465 1377 1540 egreditur,

213 1558 309 1617 nostri
324 1554 408 1616 fundi
423 1559 587 1620 calamitas.
610 1555 736 1624 Phorm.
749 1559 775 1638 I,
802 1564 829 1639 l,
857 1562 909 1622 16:
931 1562 1010 1621 Puer
1028 1577 1121 1621 causa
1143 1562 1202 1620 erit
1223 1563 1374 1623 mittundi.

211 1651 309 1716 Andr.
332 1652 371 1733 V,
393 1658 424 1732 4,
450 1657 506 1717 38:

931 1768 1047 1843 Dignus
1070 1784 1103 1829 es

532 1864 605 1924 cnm
627 1871 679 1925 tua
699 1866 855 1940 religione,
877 1865 977 1925 odium
990 1908 1018 1923 ..

295 1998 324 2058 2.
360 1993 483 2059 Deinde
499 1994 708 2059 substantivis
723 1994 825 2075 magis
840 1996 1001 2075 generalis
1018 1994 1260 2075 significationis
1276 1998 1374 2063 etiam

208 2089 319 2170 plures
344 2109 397 2156 res
423 2099 480 2157 sut
501 2092 646 2159 homines
669 2090 897 2172 significantur,
920 2093 966 2157 ita
988 2098 1025 2158 ut
1046 2096 1298 2167 upuificctioucm
1320 2096 1375 2160 ha-

209 2188 307 2253 beant
330 2192 521 2254 collectivam.
565 2191 614 2256 De
636 2190 769 2256 Graecis
803 2190 876 2254 vide
905 2189 1023 2254 Bernh.
1051 2208 1082 2270 p.
1106 2197 1157 2255 47.
1203 2192 1275 2256 Huc
1303 2211 1375 2274 spe-

207 2290 293 2366 ctat,
328 2288 355 2350 si
378 2288 520 2369 regionis
543 2306 659 2352 nomen
682 2306 741 2367 pro
764 2287 875 2351 incolis
897 2287 1041 2367 ponitur,
1077 2291 1112 2351 ut
1133 2307 1154 2352 4
1177 2288 1299 2353 Catone
1322 2308 1373 2371 ap.

206 2380 288 2450 Gall.
312 2384 369 2464 ΙΙΙ,
394 2391 412 2449 7
439 2385 558 2464 (Rudd.
583 2386 656 2450 inst.
681 2384 724 2458 ΙΙ,
747 2402 777 2464 p.
803 2388 893 2460 387):
923 2388 1051 2461 Propter
1073 2390 1137 2449 eins
1161 2392 1288 2451 virtutes
1312 2410 1373 2451 om·

207 2485 253 2544 nis
280 2483 411 2544 Graecia
442 2487 567 2559 gloriam
591 2493 682 2560 atque
706 2485 834 2560 gratiam
857 2486 1049 2559 praecipuam
1071 2487 1258 2547 claritudinis
1287 2490 1373 2549 incli-

205 2583 338 2641 tissimae
362 2583 544 2642 decoravere
569 2584 767 2643 monumentis
798 2583 890 2656 signis
924 2585 1031 2643 statuis
1054 2616 1095 2625 -
1118 2587 1245 2659 aliisque
1272 2589 1373 2648 rebus.

203 2675 308 2741 Plaut.
331 2675 448 2741 Pseud.
473 2675 499 2755 Ι,
524 2682 555 2755 2,
578 2681 633 2740 68;
663 2682 846 2739 inventutem
869 2681 1010 2739 Atticam.
1056 2678 1139 2742 Men.
1163 2679 1189 2757 Ι,
1216 2687 1242 2757 l,
1270 2685 1300 2745 1:
1330 2687 1373 2744 iu·

205 2783 320 2836 ventus.
369 2771 460 2839 Cure.
476 2773 519 2852 II,
544 2779 572 2854 3,
598 2779 653 2838 21;
676 2780 723 2836 Its
746 2795 824 2836 nnnc
846 2777 1034 2844 suessanus,
1057 2775 1087 2839 b.
1104 2795 1130 2840 e.
1154 2778 1248 2841 servi.
1276 2779 1374 2844 Most.

201 2868 226 2948 Ι,
254 2875 280 2949 Ι,
305 2873 361 2935 64;
400 2891 454 2950 ego
477 2876 522 2933 ire
542 2876 573 2933 in
596 2877 732 2933 Piraeum
756 2877 823 2935 volo
850 2877 883 2932 ln
915 2891 1071 2948 vesperum
1092 2895 1198 2949 parare
1219 2879 1374 2948 piscatum

203 2971 290 3044 mihi,
325 2967 356 3032 h.
383 2988 411 3033 c.
435 2969 548 3049 pisces.
593 2969 716 3033 Eodem
746 2970 840 3033 modo
867 2967 932 3048 ΙΙΙ,
964 2974 998 3048 2,
1022 2976 1081 3034 42;
1113 2974 1235 3046 piscatu
1265 2980 1372 3050 probo,

204 3069 317 3128 electili
337 3069 435 3127 Vitam
460 3070 567 3129 colitis.
614 3066 685 3130 Aul.
702 3066 743 3147 ΙΙ,
761 3071 791 3145 2,
809 3072 867 3132 29;
891 3072 996 3145 Neque
1018 3073 1076 3146 illo,
1087 3074 1272 3147 quisquamst
1293 3076 1374 3134 alter

202 3165 292 3226 hodie
321 3182 358 3224 ex
379 3170 558 3239 paupertate
580 3169 715 3241 parcior,
749 3164 779 3227 h.
804 3183 830 3229 4.
851 3182 890 3228 ex
921 3166 1031 3229 ordine
1055 3184 1112 3230 seu
1135 3184 1269 3231 numero
1292 3186 1373 3247 pau·

202 3277 334 3339 perum,
366 3265 403 3323 ut
425 3261 564 3340 explicat
587 3260 808 3341 Camerarius
840 3280 878 3327 en
901 3263 1107 3343 pauperibus.
1152 3263 1269 3328 Pseud.
1291 3265 1317 3341 Ι,
1346 3272 1372 3343 l,

204 3360 280 3421 124:
317 3359 400 3421 Pube
421 3363 590 3437 praesenti,
625 3360 680 3426 ubi
710 3364 804 3437 pubes
834 3366 966 3424 auctore
992 3360 1090 3425 Festo
1117 3380 1175 3442 pro
1205 3366 1370 3438 puberibus

201 3454 321 3519 dictum
346 3461 403 3521 est.

290 3577 318 3637 3.
353 3571 537 3635 Proximum
562 3577 627 3652 est,
663 3573 690 3637 si
713 3571 872 3654 generalis
895 3575 996 3654 magis
1019 3579 1053 3638 et
1075 3574 1222 3655 specialis
1250 3574 1370 3657 signifi-

202 3668 339 3736 cationis
362 3669 566 3735 substantiva
589 3672 676 3735 inter
698 3690 732 3736 se
755 3674 990 3746 wrciunpuutun
1025 3672 1109 3751 quod
1132 3671 1251 3753 triplici
1274 3674 1369 3738 modo

199 3764 274 3832 fieri
296 3771 420 3848 potest,
454 3774 511 3832 aut
533 3769 578 3831 ita
601 3776 638 3834 ut
661 3768 798 3833 alterum
826 3769 1013 3848 simpliciter
1034 3771 1124 3833 iuxta
1151 3769 1288 3834 alterum
1311 3789 1369 3851 po·

206 3871 317 3945 natur,
347 3870 405 3931 aut
427 3872 464 3930 ut
486 3862 622 3931 alterum
644 3868 677 3930 in
701 3866 842 3947 genitivo
863 3868 1003 3946 positum
1026 3867 1066 3932 ab
1089 3866 1191 3930 altero
1218 3867 1368 3947 pendeat,

202 3963 294 4027 utin
316 3982 411 4028 mam
442 3965 603 4029 notionem
632 3964 725 4028 ambo
749 3963 946 4043 coalescant,
980 3968 1036 4028 aut
1065 3965 1265 4043 appositione
1294 3984 1368 4047 syn·

201 4059 329 4125 tactica,
374 4062 515 4126 Primum
550 4061 576 4127 si
611 4061 748 4126 alterum
786 4062 1021 4126 substantivum
1054 4061 1244 4142 simpliciter
1277 4063 1368 4127 iuxta

200 4157 340 4222 alterum
363 4160 510 4239 ponitur,
544 4159 704 4240 generalis
729 4159 885 4239 quaedam
908 4160 996 4222 notio
1020 4158 1173 4240 singulari
1197 4159 1368 4239 4444144-

201 4255 318 4319 iectivo
344 4257 411 4320 sive
440 4256 631 4322 attributivo
663 4254 830 4335 definitur,
869 4256 926 4321 sed
956 4257 1051 4319 etiam
1074 4256 1275 4319 substantiva
1303 4256 1366 4321 duo

203 4351 322 4417 diversi
343 4353 437 4433 plane
461 4356 606 4436 generis,
644 4356 772 4419 minime
796 4354 881 4419 inter
903 4372 938 4418 se
961 4360 1099 4434 cognata
1124 4371 1195 4418 esse
1218 4360 1365 4433 possunt,
