3125 5075
492 369 580 407 CASUS
596 369 861 408 suus'rhttulvouuu.
883 389 908 397 —
928 368 1031 407 ABLAT.
1288 380 1346 434 149

206 538 279 606 Puta
293 538 324 621 I,
341 546 372 621 3,
388 545 450 607 82:
473 546 549 605 nihil
572 546 673 605 hercle
697 563 774 608 cero.
821 543 862 622 ΙΙ,
887 549 916 624 2,
940 549 976 609 2;
999 548 1056 606 Ain
1078 562 1157 613 cero,
1178 544 1351 605 verbereum

207 639 303 718 qut?
348 646 383 720 4,
410 646 464 705 14:
486 644 558 706 Sum
580 646 682 705 hercle
704 661 782 704 cero.
826 641 881 720 IV,
907 646 936 721 6,
961 645 1016 706 1οι
1043 645 1118 705 Vero
1138 643 1201 704 liat.
1243 638 1299 720 IV,
1322 647 1353 719 3,

204 739 250 802 ll:
266 739 387 800 Hercle
408 758 489 801 cero.
534 739 631 805 Mero
654 757 684 805 v.
709 743 784 804 168:
817 743 927 802 Hercle
955 759 1024 801 vero
1048 742 1211 818 vapulabis.
1255 736 1299 814 11,
1322 743 1352 818 3,

204 839 248 898 to:
272 837 333 911 Qui
356 839 450 899 cero?
483 836 545 918 111,
568 843 597 912 3,
624 842 659 901 6:
682 841 766 901 itane
789 857 866 908 uero,
888 840 1017 900 vervex?
1053 837 1159 916 lv,1‚
1183 841 1233 900 25.
1257 835 1298 914 ΙΙ,
1322 839 1355 916 3,

200 935 250 996 il:
284 936 346 1009 Qui
369 938 462 996 vero?
504 934 620 1000 Bacch.
645 940 723 999 672:
755 939 844 998 immo
866 955 943 999 cero.
988 934 1103 1001 Caecil.
1133 934 1213 1000 stat.
1237 933 1353 999 Obolu-

199 1036 296 1096 tutes
308 1029 353 1096 ir.
371 1035 401 1110 5,
422 1050 451 1096 v.
471 1037 547 1097 128:
571 1037 663 1096 Immo
685 1054 763 1096 cero.
808 1033 949 1099 Plocium
964 1031 1002 1098 ir.
1021 1037 1075 1096 19:
1099 1036 1213 1096 liberae
1236 1033 1289 1094 es?
1312 1065 1351 1077 -

199 1131 259 1192 aar
280 1149 361 1204 sum,
382 1149 456 1192 vcro
478 1134 551 1192 inibi
573 1141 629 1193 est.
675 1131 896 1213 synaristosae
918 1152 947 1196 v.
966 1136 1035 1196 197.
1057 1131 1185 1196 Terent.
1203 1128 1299 1193 Andr.
1315 1126 1353 1207 V,

201 1230 231 1304 2,
249 1231 302 1293 13ε
338 1231 435 1291 Immo
456 1248 529 1290 nero
550 1233 715 1306 iudignum,
746 1233 905 1307 Chremes,
934 1234 991 1291 iam
1019 1230 1135 1292 lacinus
1156 1229 1225 1290 iaxo
1248 1247 1284 1289 ex
1305 1244 1352 1288 me

210 1326 306 1388 ultre
356 1323 485 1390 Phorm.
508 1326 547 1407 V,
569 1332 598 1405 9,
622 1331 677 1391 58:
699 1331 792 1390 Immo
813 1348 883 1390 oero
904 1333 1029 1407 pulchre
1052 1330 1174 1391 discedo
1197 1336 1228 1387 et
1249 1327 1352 1403 probe.
1450 1333 1458 1362 ⁸

211 1419 277 1487 Ειι
290 1421 351 1501 Ν,
368 1430 398 1501 4,
416 1428 472 1488 2οε
498 1428 591 1501 Quem
614 1434 646 1486 tu
669 1427 770 1489 videre
793 1446 863 1488 vero
884 1431 988 1501 velles,
1011 1428 1167 1500 Phaedria,
1189 1424 1219 1487 h.
1237 1442 1263 1488 e.
1278 1440 1353 1501 pro·

157 1561 165 1592 ;,
209 1515 289 1599 ficto,
312 1528 416 1586 certe.
452 1523 503 1588 De
525 1522 677 1587 adverbio
699 1543 769 1585 vero
791 1523 1031 1604 pronominibus
1053 1521 1274 1603 personalibus
1296 1520 1353 1585 ed·

157 1653 162 1700 r
207 1633 277 1682 vexo
297 1617 374 1683 vide
397 1618 537 1702 Herzog.
560 1621 600 1684 ad
622 1619 696 1686 Sall.
721 1639 750 1703 p.
771 1626 829 1686 192
854 1627 887 1687 et
909 1621 1036 1686 Ruhnk.
1064 1619 1106 1684 ad
1132 1619 1230 1683 Andr.
1253 1618 1295 1695 ΙΙ,
1325 1624 1353 1699 1,

157 1751 159 1758 -
207 1719 241 1778 ti
261 1715 384 1794 (Fugiu’
400 1719 492 1781 hinc?
534 1719 601 1783 BY.
623 1723 689 1796 Ego
704 1738 773 1781 nero
788 1739 823 1781 ac
848 1722 975 1797 lubens),
1001 1719 1056 1799 qui
1077 1718 1156 1783 dicit
1177 1716 1258 1782 hanc
1279 1734 1352 1797 par·

157 1831 159 1852 ²
206 1812 328 1878 uuam
358 1813 566 1881 vehementer
596 1815 755 1882 affirmare
784 1822 817 1881 et
845 1816 940 1882 affert
967 1818 1048 1882 Eun.
1074 1816 1132 1894 111,
1154 1823 1184 1897 5,
1206 1819 1263 1880 43:
1297 1834 1352 1892 ego

207 1913 271 1974 illud
286 1931 360 1974 uero
374 1916 446 1973 item
461 1914 521 1976 ieci
537 1935 572 1976 ac
588 1919 702 1978 lubens.
746 1915 828 1980 Eun.
845 1915 905 1995 ΙΙΙ,
924 1920 950 1994 l,
969 1923 1001 1980 l:
1025 1920 1149 1992 Magnos
1171 1933 1240 1977 oero
1263 1932 1352 1989 agere

208 2015 309 2085 petias
324 2012 417 2072 Thais
439 2014 533 2074 mihi?
555 2011 689 2094 Adelph.
706 2012 747 2090 II,
763 2020 793 2091 4,
811 2018 846 2077 3:
869 2017 971 2075 omitte
994 2034 1063 2076 oero
1086 2017 1239 2076 tristitiem
1262 2020 1352 2073 tuam.

210 2104 280 2171 Eum
302 2107 359 2188 lv,
380 2115 412 2187 4,
438 2114 491 2174 18:
517 2114 607 2185 Quasi
628 2130 697 2172 vero
718 2115 839 2187 paulum
862 2115 942 2172 iuter
964 2115 1013 2175 sit.
1044 2110 1297 2187 (Ruddimannus
1319 2126 1349 2188 p.

212 2208 277 2271 313:
301 2205 457 2285 „Quando
478 2207 711 2272 simulationem
732 2208 782 2272 vel
805 2208 936 2271 ironiam
959 2205 1117 2289 significat
1131 2211 1227 2287 poco,
1252 2226 1349 2288 saepe

212 2303 387 2369 eiadditur
408 2314 517 2382 oero.“)
562 2306 756 2370 Adverbiurn
782 2324 853 2367 oero
881 2307 1066 2387 saepissime
1096 2306 1128 2370 in
1156 2306 1353 2371 coniunctio·

213 2416 272 2466 nem
298 2420 333 2467 se
361 2410 549 2469 convertere
575 2403 774 2468 notissimum
805 2412 863 2468 est.
908 2403 961 2470 Sic
986 2405 1085 2470 Naev.
1114 2401 1290 2469 Corollaria
1315 2400 1352 2465 ir.

216 2503 240 2575 3,
256 2518 282 2562 v.
303 2505 362 2565 42:
386 2504 461 2577 Quid
484 2506 563 2566 istuc
584 2522 653 2564 cero
677 2502 796 2565 ‘statae’
820 2515 850 2565 te
873 2505 1030 2567 advertisti
1053 2514 1111 2566 tarn
1135 2503 1215 2565 cito?
1246 2499 1351 2570 Plaut.

216 2595 286 2663 Pers.
309 2599 349 2679 V,
373 2605 404 2679 2,
426 2607 477 2665 44.
499 2599 553 2679 Ν,
578 2606 606 2678 3,
630 2607 680 2664 ll.
726 2599 764 2665 ln
792 2599 921 2667 Catonis
952 2603 1096 2667 oratione
1125 2602 1165 2667 de
1194 2600 1352 2666 aedilibus

217 2697 278 2761 vito
298 2700 415 2763 creatis
438 2717 487 2779 ap.
512 2698 591 2763 Gell.
614 2697 703 2776 XIII,
735 2698 893 2780 elegitur
912 2720 1092 2762 umescere.
1121 2734 1162 2744 -
1191 2702 1354 2763 Enimvero
1392 2770 1394 2775 ¹

216 2790 300 2860 lunt.
333 2797 421 2861 Asin.
445 2795 505 2864 ΙΙΙ,
534 2803 562 2875 3,
585 2801 641 2861 98;
679 2800 843 2860 Enimvero
869 2808 1034 2876 utrumque.
1079 2799 1167 2863 Pers.
1192 2796 1233 2875 Π,
1263 2801 1292 2876 2,
1319 2802 1352 2857 3:

215 2896 259 2954 Aio
279 2897 426 2955 enimvero
450 2893 633 2972 (Schdtzius
656 2895 756 2959 doctr.
780 2901 864 2975 part.
887 2916 916 2977 p.
944 2902 1018 2961 162:
1053 2897 1110 2976 „In
1138 2894 1353 2976 responsioni-

215 2986 261 3055 bus
287 2990 438 3056 ferociam
468 2992 626 3072 quandem
655 2997 688 3056 et
715 2991 863 3058 fiduciam
902 2994 1123 3075 respondentis
1153 2994 1284 3072 indicat,
1313 2993 1350 3059 G.

210 3082 330 3172 italic».
354 3088 431 3155 cist
449 3089 491 3168 ΙΙ,
511 3095 538 3169 l,
560 3095 611 3154 43.
637 3087 725 3170 Capt.
743 3090 803 3170 ΙΙΙ,
825 3101 855 3167 4,
879 3098 913 3157 2;
936 3097 1099 3155 Enimvero
1122 3113 1198 3153 nunc
1223 3112 1277 3168 ego
1300 3111 1349 3155 oc·

210 3190 266 3252 eidi.
307 3187 370 3266 ΙΠ,
387 3196 416 3266 4,
443 3192 497 3250 76;
520 3192 611 3251 immo
634 3190 790 3260 enimvero,
812 3194 916 3268 Hegio,
940 3194 1013 3252 Istic
1036 3195 1170 3267 quivult
1193 3194 1349 3253 vinciatur.

157 3358 160 3381 Ι
207 3280 291 3351 licre.
306 3286 363 3357 IV,
389 3290 418 3358 3.
441 3290 498 3350 38:
522 3289 599 3346 euim
621 3305 690 3347 oero
713 3291 833 3350 haereo.
879 3288 993 3352 Pseud.
1011 3288 1066 3367 Ν,
1089 3293 1118 3365 2,
1147 3292 1195 3351 23.
1235 3287 1349 3352 Caecil.

157 3446 170 3471 ,Ι
208 3379 273 3448 tut
295 3384 335 3448 ir.
358 3382 565 3448 Obolostatcs
591 3390 623 3448 l:
656 3388 742 3446 Nunc
763 3389 841 3446 enim
868 3405 937 3446 vcro
966 3396 1027 3460 est,
1058 3405 1123 3445 cum
1152 3405 1235 3446 meae
1263 3388 1353 3447 morti

207 3488 357 3544 remedium
383 3486 539 3560 Reperibit
562 3502 657 3545 nemo.
704 3483 830 3548 Terent.
854 3485 935 3548 Eun.
959 3483 1001 3561 ΙΙ,
1025 3489 1054 3560 3,
1079 3487 1132 3546 38ε
1161 3486 1253 3544 Immo
1275 3486 1354 3545 etaim

206 3598 260 3640 uero
281 3583 456 3644 infeliciter.
500 3580 626 3643 Phorm.
651 3579 710 3659 ΙΙΙ,
736 3586 763 3659 1,
790 3587 816 3645 l.
847 3581 926 3646 Hec.
949 3580 1005 3661 Ν,
1028 3589 1058 3658 4,
1079 3585 1129 3645 51.
1153 3582 1249 3644 Andr.
1273 3580 1298 3658 Ι,
1323 3586 1352 3661 3,

210 3680 234 3740 1:
250 3681 347 3743 Enim
370 3697 454 3755 vero,
477 3682 578 3754 Dave,
609 3682 651 3740 nil
674 3683 764 3741 locist
786 3685 940 3758 segnitiae.
986 3678 1090 3743 Maior
1111 3679 1206 3744 etium
1228 3679 1277 3742 vis
1299 3677 1352 3744 ad·

209 3771 280 3842 ditur
290 3776 369 3841 huic
384 3776 617 3856 particularum
630 3777 835 3856 copulationi,
852 3779 877 3842 si
890 3778 1108 3857 praemittitur
1119 3797 1231 3840 neom.
1255 3777 1349 3841 Hera.

209 3872 328 3939 dsnll.
345 3873 416 3938 Cat.
434 3873 476 3950 ΙΙ,
500 3880 534 3938 9;
557 3878 687 3950 „Verum
706 3881 783 3936 enirn
801 3896 871 3937 vero
887 3874 1038 3955 todrtlidp:
1061 3871 1162 3938 tluetn
1187 3872 1296 3950 treiltdv
1318 3872 1352 3937 in

210 3962 375 4053 debriat,
399 3974 426 4035 t.
450 3969 470 4035 i.
494 3972 591 4034 tenu
614 3971 866 4055 mobthoitig,
890 3972 922 4036 in
946 3973 1067 4052 neither
1090 3973 1240 4053 tantidem
1257 3968 1352 4036 erese

208 4068 277 4148 urite
296 4069 412 4149 thenis,
434 4068 492 4133 tote
510 4068 553 4133 im
566 4065 775 4150 ssoteiniidpcn,
796 4070 859 4134 eine
872 4067 1094 4157 idioetlegung
1113 4073 1166 4133 bct
1186 4069 1351 4154 miglidpcn

210 4158 341 4245 Burilrld
364 4166 544 4248 nntbonbcn
577 4167 622 4248 iit.
658 4167 796 4254 {inigitur
820 4168 885 4232 eine
908 4167 1079 4255 geieigertc
1095 4166 1353 4254 ffieiriitigongl‘

211 4257 250 4325 Sic
263 4264 364 4331 Plaut.
380 4266 474 4347 Capt
491 4266 529 4346 V,
552 4276 583 4346 4,
607 4273 636 4332 2.
659 4267 788 4333 Terent.
809 4267 943 4348 Adelph.
962 4268 1005 4348 ll,
1030 4273 1058 4346 3,
1083 4282 1115 4332 a:
1141 4273 1249 4331 Veram
1270 4271 1349 4330 enim

210 4375 264 4420 cero
283 4367 312 4425 id
333 4368 568 4441 demumiuvat,
590 4371 617 4429 si
639 4386 724 4443 quem
748 4380 905 4444 aequomst
928 4368 1028 4429 iacere
1053 4371 1078 4429 is
1100 4369 1174 4428 bene
1200 4369 1282 4429 iacit.
1316 4414 1318 4419 -
