3125 5075
512 252 549 289 lit-¹.
573 251 763 289 '1'l3lll'i‚ilitltl;s.
781 271 803 276 -
828 252 1042 288 llll·l;t:l·'l·'.⁴'l'l·n.
1317 260 1353 316 “⁴3

200 441 316 500 scelus:
341 443 413 500 Tum
437 451 535 503 untcm
558 445 663 518 Syrum
688 445 883 517 inpulsorem,
909 443 978 515 mh,
1009 442 1113 514 quihus
1137 440 1219 498 illum
1245 441 1354 498 loomm-

197 555 262 596 rem
285 537 393 600 modis!
425 542 569 601 sublimen
594 543 721 600 medium
737 542 899 612 arriperem
925 551 956 598 et
977 540 1075 612 cupite
1098 555 1222 611 pronum
1247 539 1276 596 in
1294 546 1354 596 ter·

198 652 268 694 rum
288 641 456 706 statuerem,
479 641 521 700 Ut
543 641 667 698 cerebro
691 641 845 712 dispergat
874 639 959 696 vium.
1005 637 1200 696 Adulescenti
1222 636 1281 709 ipsi
1299 637 1355 693 eri·

191 749 298 806 parem
324 738 444 810 oculor,
479 745 547 812 post
577 740 651 796 haee
686 738 883 811 praecipitem
912 735 1024 794 dmum.
1073 735 1196 794 Ceteros
1229 750 1354 800 rnorem,

197 847 330 904 urrerem,
353 850 494 905 raperem,
518 835 669 894 inriderent
692 843 722 893 et
747 840 973 907 prosternerem.
1017 829 1054 892 In
1075 830 1234 909 stnnptivu
1256 847 1354 893 enun-

197 925 338 991 ciutione
360 927 484 1008 imperf.
502 931 542 994 de
563 949 599 994 re
623 931 798 1008 praeterita
814 931 932 994 dictum
950 937 1000 992 out
1016 929 1048 992 in
1064 928 1112 991 hin
1135 927 1221 992 loeis.
1249 927 1353 992 Pleni.

196 1023 316 1090 Bucch.
339 1027 403 1105 ΙΙΙ,
426 1036 461 1108 3,
484 1033 539 1092 82:
571 1033 596 1089 si
624 1033 757 1103 opperiri
782 1031 882 1090 uellem
909 1032 1061 1103 paulisper
1085 1031 1184 1104 modo,
1211 1030 1253 1088 lit
1283 1026 1353 1103 [illi]

195 1128 282 1188 illius
313 1129 501 1202 inspectandi
529 1130 568 1188 mi
596 1137 677 1190 esset
707 1131 801 1188 mador
832 1130 935 1204 cepio,
970 1130 1040 1192 Plus
1068 1128 1209 1188 vidissem
1237 1123 1354 1201 [misor]

196 1227 309 1300 opinor
331 1243 417 1299 ‹puum
440 1244 486 1284 ine
517 1235 606 1300 utque
630 1227 682 1286 illo
705 1242 828 1300 aequom
859 1225 946 1296 l'oret.
992 1223 1106 1288 Bacch.
1129 1241 1157 1283 v.
1182 1225 1243 1287 563
1268 1239 1352 1300 sqq.:

198 1321 279 1396 Qui?
302 1324 357 1382 tihi
380 1343 436 1384 non
461 1327 651 1386 meretricum
674 1326 800 1384 alierum
818 1333 882 1384 erat
898 1326 1024 1384 Athenis
1048 1327 1149 1397 copie,
1175 1325 1354 1394 Quibuscum

197 1421 328 1480 moeres
353 1439 430 1492 rem,
459 1425 516 1482 nisi
544 1440 609 1482 cum
633 1425 796 1496 illaquam
825 1441 879 1497 ego
903 1424 1088 1482 nnnindessem
1119 1421 1173 1480 tihi
1196 1419 1355 1493 occuparo

203 1523 264 1578 tute
288 1516 381 1593 [ipsc]
406 1538 505 1580 umore
529 1531 560 1580 et
583 1523 622 1580 mi
643 1521 703 1580 ireu
725 1523 890 1580 consultum
917 1519 1013 1581 mule?
1058 1517 1115 1588 lv,
1137 1521 1171 1594 8,
1197 1521 1250 1580 75:
1278 1520 1354 1578 Nom

200 1617 231 1676 ui
262 1619 326 1676 illic
354 1619 441 1678 hodie
471 1617 549 1678 torte
580 1619 700 1678 fortune
728 1621 775 1678 hie
802 1621 895 1690 soret,
924 1620 1012 1680 hliles
1041 1619 1257 1678 Mnesilochum
1289 1635 1354 1676 cum

199 1731 293 1774 uxore
329 1719 512 1790 opprimeret
544 1723 642 1792 Atque
678 1724 873 1790 optrunouret
910 1718 1061 1776 moechum
1100 1713 1353 1776 manutestorium.

197 1811 270 1876 llil.
293 1811 323 1884 1,
350 1818 381 1886 l,
405 1819 458 1878 53:
484 1817 561 1887 cuin
587 1818 615 1873 in
639 1817 838 1888 Cappadocia,
863 1817 911 1875 nbi
935 1825 966 1874 tu
989 1817 1165 1890 quingentos
1188 1815 1292 1882 semul,
1316 1815 1354 1872 Ni

197 1913 294 1972 hebes
318 1914 476 1972 moehoeru
498 1913 585 1983 t'oret,
609 1932 666 1972 uno
689 1912 751 1972 ictu
774 1914 938 1973 occideres.
969 1910 1084 1974 Pseud.
1100 1909 1123 1985 1,
1148 1917 1176 1981 3,
1201 1915 1259 1972 51:
1287 1913 1355 1971 l'uit

197 2012 350 2080 occassio,
380 2012 406 2070 si
429 2012 523 2078 uellet,
556 2014 613 2071 ium
636 2013 749 2084 pridem
773 2023 929 2085 arpentum
953 2021 985 2070 ut
1008 2011 1104 2070 duret.
1150 2008 1230 2072 liud.
1253 2008 1299 2072 ΙΙ.
1325 2015 1353 2080 l,

200 2109 262 2168 32:
292 2110 316 2167 si
340 2111 466 2168 invit-ure
502 2127 555 2169 uos
585 2112 739 2184 paulisper
765 2115 913 2183 perperci,
948 2110 1058 2168 ibidem
1094 2110 1351 2169 obdormissemns.

198 2202 288 2268 Trin.
312 2205 365 2284 lv,
397 2213 421 2282 l,
449 2211 503 2269 18:
526 2210 679 2282 proeellue
703 2239 744 2248 -
767 2209 904 2268 scindere
928 2211 1008 2269 retu:
1027 2239 1065 2250 -
1091 2211 1120 2266 ni
1144 2226 1201 2281 pux
1223 2208 1354 2282 propitio

197 2305 280 2376 foret
302 2314 433 2380 praesto.

281 2401 311 2466 b.
341 2405 526 2476 &mirificatio
547 2406 731 2477 potentialis.
755 2401 877 2466 itaut.
902 2401 1014 2481 Amph.
1040 2403 1070 2481 Ι,
1099 2407 1132 2476 3,
1156 2405 1211 2465 ‘282
1240 2405 1295 2461 nisi
1322 2411 1350 2460 te

193 2521 326 2565 umorem
350 2505 535 2579 plurumum,
556 2505 622 2563 Non
648 2503 793 2573 formem,
817 2501 871 2565 uhi
894 2502 1026 2575 seciorem
1049 2500 1149 2565 multo
1171 2497 1351 2578 languidius

193 2598 290 2665 foret.
322 2596 414 2678 Cupi.
437 2597 495 2676 ΙΙΙ,
517 2609 547 2675 l,
573 2605 607 2663 ὃς
631 2604 750 2663 Utinam
774 2610 804 2661 te
829 2603 857 2661 di
881 2604 963 2675 prius
981 2602 1151 2673 perderent.
1172 2617 1258 2674 (lurnn
1283 2616 1351 2673 per·

192 2700 258 2761 iiuti
280 2717 297 2759 e
320 2701 419 2773 putria
441 2710 507 2771 tua,
537 2699 576 2761 ud
600 2716 630 2775 q.
655 2698 673 2762 l.
698 2712 780 2775 quoe
804 2698 1038 2762 Lindemannns
1064 2697 1156 2771 dicit,
1184 2714 1247 2763 uon
1268 2694 1351 2759 oinni

193 2814 234 2861 ex
256 2801 349 2875 parte
372 2812 449 2859 vera
471 2803 553 2859 sunt.
580 2795 620 2859 ih.
644 2796 704 2861 ΙΙΙ.
723 2802 756 2875 5,
779 2802 835 2860 47:
860 2801 936 2871 Quiri
958 2817 1029 2858 nere
1051 2799 1183 2859 obessent
1204 2798 1258 2871 illi,
1282 2796 1352 2869 quoi

195 2912 319 2971 operum
343 2896 457 2956 dubem.
502 2892 594 2957 Cnro.
620 2894 674 2969 ΙΙ,
699 2900 728 2971 3,
754 2899 809 2957 2οε
842 2898 969 2957 Stultior
992 2900 1086 2956 stulto
1109 2896 1209 2970 luisti,
1232 2896 1282 2968 qni
1307 2894 1350 2953 hle

194 2996 318 3055 tabellis
341 2994 490 3053 crederes.
513 2992 578 3055 nli.
602 2996 675 3066 Quis
698 3012 746 3053 res
770 2996 891 3068 puplico
916 3004 947 3053 ot
968 2998 1085 3069 privetu
1104 2996 1227 3067 geritur,
1251 3010 1308 3052 non
1327 2993 1350 3049 is

194 3090 364 3151 crederent?
390 3088 426 3167 V,
450 3098 478 3167 3,
503 3095 560 3153 22:
585 3094 658 3151 Num
683 3096 707 3153 si
724 3095 749 3149 is
773 3093 923 3168 voluisset,
946 3095 1003 3151 iam
1020 3094 1135 3167 pridem
1152 3107 1269 3166 quoquo
1284 3108 1351 3165 pes·

195 3196 244 3251 ret
267 3191 405 3248 mitteret.
453 3188 569 3252 Bueoh.
592 3187 659 3261 ΙΙΙ,
683 3193 717 3263 3,
741 3188 797 3252 23:
826 3194 905 3249 Ante
937 3193 1029 3250 solem
1055 3192 1110 3249 nisi
1134 3188 1192 3265 [tu]
1217 3193 1351 3249 exorien-

195 3296 257 3349 tem
280 3290 310 3346 in
333 3290 516 3361 puloestrum
540 3306 674 3361 veneror,
698 3288 763 3347 Huu
779 3288 939 3348 mediocris
956 3290 1088 3361 pruinosi
1111 3287 1265 3362 praelecto
1281 3304 1351 3361 poe-

197 3404 252 3447 nus
281 3387 440 3462 perideus,
474 3385 528 3448 uhi
562 3384 657 3449 simul
691 3384 726 3448 in
755 3382 942 3464 imperfecto
975 3382 1164 3464 significatio
1194 3384 1351 3461 repetitae

197 3481 332 3549 ourionis
354 3482 447 3561 inest,
472 3490 512 3545 ou
536 3478 663 3559 molitrii
685 3480 843 3565 iroetmot.
889 3498 917 3547 v.
942 3486 998 3547 30:
1023 3485 1117 3557 Quom
1140 3486 1248 3546 librum
1271 3486 1351 3559 lego·

196 3602 246 3647 res
270 3584 298 3643 ri
320 3580 377 3658 [iu]
400 3602 459 3643 uno
481 3585 669 3658 peccavisses
690 3584 817 3656 unliubo,
841 3583 945 3643 Floret
967 3586 1079 3644 corium
1095 3591 1154 3644 tum
1171 3586 1350 3645 maculosum

197 3687 316 3759 quamsi
344 3683 471 3743 nutricis
500 3684 634 3755 pellium.
678 3677 734 3751 IV,
755 3684 791 3755 8,
816 3684 873 3744 tu:
906 3683 981 3743 Num
1011 3685 1041 3742 ui
1072 3684 1134 3743 illie
1163 3682 1250 3743 hodie
1274 3680 1351 3742 forte

196 3778 319 3841 lomene
343 3781 391 3840 hie
412 3780 508 3853 toret,
538 3781 627 3841 hlileu
650 3782 868 3842 Mnesilochum
892 3800 957 3842 eum
981 3796 1072 3841 uxore
1099 3782 1279 3854 opprimeret
1299 3798 1353 3841 suu

198 3882 298 3953 Atque
332 3882 523 3951 optruneoret
549 3881 704 3939 moechum
733 3877 986 3939 muuulerturium.
1036 3875 1130 3941 Most
1159 3876 1208 3952 ΙΙ,
1239 3882 1272 3955 2,
1298 3882 1351 3939 24:

197 3978 243 4037 hu
266 3984 300 4036 tu
323 3978 447 4051 tetigisti
471 3978 525 4037 heu
547 3976 653 4037 nediu?
686 3974 752 4039 TH.
779 3980 860 4051 Quor
882 3995 939 4039 non
957 3980 1132 4050 rumorem
1177 3973 1242 4038 llil.
1267 3973 1298 4051 Ι,
1325 3978 1351 4049 l·,

198 4074 255 4135 30:
276 4074 331 4133 Pol
354 4074 381 4134 ri
404 4076 520 4149 quidem
545 4075 671 4135 (ionicus
694 4092 787 4151 esser,
811 4094 866 4151 per
888 4078 1011 4151 corium,
1035 4060 1222 4151 por'risceru
1236 4075 1351 4149 Perque

197 4188 231 4233 or
254 4172 408 4247 elephanti
430 4174 622 4234 trorrrtmerot
643 4174 838 4235 hrncehium.¹
869 4172 965 4237 hiere.
988 4171 1047 4249 ΙΙΙ,
1069 4178 1100 4249 4,
1122 4175 1164 4235 48
1187 4187 1251 4249 um:
1275 4172 1355 4245 Quid

198 4284 254 4343 epo
275 4269 427 4341 furerem?
450 4266 516 4333 CH.
540 4271 618 4345 Quid
634 4280 666 4331 tu
681 4272 803 4343 luceres,
826 4290 892 4332 men
909 4272 1019 4347 reguo?
1040 4287 1239 4346 reqnorrmo,
1261 4272 1352 4345 Rom-
