3125 5075
228 398 292 462 202
530 385 592 425 Oil’.
608 384 653 425 XV.
667 383 816 424 oocuutttu
830 379 1084 421 enumerationum

229 582 360 643 laturum
382 594 450 639 esse
472 572 560 636 sum?
603 570 661 650 IV,
686 576 713 648 l,
736 574 771 634 8:
804 575 876 637 haus
906 574 961 634 tibi
984 574 1062 636 dico.
1107 567 1181 636 til.
1204 568 1332 649 minim,
1354 574 1392 632 ιί

231 676 297 740 uir?
339 672 379 752 V,
401 675 431 751 4,
456 676 489 737 3:
513 670 645 732 Certen?
688 667 825 749 Adelph.
849 669 874 749 1,
902 677 935 748 l,
960 674 1015 734 53:
1046 670 1107 730 Sed
1130 676 1215 729 estse
1240 671 1288 729 uic
1311 669 1392 745 ipsus

232 775 270 835 de
296 791 354 849 quc
385 770 532 847 agebam?
577 771 614 846 2,
641 771 674 832 3:
706 767 777 827 Scio
810 769 868 830 iam
895 769 966 845 quid
993 768 1091 831 tristis
1127 785 1182 842 ago
1211 766 1291 827 sim?
1335 761 1392 829 ML

234 871 317 932 dixin
339 871 396 930 boc
419 865 506 930 iore?
529 866 588 944 (=
610 864 734 938 noune).
759 881 787 926 v.
810 870 870 930 47:
900 869 967 928 Tua
989 867 1121 928 consulis
1144 862 1330 941 quicquam?
1365 881 1393 927 7.

231 970 293 1036 48;
316 968 416 1028 Sicine
437 965 521 1042 agis?
563 961 607 1041 11,
634 966 661 1042 l,
683 964 740 1026 29ε
768 964 850 1024 biciu
878 967 1050 1027 libertatum
1073 964 1157 1023 munt
1179 979 1249 1023 assa
1272 979 1395 1038 aequam

234 1065 391 1127 omnibus?
435 1061 624 1141 111,3,46:
651 1061 727 1135 Quid
751 1061 839 1122 sumi
867 1064 989 1125 vidistin
1019 1059 1133 1122 bodio?
1176 1055 1239 1123 SY.
1268 1061 1397 1121 Tl'uoum

236 1161 352 1225 lilium?
396 1177 425 1222 v.
449 1163 507 1225 48:
541 1161 628 1222 Satio
659 1160 718 1221 scis
747 1158 789 1219 ibi
812 1159 901 1222 essai
945 1176 973 1223 v.
996 1162 1055 1223 84:
1086 1157 1145 1220 Sed
1162 1160 1230 1234 qula
1253 1159 1321 1218 illic
1343 1166 1395 1229 cst,

234 1276 324 1335 quem
347 1260 433 1320 uideo
456 1257 585 1335 procul?
622 1266 706 1319 estse
735 1258 831 1333 Hegio
859 1258 990 1320 Tribulis
1017 1255 1143 1319 noster?
1185 1259 1225 1331 4,
1250 1256 1308 1319 32:
1343 1256 1397 1315 Pro

235 1364 343 1417 certon
372 1363 404 1417 tu
426 1358 520 1418 istaec
548 1356 645 1417 dicis?
689 1351 744 1430 IV,
768 1356 802 1433 2,
832 1358 888 1418 4οε
922 1356 1041 1417 Censen
1064 1355 1213 1416 bominum
1238 1370 1286 1413 ms
1312 1351 1398 1414 csse?

237 1455 295 1531 (ε
315 1452 444 1527 nonne).
491 1456 520 1529 7,
544 1455 599 1517 3οε
622 1453 770 1511 Sanumue
792 1453 890 1515 orodis
913 1459 945 1514 ts
967 1451 1054 1514 assa?
1341 1452 1349 1460 '

322 1547 352 1613 b.
397 1551 445 1610 Ne
473 1547 687 1614 dubitativum
718 1547 902 1614 adnectitur
930 1546 1102 1614 acomicis
1133 1545 1233 1613 etiam
1256 1543 1399 1611 relativis

238 1645 480 1726 pronominibus
503 1649 669 1711 contracta
690 1643 726 1708 in
747 1645 901 1711 oratione.
932 1645 1014 1711 Num
1036 1663 1095 1727 pro
1111 1661 1158 1723 eo,
1181 1643 1269 1725 quod
1293 1643 1399 1708 dicen

235 1742 423 1822 domarat,
447 1750 527 1807 estus
548 1746 612 1822 tlte,
636 1745 705 1821 gui,
737 1749 807 1805 tum
835 1764 880 1825 cs,
906 1747 972 1820 oui,
995 1742 1101 1807 Latini
1131 1741 1283 1806 dixerunt
1305 1745 1399 1819 quine,

238 1839 326 1920 quod
348 1841 462 1906 maiori
484 1859 555 1907 cum
579 1840 610 1905 ui
632 1839 853 1906 admirationis
874 1840 1131 1923 pronuntiabant
1162 1837 1399 1919 Nonnunquam

237 1936 278 2016 is,
299 1937 355 2018 qui
377 1937 424 2003 ita
445 1938 597 2018 loquitur,
620 1955 684 2002 non
705 1938 842 2004 miratur
864 1938 904 2003 de
926 1957 962 2005 re
984 1936 1135 2017 dicenda,
1157 1935 1216 2002 sed
1238 1936 1279 2001 de
1304 1953 1400 2016 quae

238 2033 342 2100 stione
364 2032 451 2100 inani
474 2035 617 2116 alterius,
640 2034 695 2115 qui
718 2045 795 2101 unte
817 2037 970 2117 loquutus
993 2039 1051 2101 cst.
1076 2033 1193 2110 (Hand.
1217 2051 1250 2114 p.
1275 2039 1316 2099 77
1331 2031 1399 2115 so).

240 2130 346 2197 Ptaut
370 2132 486 2215 Amph.
510 2134 557 2213 ΙΙ,
589 2138 626 2213 2,
649 2139 706 2198 65:
739 2138 860 2214 Quaene
888 2138 1014 2212 uigilans
1042 2131 1194 2196 somniat?
1225 2130 1256 2195 b.
1280 2150 1310 2195 e.
1342 2148 1400 2195 sec.

241 2226 390 2296 Tanbm.:
418 2232 493 2312 quid
517 2249 599 2312 opus
622 2236 673 2296 est
695 2229 891 2298 Alcumenae
913 2248 1039 2301 somno,
1070 2246 1152 2308 uuae
1181 2227 1323 2310 vigilans
1345 2228 1402 2294 ian

240 2329 403 2393 somniat?
469 2328 562 2395 Cure.
585 2328 624 2407 V,
650 2334 678 2407 3,
702 2333 758 2395 27:
780 2331 904 2407 Quodne
924 2330 1083 2407 promisti?
1127 2323 1205 2391 cist
1227 2324 1285 2405 IV,
1311 2331 1350 2407 2,
1371 2330 1401 2389 6;

241 2427 378 2504 Quamne
410 2431 442 2489 iu
476 2430 613 2490 manibus
646 2430 728 2488 tenui
763 2438 852 2505 atqua
887 2430 991 2503 accepi
1025 2430 1114 2503 cett,
1147 2422 1235 2504 quod
1264 2422 1400 2505 elliptioe

243 2522 361 2590 dictum
386 2531 446 2605 est,
470 2531 576 2592 ruente
600 2525 684 2591 euim
707 2523 902 2590 addendum:
926 2522 1007 2589 hanc
1022 2514 1180 2604 perditam
1203 2541 1287 2588 esse.
1316 2521 1399 2602 Epid.

242 2620 280 2703 V,
304 2628 341 2702 2,
366 2629 425 2688 54:
459 2628 594 2704 Quamne
610 2627 697 2686 bodie
721 2642 776 2700 per
798 2628 901 2686 urbem
927 2631 1052 2699 uterquc
1070 2642 1169 2684 sumus
1185 2622 1300 2683 defessi
1317 2639 1400 2698 quae·

242 2724 336 2786 rere?
361 2725 511 2799 (garomna,
532 2722 618 2807 quod
641 2725 691 2785 est
713 2720 744 2784 in
761 2720 832 2786 edd.
848 2725 926 2785 vett.
942 2739 1001 2802 pro
1017 2737 1148 2798 quemne,
1170 2718 1318 2783 restituit
1333 2735 1397 2783 cum

243 2820 363 2884 Weisio
387 2819 545 2901 Lsdeuig.
569 2818 725 2883 Zeitschr.
749 2817 770 2883 i.
796 2817 931 2883 Alterth.
960 2821 1055 2896 1841,
1084 2834 1114 2896 p.
1142 2821 1245 2890 1087).
1291 2813 1399 2891 Mill

243 2926 275 2997 l,
300 2921 353 2982 13:
376 2921 506 2996 Quemne
529 2937 583 2994 ego
606 2921 723 2980 samari
745 2921 820 2982 cett
835 2941 880 2970 =
894 2932 1024 2995 eumne,
1047 2931 1150 2995 quem,
1174 2930 1215 2977 an
1239 2931 1314 2978 eum
1329 2912 1400 2978 dicis

245 3032 349 3094 quem
374 3033 402 3079 v.
426 3013 594 3096 Scioppius
617 3033 704 3097 susp.
731 3015 818 3080 lectt
841 3014 879 3094 V,
896 3019 925 3079 7.
948 3012 1014 3078 Mil.
1030 3030 1060 3076 v.
1085 3015 1162 3076 614:
1185 3013 1312 3089 Quodne
1328 3014 1401 3072 vobis

243 3116 373 3194 pluosut,
397 3116 558 3191 displiceat
579 3114 676 3177 milri?
720 3111 775 3191 IV,
802 3117 829 3192 l,
853 3115 908 3176 27:
931 3115 1034 3191 Quaen
1056 3112 1178 3187 cupiat?
1223 3107 1326 3174 Mero.
1349 3106 1401 3183 ΙΙΙ,

243 3216 274 3288 3,
301 3215 359 3275 12:
394 3213 515 3291 Quodne
538 3210 672 3289 amomi,
696 3208 751 3274 ubi
773 3208 901 3274 lamb:
926 3210 1150 3288 „Pervorsene
1174 3207 1252 3272 iacit
1274 3206 1321 3282 is,
1343 3205 1400 3286 qui,

243 3308 329 3388 quod
351 3313 448 3387 amat,
470 3308 503 3373 id
526 3305 708 3374 osculctnr“
732 3312 809 3372 cett.
832 3307 912 3372 Rud.
936 3325 965 3370 v.
989 3311 1050 3371 272
1081 3304 1119 3387 (Ι,
1143 3304 1268 3381 5,1t):
1290 3308 1402 3384 Quoue

244 3409 361 3469 eiectae
390 3427 406 3469 a
435 3410 512 3469 mari
535 3411 626 3470 simus
656 3408 775 3481 ambos,
810 3425 952 3485 opsecro,
984 3407 1070 3468 Unde
1102 3423 1156 3466 nos
1180 3405 1298 3465 hostias
1320 3419 1401 3478 agere

244 3506 365 3565 uoluisti
389 3506 467 3566 buc?
510 3503 570 3579 Ill,
595 3507 625 3583 6,
648 3507 703 3567 23:
734 3505 856 3580 Rogas?
888 3506 986 3581 Quinc
1007 3504 1184 3573 arrabonem
1209 3520 1229 3562 a
1251 3520 1300 3564 ms
1324 3518 1402 3561 accc·

240 3603 314 3677 pisti
339 3604 377 3664 ob
402 3607 556 3665 mulierem
580 3606 622 3665 Et
644 3620 710 3664 eum
734 3604 803 3664 binc
827 3603 950 3665 auerti?
994 3598 1049 3678 IV,
1075 3603 1105 3677 3,
1127 3600 1184 3662 80:
1206 3601 1403 3677 Quemceugo

244 3701 351 3775 axcapi
377 3704 408 3760 in
439 3702 534 3762 mari?
577 3699 706 3765 Terent
735 3698 836 3764 Andr.
860 3698 915 3780 IV,
940 3706 977 3776 4,
1009 3701 1065 3762 29:
1099 3699 1231 3774 &m
1259 3716 1317 3773 ago
1345 3697 1404 3758 beri

243 3797 305 3857 vidi
328 3798 366 3858 ad
389 3817 442 3859 uos
466 3799 581 3860 adferri
604 3799 744 3875 vesperi?
1260 3876 1264 3883 Ι

331 3913 358 3959 c.
402 3895 452 3959 Ab
480 3894 529 3960 bis
552 3913 615 3960 non
638 3892 772 3959 multum
796 3891 924 3958 diuerso
947 3897 1032 3972 sunt,
1055 3891 1225 3972 inquibus
1249 3889 1405 3972 pronomi-

243 3991 338 4057 nibus
362 3990 603 4074 interrogativis
625 3992 776 4058 udiicitur
805 4010 859 4067 uc,
894 3993 979 4072 quod
1014 3988 1214 4073 grammatici
1246 3989 1288 4053 ud
1311 3989 1405 4054 abun

242 4090 385 4157 dantium
409 4091 578 4171 quamdam
602 4089 755 4156 referunt.
802 4089 863 4154 Sed
885 4090 1075 4170 designatur
1097 4085 1331 4168 magnitudinis
1359 4083 1406 4151 vel

244 4187 392 4254 veritatis
422 4189 469 4254 rei
503 4188 686 4267 admiratio,
720 4205 803 4268 quae
831 4206 891 4268 per
920 4185 1110 4267 particulam
1139 4205 1178 4248 sc
1204 4184 1255 4251 ita
1277 4181 1404 4266 exprim

245 4294 362 4367 potest,
386 4294 424 4352 ut
442 4293 579 4369 negetur
593 4286 636 4364 id,
660 4287 745 4367 quod
761 4286 879 4367 opponi
895 4285 1008 4366 possit
1032 4283 1149 4364 (Haud.
1168 4302 1199 4365 p.
1217 4288 1283 4351 78).
1308 4282 1405 4347 Plaut

246 4381 326 4449 ciat
349 4383 403 4462 ΙΙΙ,
430 4390 456 4465 l,
481 4395 517 4450 2:
550 4402 626 4461 quas
649 4386 759 4448 dudum
791 4385 902 4448 iasaast
925 4385 1013 4457 mibi,
1044 4401 1157 4458 quom
1187 4382 1305 4444 inficias
1328 4379 1405 4453 euti,
