3125 5075
574 502 712 545 NUHBRUS
726 506 992 548 SUBSTANTIVOBUH.
1321 523 1362 581 17

201 668 358 750 priorum,
391 671 419 736 si
443 678 505 740 aut
525 675 645 742 multos
666 676 812 743 homines
834 677 953 745 similes
978 678 1115 747 adonius
1144 698 1217 750 esse
1240 683 1361 765 signifi·

202 767 337 832 candum
360 776 412 834 est
433 776 467 836 et
488 772 535 837 illi
558 792 668 840 omnes
689 775 781 856 quasi
807 777 841 841 in
869 795 965 843 unam
993 777 1126 845 classem
1154 781 1363 862 comprehen-

202 865 331 943 duntur,
354 872 413 932 aut
427 870 456 933 si
475 889 513 935 re
532 889 610 937 vera
627 872 738 952 plures
753 878 865 939 extant
886 874 1027 941 eiusdem
1050 874 1186 942 nominis
1207 876 1362 944 homines.

203 961 254 1028 Sic
276 963 384 1028 Plaut
403 965 519 1032 Bacch.
544 966 601 1049 1v,
622 973 653 1049 4,
679 973 732 1034 10:
752 972 821 1033 Non
843 974 917 1034 mihi
936 975 988 1035 isti
1006 977 1130 1048 placent
1155 974 1364 1043 Parmeaosea,

205 1060 286 1123 Sui.
316 1060 491 1128 Trinumm.
502 1063 559 1146 IV,
575 1070 606 1146 2,
623 1071 663 1132 74
681 1065 824 1143 (allatum
838 1085 860 1132 a
873 1067 1039 1133 Perizonio
1053 1068 1094 1135 ad
1110 1068 1215 1137 Sanct.
1229 1070 1363 1136 Minerv.

207 1177 234 1239 p.
257 1164 310 1239 60,
334 1178 430 1242 quem
453 1160 554 1239 videl:

244 1282 287 1339 At
309 1280 391 1339 enim
411 1281 498 1340 multi
519 1281 677 1343 Lesbonici
699 1288 768 1345 sunt
790 1284 854 1343 hic:
879 1284 1066 1345 ulsinum
1087 1287 1184 1361 patris

246 1377 356 1449 Dices,
384 1394 443 1437 non
465 1397 585 1455 possum
607 1382 683 1443 istos
703 1388 872 1443 monstrare
895 1382 1030 1468 hominos
1052 1399 1126 1457 quos
1148 1389 1181 1442 tu
1204 1385 1365 1458 quaeritas.

293 1507 323 1565 5.
347 1500 512 1568 Interdum
527 1504 661 1585 pluralis
679 1506 719 1571 de
735 1505 951 1587 adoperitur,
974 1507 1029 1585 qui
1046 1511 1098 1572 est
1112 1524 1130 1572 e
1146 1525 1280 1572 numero
1297 1507 1367 1588 plu·

208 1599 289 1664 rium
312 1600 383 1664 aas
404 1600 540 1681 generis.
585 1602 637 1668 Sic
645 1600 756 1668 -Plaut
770 1602 884 1683 Amph.
896 1602 923 1683 I,
949 1609 976 1683 l,
1002 1608 1076 1667 197:
1099 1608 1256 1671 muenisse
1278 1606 1370 1679 fami·

210 1700 294 1760 bera
323 1700 429 1773 dicito,
459 1697 515 1763 ubi
541 1699 581 1764 de
609 1717 672 1765 uno
694 1706 820 1765 tantum
840 1697 989 1765 familiari
1011 1698 1154 1780 loquitur
1169 1702 1269 1768 Sosia.
1307 1701 1369 1765 Hic

210 1794 352 1875 pluralis,
374 1794 407 1860 id
429 1796 514 1874 quod
535 1796 567 1860 in
583 1796 773 1864 Germanica
796 1797 894 1862 etiam
917 1796 1027 1878 lingua
1048 1797 1167 1862 imitari
1188 1814 1369 1877 possumus,

211 1890 409 1957 indefinitum
437 1899 471 1957 et
497 1894 647 1974 generale
668 1893 790 1974 aliquid
816 1894 980 1975 exprimit,
1011 1893 1073 1959 vid.
1102 1895 1198 1960 etiam
1227 1893 1369 1958 Lindem.

213 1990 249 2054 ad
270 1989 302 2053 h.
329 1988 349 2053 l.
395 1989 447 2055 Sic
469 1991 566 2056 etiam
588 1990 671 2056 Men
693 1992 733 2073 Π,
757 1998 788 2072 2,
809 1995 852 2057 46
874 2010 956 2073 sqq:
979 1994 1063 2055 Satin
1087 1994 1154 2068 hoe,
1177 1992 1256 2068 qued
1278 1992 1370 2065 vides,

213 2091 318 2150 'imbus
340 2097 547 2166 opsonatumst
566 2106 605 2149 an
627 2093 718 2152 etiam
740 2108 855 2169 opsono
877 2091 1021 2167 amplius,
1044 2090 1110 2150 'libi
1131 2096 1163 2149 et
1178 2089 1319 2163 parasito
1340 2094 1373 2147 et

215 2188 352 2247 maeri?
387 2184 489 2250 MEN.
512 2189 594 2265 Quas
613 2189 760 2256 mulieres
781 2190 861 2265 Quos
881 2197 913 2249 tu
931 2188 1083 2262 parasitos
1103 2184 1249 2261 loquere?
1279 2180 1371 2245 Curc.

216 2281 264 2362 IV,
289 2289 320 2363 3,
347 2287 403 2347 14:
427 2286 507 2358 Quas
529 2294 563 2345 tu
585 2287 658 2346 mihi
672 2287 811 2359 Tabulae,
835 2303 909 2361 quos
931 2285 1026 2344 lesem
1049 2283 1175 2347 libertos,
1197 2298 1271 2357 quos
1287 2278 1373 2339 Sans-

217 2400 316 2444 aaaos
338 2383 508 2457 somniast,
535 2382 576 2447 ad
599 2399 630 2463 q.
652 2381 671 2445 l.
695 2380 887 2446 Lambinus:
918 2378 1024 2459 „Lyco
1045 2394 1123 2442 usus
1146 2379 1217 2440 erat
1238 2388 1373 2438 numero

198 2479 378 2561 vfigulari.
415 2478 510 2544 Miles
524 2485 632 2544 autem
655 2477 765 2544 eadem
788 2476 916 2542 nomina
930 2473 1021 2555 ponit
1040 2472 1073 2539 in
1093 2469 1242 2554 plurali.“
1278 2468 1372 2533 Truc.

219 2576 254 2658 ll,
277 2584 307 2657 3,
332 2583 390 2642 55:
415 2598 431 2640 ο
454 2597 570 2640 merces
592 2582 699 2652 malae,
722 2592 915 2656 quamquam
935 2571 975 2637 de
996 2589 1059 2635 una
1084 2573 1210 2634 tanturn
1232 2565 1376 2647 loquitur

220 2675 394 2755 meretrice,
417 2674 550 2754 pluralis
564 2675 689 2755 positus
704 2677 764 2752 est,
787 2670 935 2752 quoniam
951 2669 1035 2734 haec
1050 2666 1230 2732 exclamans
1244 2662 1284 2727 de
1306 2667 1376 2728 toto

221 2774 423 2838 meretricum
446 2791 563 2853 genere
586 2772 715 2851 cogitet.
755 2766 909 2834 Similiter
929 2765 1056 2830 Terent
1078 2761 1212 2843 Adelph.
1232 2759 1269 2839 V,
1289 2765 1318 2839 7,
1341 2763 1376 2823 9:

864 2884 959 2943 Missa
981 2882 1056 2941 haec
1079 2877 1155 2952 iace,

427 2989 628 3062 Hymenaeum
651 2983 754 3044 turbas
779 2979 934 3056 lampadas
957 2977 1102 3045 titianae,

223 3098 260 3178 (a.
286 3107 304 3165 7
328 3100 449 3165 dictum
472 3106 544 3164 erat
565 3099 604 3163 de
627 3116 691 3162 una
712 3093 871 3170 tibicina),
905 3091 947 3156 ad
973 3108 1003 3171 q.
1026 3088 1047 3154 l.
1069 3088 1230 3152 Donatus:
1270 3083 1379 3164 „Bene

224 3202 321 3262 totum
343 3196 523 3278 pluraliter,
547 3200 583 3260 ut
604 3195 659 3275 qui
680 3189 890 3274 reprehendit
909 3187 955 3252 sic
977 3183 1107 3250 multa“

304 3317 334 3378 6.
360 3312 499 3377 Maxime
513 3308 727 3376 memorabilis
739 3310 790 3370 est
804 3303 941 3383 denique
956 3299 1089 3381 pluralis
1104 3294 1380 3364 substantivorum

223 3412 474 3489 abstractarum,
501 3426 584 3490 quae
606 3408 771 3481 dicuntur,
797 3403 874 3466 item
901 3402 1137 3472 concretorum,
1159 3408 1242 3473 quae
1264 3389 1306 3454 ad
1326 3387 1383 3495 ab·

223 3514 416 3574 caecarum
428 3512 577 3571 naturam
592 3502 735 3586 proxime
749 3498 916 3576 accedunt,
932 3495 987 3574 qui
1002 3495 1187 3572 usurpatur,
1202 3504 1274 3553 cnm
1293 3500 1385 3548 varra

224 3625 344 3690 genera
367 3611 401 3672 et
421 3603 567 3683 exempla
589 3617 700 3668 eorum
728 3593 939 3661 describenda
965 3594 1043 3656 sunt
1067 3588 1101 3652 in
1122 3582 1304 3667 generalem
1321 3595 1385 3690 'no-

224 3707 344 3771 tionem
359 3698 665 3784 comprehendenda.
689 3694 741 3760 Sic
753 3692 834 3758 Cato
849 3690 935 3771 apud
947 3684 1094 3754 Paullum
1108 3700 1139 3763 p.
1153 3686 1194 3746 27
1209 3697 1239 3743 v.
1255 3677 1386 3740 Aerrbns

226 3803 332 3880 (Lien.
350 3799 462 3868 (laton
477 3800 547 3874 aar:
569 3796 702 3862 Acribus
721 3793 881 3869 pluraliter
904 3791 941 3850 ab
963 3802 1045 3859 aere,
1068 3783 1100 3842 id
1122 3787 1178 3852 est,
1200 3777 1385 3886 aeramento,

225 3903 302 3963 cato
325 3901 412 3962 dixit.
455 3895 596 3962 Dubium
619 3898 684 3972 est,
718 3910 795 3956 num
817 3889 870 3954 hic
890 3886 982 3951 locus
1004 3878 1128 3960 spectet
1148 3871 1388 3982 aderat-renem,

226 4009 259 4061 nt
278 4001 370 4075 plura
388 4014 463 4057 aare
482 3995 634 4070 equestria
648 3993 765 4064 fierent,
790 3988 823 4051 in
843 4001 907 4064 qus
926 3985 977 4047 est
996 3976 1097 4042 etiam
1112 3974 1272 4052 geniturus
1287 3978 1390 4072 aarum

226 4097 414 4173 0unestrium
444 4097 478 4157 et
499 4088 658 4154 ablativus
687 4088 808 4149 aeribus
837 4079 1037 4159 equestribus.
1081 4069 1218 4146 (Erasm.
1239 4058 1392 4127 Schmun

226 4192 464 4274 hypomnemat
495 4204 527 4267 p.
552 4189 622 4251 127.
665 4180 826 4247 Priscian.
850 4177 885 4241 Τ.
907 4176 939 4254 l,
966 4189 997 4252 p.
1022 4172 1082 4234 317
1106 4161 1200 4278 'apud
1220 4158 1393 4269 ‘Meyerum

228 4295 310 4354 orat.
322 4286 415 4352 Rom.
427 4284 541 4366 magur.
557 4302 587 4365 p.
601 4285 666 4358 85).
698 4277 788 4343 Idem
799 4274 880 4339 uate
896 4271 994 4337 etiam
1008 4267 1150 4328 audacrus
1165 4258 1393 4365 dmtnumero

228 4386 348 4470 plurali
372 4385 504 4463 (Festus
526 4381 559 4446 in
580 4379 641 4444 hac
662 4393 741 4443 voce
762 4373 850 4454 apud
871 4367 962 4434 Lien
975 4362 997 4429 l.
1019 4379 1045 4426 c
1061 4357 1128 4434 88).
1171 4354 1268 4419 Eunu
1288 4343 1394 4414 annal

229 4484 251 4550 l
273 4484 315 4562 H,
337 4481 384 4556 in}
400 4485 435 4546 8:
458 4482 500 4544 Et
523 4481 610 4542 dmul
632 4476 746 4552 effugit,
766 4485 866 4545 sperae
887 4470 931 4528 ita
953 4461 1086 4523 funditus
1109 4458 1238 4514 nostras.
1271 4442 1396 4511 Eodem

286 4584 370 4632 name.
385 4580 501 4633 ayma.
530 4579 550 4620 r.
1163 4555 1182 4611 2
