3125 5075
208 355 268 411 140
625 340 781 383 eumenum
802 340 866 381 Cdi’.
880 340 918 381 ΙΙΙ.
1026 370 1028 375 .

205 516 310 580 iurniis
333 535 452 595 coquos,
475 519 583 580 iocum
604 519 678 579 ulhil
701 533 775 591 opuc
796 518 862 579 erit.
900 516 974 577 (ium
993 516 1090 576 unere
1104 518 1185 576 mio
1207 531 1281 588 opus
1295 514 1363 582 orii,

205 618 302 678 ultero
323 615 496 693 prouiurnio
520 618 624 678 cruito.
661 612 695 679 C.
719 618 774 678 29:
796 632 857 690 poc
879 615 1003 675 maxime
1026 631 1098 688 opio
1119 615 1184 673 eiii.
1222 608 1256 676 0.
1285 615 1360 676 145:

205 717 231 777 ui
252 715 382 789 senapis
403 715 484 775 vacis
512 715 673 788 omiserit.
720 710 807 777 Orat.
837 729 896 792 pro
924 708 1159 775 Rhodiensibus
1191 707 1245 788 (ci.
1278 706 1361 773 Geli

206 811 276 891 Vll,
301 816 348 891 3),
371 811 471 893 origg.
495 810 547 876 iib.
570 809 606 873 V.
630 809 751 875 inclusa
778 810 918 884 (Krousa
944 809 1029 873 Vitue
1050 814 1084 872 ut
1105 807 1288 889 fragmentu
1309 823 1362 871 Ve-

205 914 310 975 terum
325 908 546 974 historicorum
562 907 692 974 Roman.
709 925 739 987 p.
759 910 847 985 114):
871 911 941 986 quid
963 926 1036 983 opio
1057 907 1113 968 siet
1133 907 1222 979 sacto.
1254 903 1360 970 Pluut.

203 1005 316 1087 Amph.
331 1004 356 1085 Ι,
377 1012 403 1083 l,
428 1011 500 1072 194:
525 1008 601 1082 Quid
624 1013 684 1069 ecci
704 1009 797 1083 opus?
841 1006 883 1083 ΙΙ,
910 1011 937 1086 1,
960 1008 1017 1070 68;
1042 1005 1113 1081 quid
1134 1009 1222 1080 opust
1242 1004 1360 1067 cerdic?

205 1108 234 1180 2,
262 1110 339 1170 145:
377 1108 454 1181 Quid
475 1109 572 1169 verbio
599 1108 704 1182 opust?
746 1104 807 1184 111,
835 1110 865 1185 3,
895 1110 949 1169 15:
984 1112 1017 1165 ut
1043 1104 1228 1179 adpurontur
1253 1103 1361 1177 quiem

203 1211 296 1281 opimi.
342 1201 444 1270 Cusiu.
460 1202 520 1282 ΙΠ,
536 1208 565 1281 6,
589 1208 643 1268 lo:
669 1206 744 1280 Quid
768 1207 839 1266 mihi
860 1223 945 1267 seruo
967 1221 1039 1279 opus
1061 1210 1109 1263 eui
1129 1208 1190 1262 tum
1213 1200 1361 1275 mmm?

205 1299 295 1382 Cupi.
313 1301 338 1380 l,
355 1307 384 1381 2,
397 1305 436 1367 56
452 1318 534 1382 squ:
555 1305 663 1365 Multis
682 1311 712 1365 et
725 1305 968 1379 muitipmeribus
986 1319 1059 1376 opio
1073 1304 1116 1362 coi
1131 1301 1185 1360 tibi
1200 1299 1360 1360 Miiiiiim.

204 1402 399 1479 primumdum
427 1420 500 1477 opum
521 1402 762 1465 Pisuriensiuut
788 1436 831 1445 —
856 1403 992 1463 Punicus
1013 1417 1086 1474 opto
1106 1402 1162 1474 esi,
1192 1414 1267 1472 opum
1288 1397 1362 1458 Pio·

206 1501 330 1561 cortinis
352 1519 477 1577 quoque,
499 1499 579 1574 opus
601 1501 790 1570 Turdetanis,
813 1518 885 1575 opus
906 1497 1218 1562 commaculemini
1245 1491 1361 1559 Pseud.

205 1595 247 1677 Π,
270 1600 300 1676 2,
324 1602 359 1661 7:
393 1598 478 1659 Nouo
508 1599 629 1660 consilio
656 1617 734 1660 nuuc
758 1602 798 1660 mi
826 1616 898 1674 opus
919 1602 968 1658 eui.
1013 1594 1098 1659 Men.
1122 1610 1149 1658 V.
1170 1596 1248 1657 433:
1286 1593 1362 1668 Quid

205 1715 237 1760 eo
259 1698 364 1772 opusc?
408 1694 490 1759 Men.
507 1714 534 1760 V.
552 1698 629 1759 484:
651 1700 749 1759 cerdic
771 1699 842 1774 quid
864 1696 966 1757 mutis
987 1695 1090 1769 opust?
1127 1690 1166 1770 V,
1182 1695 1212 1770 9,
1228 1693 1286 1756 88:
1310 1693 1361 1753 Set

204 1797 351 1857 meliorest
372 1812 444 1869 opum
466 1795 611 1869 auspicio,
634 1802 667 1854 ut
689 1797 765 1857 liber
788 1803 934 1871 perpetuo
957 1795 1039 1854 siem.
1083 1787 1180 1854 Most.
1203 1787 1228 1865 Ι,
1253 1793 1284 1867 3,
1308 1793 1362 1852 94:

206 1893 283 1967 Quid
306 1899 391 1968 opimi
410 1893 525 1967 speculo
547 1894 610 1952 tibi.
655 1890 709 1970 1V,
739 1899 766 1969 3,
800 1897 831 1957 1:
866 1893 935 1969 quid
957 1896 1044 1966 opum
1064 1889 1180 1950 verbis?
1224 1885 1314 1950 Pers.
1337 1886 1362 1965 l,

207 1994 236 2066 3,
260 1995 292 2054 3:
327 1992 432 2068 quoius
460 1992 531 2050 mihi
558 1992 700 2052 oooiiiosi
727 2010 808 2067 opus.
852 1988 943 2071 Epid.
967 1987 1009 2064 11,
1033 1992 1062 2064 2,
1094 1990 1169 2050 104:
1205 1988 1290 2062 Opus
1318 1994 1364 2048 est

205 2090 333 2151 hominu.
377 2085 472 2153 Poeu.
496 2087 533 2164 V,
562 2092 592 2166 6,
625 2094 676 2153 15:
709 2092 751 2150 Et
777 2090 848 2149 mihi
875 2088 1027 2163 mpplioie
1053 2086 1155 2146 moitis
1189 2083 1259 2160 (int.
1288 2095 1363 2160 opor

205 2189 271 2261 eut).
315 2202 343 2248 V.
374 2187 431 2251 24:
464 2189 535 2265 quid
558 2194 697 2262 praetore
726 2189 830 2261 oprimi?
873 2183 966 2249 Truc.
989 2182 1028 2261 V,
1056 2201 1085 2246 V.
1111 2186 1149 2246 12
1178 2197 1240 2260 sq.:
1275 2189 1364 2259 opust

204 2288 296 2362 liguo,
319 2294 408 2363 opust
429 2287 623 2361 curbouibm3
648 2288 763 2348 Fasciis
780 2304 855 2361 opus
878 2292 934 2360 est,
957 2284 1096 2359 pulvinis,
1120 2284 1214 2355 cuuis,
1238 2283 1363 2342 incune-

204 2385 292 2447 buiis.
336 2383 462 2464 Frugm.
486 2382 640 2449 Frivolur.
669 2402 699 2463 p.
723 2386 796 2459 481,
828 2401 855 2445 v.
886 2387 939 2445 ll:
975 2382 1045 2458 quid
1072 2398 1145 2454 opio
1171 2383 1214 2441 esi
1242 2381 1364 2442 omem?

203 2480 302 2549 Stich.
325 2499 355 2547 V.
379 2485 456 2547 632;
480 2501 557 2544 nuuc
582 2485 798 2546 consiliosum
820 2488 913 2557 opimi.
958 2476 1074 2543 Bacch.
1088 2476 1127 2556 V,
1151 2481 1179 2558 2,
1206 2481 1259 2542 lo:
1282 2481 1364 2542 Hau·

208 2585 272 2643 scio
295 2583 365 2659 quid
387 2601 419 2642 eo
441 2600 514 2654 opus
534 2582 580 2644 sii.
624 2599 653 2644 v.
676 2586 733 2646 45:
769 2582 847 2657 Quid
873 2586 959 2654 opimi
982 2580 1100 2641 oerum?
1143 2575 1241 2642 Mero.
1265 2575 1310 2655 ΙΙ,
1335 2581 1365 2658 3,

204 2684 259 2744 76;
289 2698 357 2740 nuru
382 2681 451 2756 quid
474 2685 536 2740 cosi
556 2681 650 2754 opus?
683 2679 799 2744 Pseud.
823 2678 848 2756 Ι,
873 2685 901 2754 3,
927 2682 1003 2741 115;
1033 2679 1110 2751 Quid
1132 2682 1220 2751 opust
1237 2677 1367 2751 plodio?

202 2776 317 2841 Pseud.
347 2774 389 2852 ΙΙ,
415 2783 446 2855 4,
475 2780 535 2840 45:
568 2779 668 2839 Etiam
695 2779 850 2840 chlumode
876 2782 974 2852 opust,
1008 2777 1169 2836 machaera
1187 2783 1229 2835 et
1250 2781 1366 2851 poium

205 2873 302 2938 Poen.
322 2873 403 2953 proi.
419 2893 447 2939 v.
467 2879 540 2939 113:
563 2878 632 2952 quid
655 2879 752 2938 uerbis
773 2878 880 2951 opust?
917 2873 942 2952 1,
967 2878 996 2952 2,
1019 2876 1075 2937 81;
1100 2873 1177 2947 Quid
1199 2891 1232 2935 eo
1256 2876 1366 2957 opimi?

203 2970 264 3047 ΙΙΙ,
289 2975 317 3052 2,
342 2974 376 3035 2:
412 2975 488 3048 Quid
511 2979 598 3048 opimi
618 2976 738 3036 cerdic?
782 2971 897 3037 Bacch.
922 2971 964 3050 11,
988 2977 1017 3047 2,
1040 2976 1095 3036 41;
1130 2972 1208 3047 quod
1237 2974 1293 3034 deu
1319 2975 1366 3033 in-

204 3077 319 3135 ueniosi
340 3090 422 3147 opum.
466 3089 494 3134 v.
518 3074 574 3135 42:
598 3073 674 3132 Num
697 3075 768 3134 istoc
790 3072 918 3133 fortusse
941 3077 1046 3133 cirrosi
1066 3082 1150 3146 opus.
1194 3067 1246 3133 ΡΙ.
1277 3071 1365 3133 Phii-

203 3174 288 3247 ippeo
318 3171 444 3247 quidem.
489 3188 517 3233 V.
546 3174 602 3233 43:
631 3173 728 3247 Atque
750 3191 782 3233 eo
808 3171 936 3232 fortusse
961 3174 1018 3230 ium
1041 3174 1134 3244 opust.
1179 3166 1297 3233 Bacch.
1321 3166 1364 3247 Π,

205 3273 235 3348 3,
258 3272 299 3333 6:
317 3287 391 3346 opus
407 3277 455 3330 eut
469 3270 576 3330 chroco
593 3271 747 3330 Chrusuio.
770 3286 799 3332 V.
816 3272 871 3333 94:
896 3269 973 3343 Quid
995 3274 1083 3342 opimi
1104 3268 1219 3328 anum?
1243 3265 1363 3331 Bacch

203 3365 264 3447 111,
288 3371 317 3447 3,
340 3371 397 3431 82:
421 3368 498 3442 Quid
519 3373 607 3443 opusc
626 3368 743 3428 uerbis?
776 3365 892 3431 Bacch.
909 3365 934 3444 Ι,
953 3371 980 3444 l,
996 3371 1055 3430 44:
1082 3367 1159 3440 Quid
1181 3375 1214 3426 eu
1230 3367 1271 3426 mi
1288 3384 1365 3441 opum

203 3467 265 3528 eci?
307 3464 374 3529 Mil.
397 3463 456 3543 111,
486 3470 512 3541 1,
542 3469 619 3531 209:
654 3473 818 3542 properato
848 3484 923 3542 opus
951 3474 1006 3528 est.
1052 3463 1110 3543 ΙΙΙ,
1134 3466 1163 3542 3,
1192 3467 1248 3528 4οτ
1285 3464 1363 3538 Quid

200 3566 267 3627 ictio
289 3584 366 3625 nuuc
388 3565 559 3625 memoratis
580 3569 674 3639 opum,
698 3582 772 3639 quae
797 3562 1035 3625 coumemiucrei
1065 3561 1181 3628 Pseud.
1198 3561 1239 3639 ΙΙ,
1256 3567 1288 3640 4,
1304 3565 1362 3626 422

201 3672 248 3726 set
275 3665 403 3739 quinque
431 3663 558 3724 irruentis
584 3680 659 3735 opus
687 3667 730 3723 eci
758 3665 874 3738 urgenti
903 3663 992 3723 minis
1019 3662 1145 3724 moue.
1189 3659 1277 3725 Pers.
1304 3659 1360 3740 1V,

202 3765 231 3835 3,
248 3765 286 3826 61
305 3777 368 3839 sp:
391 3762 442 3822 Nil
465 3764 504 3819 mi
527 3761 743 3834 opimiLitihuu
758 3779 853 3836 neque
870 3762 960 3823 uicis.
1007 3778 1033 3822 V.
1057 3763 1113 3824 63:
1138 3761 1209 3835 quid
1231 3769 1264 3821 eu
1288 3761 1361 3820 mihi

201 3865 290 3936 opum
309 3860 522 3920 mercimonio?
566 3857 716 3923 Murco.
744 3860 1136 3933 106:Quidoeroisop1o
1158 3859 1224 3919 esi?
1266 3855 1361 3937 Epid.

200 3956 226 4036 Ι,
250 3962 279 4035 2,
306 3962 353 4022 10.
387 3956 479 4027 Men.
499 3974 527 4019 V.
550 3960 626 4021 592:
649 3959 719 4020 Plus
742 3961 847 4033 miuus,
872 3977 958 4034 quum
980 3976 1055 4032 opus
1081 3958 1184 4029 fumi
1203 3956 1295 4026 dicio,
1317 3956 1361 4016 di-

199 4074 310 4118 uorum.
334 4073 361 4120 V.
376 4059 453 4120 915:
479 4057 556 4131 Quid
579 4058 633 4116 tibi
655 4058 816 4130 quaesitost
837 4058 931 4131 upum?
954 4052 1067 4135 Amph.
1090 4052 1133 4130 ΙΙ,
1161 4059 1187 4129 Ι,
1209 4057 1267 4117 81:
1292 4073 1361 4115 uum

200 4156 272 4215 mihi
287 4157 366 4215 iiiuc
381 4158 508 4231 primum
524 4155 698 4228 exquisitos!
711 4173 792 4230 opuc.
815 4157 844 4232 2,
864 4157 939 4217 145:
964 4155 1072 4231 edepol
1088 4155 1138 4229 qui
1154 4155 1264 4227 succisi
1278 4170 1360 4230 opum

199 4269 228 4315 V.
254 4255 328 4315 159:
350 4252 430 4328 opos
452 4255 520 4316 mici
540 4253 618 4313 isiuc
642 4254 795 4328 exquisito.
843 4250 898 4330 IV,
923 4256 952 4329 3,
975 4259 1010 4315 4:
1035 4255 1112 4328 Quid
1135 4270 1209 4327 opue
1231 4256 1275 4313 eci
1295 4250 1362 4313 mod

200 4350 341 4411 aduocato
363 4352 427 4410 -V
464 4348 569 4414 Cusiu.
587 4348 629 4429 ΙΙ,
653 4354 683 4429 6,
707 4353 764 4413 66:
786 4352 861 4413 Num
884 4351 957 4413 mihi
979 4352 1076 4412 cicino
1099 4351 1158 4412 hou
1180 4352 1269 4411 etium
1294 4368 1360 4411 coro·
