3125 5075
263 385 323 448 182
699 376 835 431 craneum
864 375 927 419 orn.
942 374 993 417 ιη.

259 563 389 631 adiiciat
421 564 532 644 alteri,
574 568 631 630 ant
656 582 802 631 caussam
831 564 997 629 reiectae
1026 562 1232 643 intempore
1262 560 1422 644 designet

258 662 351 729 Unde
374 680 471 744 saepe
501 660 553 739 fit,
583 667 619 728 nt
646 665 718 725 dum
745 661 864 727 indicet
892 678 961 725 rem
993 680 1055 726 non
1085 660 1207 726 diutins
1228 677 1422 742 permanere

260 764 317 825 aut
340 778 403 824 non
424 759 551 842 longius
572 760 763 842 promoveri.
808 758 878 824 Hac
906 777 983 825 vero
1013 749 1246 840 significatione
1277 776 1317 825 ea
1338 756 1422 823 ratio

259 856 475 936 constituitur,
497 873 579 937 quae
602 858 634 921 in
655 855 894 938 consequntivis
916 853 979 921 fine
1001 863 1035 921 et
1055 855 1186 921 consilio
1207 854 1422 922 constructio·

155 966 158 969 ’
243 963 329 1018 ‘nem
353 954 523 1019 verborum
547 955 743 1021 moderatur.
788 957 893 1035 Atque
915 954 994 1019 haec
1009 954 1243 1020 coniunctivnm
1267 954 1330 1019 sibi
1353 954 1423 1017 vin·

258 1050 396 1117 dicant-‘⁸
440 1050 512 1116 Non
535 1054 698 1133 pertinent
724 1058 832 1117 autem
855 1052 917 1117 huc
939 1070 978 1119 ea
1000 1052 1160 1133 exempla,
1185 1051 1239 1118 uhi
1262 1069 1327 1116 non
1350 1054 1423 1114 dum

258 1148 437 1213 coniunctio
465 1167 562 1215 cansa
588 1151 779 1217 coniunctivi
810 1154 874 1231 est,
902 1149 958 1216 sed
986 1151 1092 1231 potins
1119 1151 1203 1231 quod
1235 1149 1421 1215 enunciatio

257 1263 316 1327 per
338 1250 409 1310 dum
431 1246 516 1312 elata
539 1249 718 1314 enuntiatio
746 1249 937 1314 secundaria
965 1253 1015 1314 est
1037 1248 1185 1319 alterius,
1213 1267 1298 1330 quae
1321 1247 1423 1312 habet

259 1345 509 1426 coniunctium,
543 1346 583 1410 de
618 1363 682 1426 qua
715 1364 751 1410 re
777 1345 851 1411 vide
879 1345 1058 1411 charisium
1088 1346 1131 1427 11,
1160 1364 1189 1427 p.
1215 1352 1293 1411 201:
1322 1345 1422 1425 „dum

258 1441 382 1507 etiamsi
405 1443 488 1508 alius
509 1445 720 1526 praeponitur
746 1461 852 1508 sermo
876 1443 1112 1523 declinationis,
1142 1444 1182 1509 ad
1206 1444 1293 1508 illum
1317 1441 1422 1508 reior-

260 1544 375 1618 matur,
400 1544 436 1604 nt
457 1540 610 1622 Petehas,
635 1547 685 1621 ut,
716 1542 790 1606 dum
813 1542 949 1621 venires,
971 1540 1125 1607 lacerem:
1149 1542 1194 1608 sic
1216 1558 1348 1622 quoque
1370 1559 1422 1606 re-

259 1636 336 1715 cipit
370 1638 602 1705 subiunctiva.“
641 1638 708 1723 [Sic
739 1639 844 1704 Plaut.
881 1638 994 1704 Bacch.
1029 1657 1056 1701 v.
1085 1646 1179 1705 1193:
1214 1643 1282 1701 dnm
1312 1631 1420 1716 vivas}

259 1732 362 1798 Plaut.
387 1736 474 1801 Asin.
499 1737 536 1813 V,
560 1744 588 1818 2,
612 1743 666 1802 85:
690 1742 754 1800 Non
779 1740 851 1799 licet
873 1758 995 1799 manere
1018 1771 1054 1781 -
1082 1741 1153 1799 dum
1180 1756 1279 1801 cenea
1310 1735 1421 1799 modo?

257 1830 385 1896 Terent.
410 1834 491 1898 Eun.
514 1834 568 1912 lV,
592 1840 625 1912 6,
649 1842 682 1900 4;
715 1840 814 1911 Usque
836 1839 908 1896 odeo
936 1856 990 1911 ego
1021 1841 1100 1898 illins
1124 1838 1203 1897 lerre
1227 1855 1350 1911 possum
1376 1840 1419 1895 in·

258 1932 370 2006 aptium
395 1938 427 1992 ot
448 1936 604 2009 magnifica
627 1938 726 2008 verba,
752 1937 852 1996 Verba
874 1936 944 1994 dcem
965 1937 1033 1997 aiot.

344 2028 373 2102 c)
397 2026 633 2109 Significatione
663 2034 866 2106 usquedum,
901 2028 933 2109 lo
963 2033 1053 2114 lonqo
1087 2027 1137 2093 bis
1160 2024 1229 2103 boh.
1277 2028 1359 2093 Cato
1384 2030 1419 2093 R.

257 2121 294 2187 R.
319 2144 343 2189 c.
368 2131 424 2191 95:
448 2130 508 2205 igni
532 2133 591 2191 leni
615 2134 799 2207 coquito-
821 2148 911 2204 usque
930 2131 1004 2189 odeo
1026 2130 1096 2190 dum
1119 2131 1173 2201 fiat
1195 2135 1253 2189 tam
1272 2147 1418 2205 crassum,

256 2239 343 2297 qnam
375 2229 443 2288 mel.
489 2224 523 2290 (l.
551 2230 625 2292 103:
654 2230 721 2289 dnm
750 2238 956 2291 consuescant.
1002 2224 1136 2291 0107:
1167 2244 1259 2300 usque
1287 2232 1418 2302 coquito,

256 2322 328 2382 dum
350 2325 501 2386 dimidium
523 2344 676 2400 excoquas.
722 2324 756 2388 C·
782 2329 859 2390 156:
886 2329 1040 2402 paulisper
1068 2327 1219 2386 demittite
1248 2342 1344 2397 osque
1368 2321 1419 2381 od

256 2418 377 2512 modum
404 2423 475 2483 dum
503 2426 660 2501 quinquies
692 2425 822 2500 quinque
848 2442 994 2484 mammes.
1041 2420 1075 2486 C.
1109 2428 1184 2486 160:
1219 2441 1314 2499 usqne
1350 2423 1417 2480 dnm

258 2530 374 2583 coeant.
401 2518 480 2585 Cato
497 2538 535 2584 ex
551 2519 603 2585 lib.
623 2519 659 2583 V.
675 2521 776 2602 origg.
801 2526 834 2585 et
856 2521 984 2601 quidem
1007 2541 1046 2585 ex
1069 2528 1149 2585 orat.
1174 2539 1232 2601 pro
1254 2517 1417 2583 Rhodien-

257 2614 360 2680 sibus:
386 2622 450 2693 Quo
472 2625 583 2682 maiore
606 2639 696 2696 opere
713 2624 779 2681 dico
797 2624 976 2697 suadeoque,
1000 2625 1042 2681 uti
1060 2625 1133 2682 haec
1156 2641 1205 2680 res
1221 2623 1338 2695 aliquot
1355 2620 1415 2677 dies

254 2715 442 2793 proteratur,
466 2720 537 2779 dmm
560 2737 596 2779 ex
619 2728 702 2780 tanto
725 2722 832 2795 gaudio
855 2723 884 2779 in
900 2728 1079 2796 potestatem
1095 2729 1226 2780 nostram
1249 2718 1414 2776 redeamus.

257 2808 362 2875 Plaut.
385 2814 499 2895 Amph.
525 2815 567 2893 II,
590 2820 618 2894 2,
642 2822 691 2880 65.
720 2817 807 2880 Asin.
831 2815 874 2890 Il,
897 2824 926 2894 4,
951 2821 1007 2880 23:
1031 2820 1099 2878 dum
1123 2819 1284 2892 reperiam,
1309 2811 1359 2876 bid
1376 2810 1415 2889 id)

255 2903 359 2984 ideoq
384 2927 435 2973 um
458 2910 618 2994 jactantes
641 2930 677 2995 pa
700 2911 813 2994 poteo.
857 2912 972 2979 Bacch.
995 2913 1020 2992 Ι,
1046 2920 1073 2989 l,
1099 2919 1151 2977 14:
1176 2918 1204 2975 ls
1228 2914 1416 2973 damcemm

256 3006 364 3070 sedens
393 3013 432 3072 ibi
463 3016 658 3088 opperibitnr.
705 3012 761 3093 IV,
794 3020 827 3091 9,
852 3017 888 3077 8:
918 3016 1004 3074 Nunc
1038 3015 1095 3073 huo
1123 3016 1297 3088 priusquam
1326 3029 1415 3072 senex

254 3106 345 3181 venit,
370 3110 452 3171 lubet
472 3114 647 3188 lamentari,
676 3113 746 3174 dum
768 3119 861 3174 creat.
905 3110 1022 3176 Pseud.
1045 3109 1105 3188 IV,
1130 3114 1158 3186 7,
1189 3112 1267 3173 136:
1304 3127 1341 3169 ne
1366 3127 1415 3168 ex·

254 3206 393 3279 pectetis,
418 3208 488 3268 dcem
511 3213 567 3271 hac
591 3213 707 3272 domum
730 3213 848 3273 redeam
871 3214 927 3272 via.
957 3208 1052 3272 Pocn.
1077 3207 1136 3286 ΙΙΙ,
1161 3211 1189 3277 5.
1213 3211 1270 3270 41:
1297 3209 1414 3281 Quaeso

255 3300 374 3377 hercle,
399 3324 520 3380 operam
544 3309 628 3383 dote,
655 3311 738 3371 Dum
761 3329 806 3370 me
830 3311 956 3370 videatis
979 3327 1092 3369 servom
1114 3310 1153 3368 ab
1176 3309 1233 3367 hoc
1256 3307 1414 3366 abducere.

255 3393 292 3475 V,
317 3402 345 3475 2,
370 3405 444 3465 107:
469 3407 554 3466 Nunc
577 3410 656 3469 intro
679 3411 744 3469 ibo:
776 3409 847 3468 dum
869 3426 938 3468 erus
961 3407 1101 3466 adueniat
1123 3424 1140 3465 a
1162 3404 1245 3476 foro,
1274 3403 1414 3476 opperior

254 3494 343 3556 domi.
390 3498 471 3564 hod.
495 3500 537 3580 11,
562 3508 590 3581 2,
616 3509 674 3568 22:
698 3509 784 3567 Nunc
808 3507 878 3581 quid
901 3507 972 3565 mihi
996 3507 1129 3578 meliust,
1161 3520 1248 3578 qnam
1272 3504 1343 3562 ilico
1367 3501 1414 3558 hie

256 3589 315 3667 [nt]
339 3612 422 3657 erum
446 3604 587 3675 opperiar
609 3605 680 3664 dam
702 3605 826 3666 veniat?
871 3602 953 3665 Rud.
978 3620 1005 3664 v.
1029 3605 1108 3665 922:
1137 3604 1204 3662 Non
1227 3601 1307 3659 enim
1332 3601 1414 3658 illurn

254 3702 415 3765 expectare
439 3708 567 3775 oportet,
590 3703 661 3762 dum
684 3722 753 3763 erus
777 3721 809 3764 se
832 3704 951 3764 suscitet
978 3702 1014 3761 ad
1038 3719 1121 3762 snum
1145 3699 1284 3758 officinm.
1330 3693 1413 3756 Trin.

256 3802 283 3846 v.
310 3792 386 3852 170:
418 3801 588 3870 opservavit
617 3801 687 3862 dom
713 3802 888 3860 dormitaret
915 3819 1016 3860 canes.
1062 3797 1156 3861 Truc.
1180 3794 1205 3874 I,
1233 3800 1259 3872 l,
1285 3795 1415 3858 2:01am

254 3884 285 3944 id
306 3892 466 3960 uerdrsmr.
512 3893 561 3975 ll,
586 3899 619 3974 6,
647 3903 678 3960 1:
707 3901 751 3959 Ne
780 3901 962 3974 expectetis,
993 3905 1198 3973 spectatores,
1229 3912 1313 3954 meas
1344 3893 1414 3953 dum

253 4001 368 4060 pugnas
385 3993 566 4062 praedicem.
615 3995 667 4072 lV,
692 4001 720 4074 2,
745 4000 780 4059 5:
812 4000 868 4057 iste
898 3998 970 4056 dum
993 4000 1035 4058 sic
1064 3996 1160 4068 sociat
1182 3995 1299 4052 domum
1324 3992 1362 4051 ad
1385 3997 1414 4048 tc

254 4097 425 4161 ⁶¹²8088m·
474 4094 503 4169 3,
527 4095 584 4156 69:
612 4097 688 4155 Nam
716 4097 794 4155 hand
824 4098 973 4169 mansisti,
1011 4096 1081 4155 dom
1110 4112 1164 4168 ego
1190 4092 1294 4150 dorem
1323 4091 1412 4149 illam.

255 4173 385 4246 Terent.
402 4187 499 4255 Andr.
518 4188 554 4267 V,
571 4194 599 4268 6,
620 4198 672 4256 13:
696 4198 846 4268 longnmst
869 4196 951 4253 illam
975 4212 1021 4253 me
1039 4198 1209 4267 expectare,
1232 4190 1304 4248 dum
1320 4190 1412 4249 wool.

253 4271 335 4341 Eun.
359 4279 418 4364 111,
443 4293 471 4366 3,
496 4291 550 4353 29:
578 4294 619 4351 At
645 4300 677 4351 tu
705 4293 784 4368 apud
812 4311 864 4354 nos
888 4294 936 4351 hic
964 4308 1068 4369 mane,
1097 4292 1181 4352 Dum
1206 4289 1312 4348 redcat
1339 4288 1411 4363 ipsa

253 4368 371 4442 Heaut.
394 4381 453 4464 Ill,
478 4391 507 4464 2,
531 4390 589 4452 32:
611 4391 653 4451 Et
675 4408 753 4452 nnnc
776 4391 847 4467 qnid
865 4397 1011 4467 expectat
1026 4391 1093 4450 —l
1116 4408 1154 4450 an
1176 4390 1248 4450 dam
1269 4387 1340 4448 hinc
1362 4385 1412 4444 de·
