3125 5075
520 363 609 402 crioil&
624 363 894 402 stusTAx't‘lvuttuil.
912 384 931 391 —
952 363 1082 402 [militis.
1310 376 1372 430 297

200 549 230 596 s.
252 531 399 612 quietern
422 533 580 617 inveniat,
599 536 646 604 ita
667 541 777 601 tamen
799 542 836 600 ut
857 534 936 601 illud
963 536 1145 602 incursum
1170 536 1240 600 uiae
1262 553 1372 612 proce·

201 629 340 696 omrem
358 647 426 696 non
449 633 599 714 recipiat,
621 652 685 714 quo
707 634 812 698 oritur
833 638 937 698 status
959 651 1054 714 quem
1077 632 1220 715 generali
1242 633 1372 698 notione

198 730 446 804 propinquitatis
472 729 688 812 designamus.
738 730 853 796 Omnia
890 730 989 797 verba
1024 729 1211 811 etreliqua
1244 731 1372 810 proedi-

206 833 299 902 eam,
328 841 414 906 qnae
441 825 526 892 hanc
548 829 729 910 generalem
752 829 915 893 notionem
938 827 1071 907 habent,
1094 828 1268 893 admittunt
1289 827 1372 892 dati·

209 939 283 988 rum
307 923 439 1004 obiecti,
474 924 508 990 in
530 942 595 1006 quo
615 928 699 992 actio
728 944 861 991 movens
889 923 985 990 finem
1007 926 1156 991 inveniat.
1202 926 1293 999 Quod
1316 926 1371 991 ob-

211 1019 334 1084 iectum
357 1037 431 1086 cnm
452 1021 641 1104 plerumque
663 1022 752 1088 locus
774 1023 827 1102 sit,
858 1023 908 1088 cui
933 1023 1111 1088 subiectum
1134 1024 1371 1103 appropinquat

213 1123 266 1182 aut
292 1117 511 1200 propinquum
538 1128 606 1198 est,
642 1123 779 1203 primum
814 1120 993 1185 nobishoc
1028 1122 1060 1185 in
1088 1138 1205 1202 genere
1232 1123 1368 1200 apparet

214 1213 339 1281 merus
362 1213 510 1295 ellectum
546 1219 596 1282 sin
618 1225 808 1298 spectantur
829 1219 971 1283 rationes
994 1218 1092 1299 spatii
1113 1235 1195 1297 quae
1218 1218 1248 1281 ei
1269 1218 1368 1281 inter·

218 1313 332 1378 cadunt
358 1331 434 1380 cum
463 1314 535 1381 aliis
555 1315 667 1394 rebus,
696 1316 842 1397 inprimis
862 1315 994 1394 talibus,
1033 1331 1115 1395 quae
1143 1333 1299 1396 personae
1325 1314 1368 1378 si·

219 1407 449 1490 suificationem
471 1411 605 1492 habent,
629 1414 757 1479 dativus
780 1415 877 1479 etiam
908 1432 979 1479 esse
1009 1418 1117 1494 potest
1137 1430 1294 1493 personae
1316 1411 1368 1476 cui

222 1509 355 1578 dodim
379 1516 441 1576 est
483 1509 581 1576 Notio
609 1512 885 1592 appropinquandi
921 1511 1031 1592 augeri
1059 1517 1165 1591 potest
1202 1508 1368 1591 usquead

221 1606 496 1688 summationem,
532 1614 712 1689 quactum
747 1616 800 1674 est
831 1607 964 1675 effectus
1000 1609 1134 1674 actionis
1157 1608 1369 1689 separationis

222 1711 343 1786 rutum,
367 1706 423 1786 qui
445 1714 542 1772 antea
564 1705 634 1780 luit
657 1707 775 1772 sensim
799 1705 940 1772 tollentis
963 1712 996 1772 et
1018 1707 1176 1772 obiectum
1200 1706 1298 1769 dativi
1313 1706 1369 1770 ud·

223 1802 328 1868 aucit.
375 1803 477 1869 Porro
499 1803 685 1885 saepissime
709 1804 799 1882 situs,
823 1823 917 1885 quern
940 1804 1117 1870 subiectum
1141 1803 1235 1868 habet
1261 1804 1292 1866 iu
1308 1802 1367 1866 hac

224 1899 451 1981 propinquitate
474 1901 526 1966 vel
541 1901 774 1967 consociatione
798 1906 1015 1983 comparatum
1040 1919 1112 1966 cum
1135 1901 1261 1966 obiecto
1278 1907 1369 1965 extra

175 2077 177 2092 Ι
222 2003 322 2078 mallo,
347 1999 456 2065 verbis
478 2017 550 2065 cum
566 1999 858 2080 praepositionibus
881 1999 1087 2064 directionem
1103 1999 1362 2080 exprimentibus,

175 2107 179 2176 ᾗ
223 2095 296 2160 relut
318 2098 372 2175 ad,
392 2099 437 2166 ia,
457 2101 546 2178 taor,
567 2101 631 2175 suo,
657 2115 755 2172 saper,
782 2096 855 2162 aliis
879 2096 1062 2177 compositis
1084 2098 1264 2162 accuratius
1287 2095 1365 2161 deli-

175 2181 185 2300 ἶ
222 2192 306 2272 duur,
329 2192 417 2260 unde
439 2193 477 2259 fit
499 2202 537 2258 ut
557 2193 635 2258 talia
655 2194 755 2259 verba
774 2212 844 2259 enm
868 2194 976 2258 dativo
998 2194 1243 2273 coniungantur.
1272 2192 1365 2258 Corn·

175 2303 179 2350 r
223 2290 435 2356 temerandae
456 2293 553 2357 ctiam
576 2298 653 2357 sunt
674 2291 854 2372 permultae
890 2287 1136 2371 significationes
1174 2291 1234 2355 loci
1265 2298 1367 2354 meta·

175 2377 178 2446 ἷ
224 2385 375 2466 ctoritate,
408 2407 493 2468 quae
521 2389 692 2471 praecipue
730 2391 761 2453 in
789 2390 838 2454 his
866 2388 987 2466 verbis,
1021 2387 1077 2452 sed
1108 2388 1205 2452 etiarn
1233 2388 1264 2451 in
1294 2387 1367 2452 aliis

175 2495 178 2549 ζ
227 2483 426 2553 inveniuntur.
451 2519 489 2532 -
514 2487 664 2568 Tempori
691 2487 887 2567 designando
914 2487 1041 2552 dativus
1063 2487 1166 2551 minus
1187 2493 1283 2565 aptus
1307 2489 1366 2564 est,

175 2626 177 2631 -
226 2598 402 2665 quamquam
430 2586 564 2667 cogitari
589 2592 707 2667 potest
753 2584 845 2662 Quod
866 2586 1004 2665 denique
1036 2586 1077 2651 ad
1099 2582 1367 2665 comparationem

175 2700 183 2759 t
229 2683 443 2763 magnitudinis
464 2683 589 2761 attinet,
612 2682 674 2749 huc
696 2688 823 2763 spectat
843 2683 970 2748 dativus
986 2684 1173 2748 coniunctus
1188 2699 1260 2745 cum
1275 2698 1367 2762 prae·

175 2766 182 2825 l
228 2776 333 2860 datis,
355 2780 390 2847 in
412 2797 549 2861 quorum
571 2780 802 2863 significatione
824 2780 999 2847 similitudo
1019 2793 1053 2845 et
1074 2780 1253 2861 aequalitas
1273 2779 1367 2857 inest,

229 2890 294 2953 quae
313 2884 467 2945 accurate
489 2879 682 2959 praedicatis
707 2879 807 2959 spatii
834 2884 867 2944 et
889 2878 1132 2945 consociationis
1163 2876 1366 2958 respondent,

230 2970 263 3037 ita
285 2982 321 3041 ut
342 2977 540 3043 constructio
576 2978 676 3043 dativi
703 2979 839 3043 eandem
877 2995 1006 3042 causam
1043 2975 1161 3041 habeat
1189 2977 1366 3054 eodemque

230 3066 418 3139 laudamento
446 3074 576 3141 nitatur.
620 3076 660 3141 In
688 3075 798 3141 dativo
828 3077 1076 3153 sumptuosam,
1100 3082 1259 3153 erimperto,
1284 3079 1366 3149 post·

231 3168 317 3243 lolam
336 3170 495 3239 similibus
519 3174 687 3240 coniuncto
702 3172 795 3239 facile
819 3172 1008 3253 metaphora
1032 3190 1052 3235 a
1073 3172 1177 3252 spatio
1198 3171 1300 3251 petita
1315 3187 1366 3234 co·

232 3270 322 3343 emaci
341 3275 462 3352 potest.

579 3452 602 3507 1.
637 3452 783 3509 Datirus
808 3452 1001 3523 qualitatis.

175 3590 178 3631 t
297 3566 346 3625 60.
390 3580 420 3627 a
454 3564 588 3625 Dolicae
608 3568 734 3638 effectis.
780 3562 861 3629 Cato
884 3564 922 3629 tt
945 3564 982 3628 It.
1006 3581 1032 3627 c.
1057 3570 1090 3628 5:
1113 3564 1247 3625 Scabiem
1266 3563 1368 3636 pecori

175 3638 179 3753 Ι
235 3664 256 3717 rt
274 3662 408 3723 amru
439 3666 548 3723 coacto
599 3659 745 3726 Pertinet
776 3660 838 3726 huc
872 3663 969 3726 etiam
1001 3660 1118 3727 locutio
1152 3678 1252 3723 cavere
1288 3659 1367 3718 nram

175 3764 179 3880 ἰ
236 3768 297 3915 giga
306 3758 486 3921 ,11]νὲοηίῗὲ
500 3758 625 3838 aliquot
638 3756 726 3919 ilci?
746 3758 918 3922 Ρίζιιέἰιῖἰε,
932 3776 1137 3923 squatmqutam
1165 3756 1312 3920 {liuddligm
1334 3773 1364 3918 lp

175 3890 179 3939 t
304 3874 336 3920 m
486 3873 757 3937 oproaarvo
802 3875 886 3922 ae.
955 3875 1143 3923 unauem
1190 3875 1207 3919 ι.
1279 3873 1364 3919 acc.

175 3950 180 4043 t
235 3942 253 4021 Ι,
268 3954 292 4029 t,
311 3958 366 4019 ae:
391 3958 521 4033 omitte,
543 3958 640 4033 cuae,
662 3974 698 4017 aa
720 3975 791 4018 aare
811 3958 899 4018 maro.
934 3955 1031 4022 LUD.
1067 3958 1153 4033 Quid,
1177 3973 1245 4016 aava
1267 3954 1366 4013 maror

175 4056 178 4141 l
237 4040 302 4115 Pera
322 4050 380 4132 111,
408 4058 433 4131 l,
456 4058 516 4117 41:
538 4056 625 4117 Moto
647 4072 750 4115 moero
771 4058 890 4117 meliust
914 4063 953 4117 te.
990 4052 1079 4117 Pers.
1102 4052 1139 4130 V,
1164 4056 1193 4131 2,
1218 4058 1272 4116 54:
1296 4068 1367 4114 cave

236 4145 354 4211 sissinio
374 4168 456 4229 ergo.
500 4150 582 4215 Rud.
615 4149 671 4229 IV,
690 4158 720 4230 4,
743 4156 801 4216 45:
847 4154 925 4215 Cave
948 4156 1034 4213 malo.
1080 4148 1366 4229 Men.11,1,24:

175 4234 177 4269 ²
237 4237 363 4311 iistarm
384 4252 471 4313 molo.
516 4247 644 4314 Terent
671 4249 752 4313 Eun.
774 4249 829 4328 lv,
854 4256 883 4330 7,
910 4254 961 4314 12:
1006 4252 1089 4326 ipsus
1110 4251 1168 4311 sibi
1189 4249 1269 4310 cavit
1289 4250 1364 4310 loco.

175 4342 177 4347 ’
236 4330 316 4409 Puta
348 4344 463 4411 Bacch.
496 4344 691 4425 111‚o‚as:
736 4352 908 4425 Occupares
936 4358 999 4409 tute
1028 4345 1119 4424 [ipse]
1148 4364 1248 4407 amare
1272 4353 1303 4408 ot
1324 4344 1366 4404 mi
