3125 5075
286 390 330 454 90
720 382 847 425 mult.
874 381 939 423 GAP.
954 380 992 422 11.

287 576 363 638 ntro
384 575 530 652 tempore
552 588 612 651 per
633 587 668 636 se
691 576 846 652 spectato,
870 577 967 653 prout
986 569 1082 634 huius
1106 573 1165 632 aut
1185 565 1276 631 illius
1299 566 1390 631 notio
1410 566 1445 634 ct

286 670 487 735 ”sententiam
510 668 677 750 praevalet
698 674 732 736 et
753 670 920 751 potissima
941 674 1000 734 eat
1034 666 1180 745 Denique
1201 664 1389 734 addendum
1403 672 1447 730 est

287 765 512 848 imperfectum
546 771 581 831 et
610 765 959 849 plusquamperfectum
993 764 1186 832 coniunctim
1220 777 1445 842 nonnunquam

288 867 401 930 eontm
423 864 552 945 regulas
574 865 807 930 consecutionis
828 870 1009 946 temporum
1031 862 1136 944 posita
1157 860 1276 940 vitlem,
1301 860 1361 925 sed
1384 864 1445 924 tum

287 967 367 1028 sunt
395 961 635 1042 conditionalia,
665 979 802 1043 quorum
831 961 933 1028 torma
954 959 1078 1028 stabilis
1105 964 1204 1040 atque
1224 963 1381 1025 constans
1402 964 1446 1022 eet

285 1076 395 1139 neque
424 1075 558 1139 usquam
586 1064 739 1124 mutetur.
784 1058 983 1139 Quamquam
1010 1057 1123 1141 negati
1149 1074 1213 1124 noa
1243 1062 1372 1137 potest,
1405 1056 1446 1124 io·

287 1156 401 1239 primis
432 1157 518 1237 apud
544 1158 667 1238 priscos
690 1158 866 1238 scriptores
891 1156 976 1223 haud
998 1174 1118 1239 paucos
1139 1156 1276 1220 inveniri
1300 1154 1392 1219 lacos
1410 1153 1445 1218 ab

288 1255 436 1321 omnibus
462 1254 598 1335 regulis,
625 1271 707 1336 quae
729 1261 839 1320 entant
868 1256 908 1320 de
931 1255 1157 1321 consecutione
1177 1260 1375 1334 temporum,
1398 1252 1446 1317 (le

286 1352 454 1432 elinantes,
483 1353 538 1433 qui
569 1371 665 1436 saepe
692 1352 851 1420 difficilem
874 1353 994 1420 habent
1015 1352 1268 1434 explicationem.
1315 1350 1356 1416 ln
1377 1348 1445 1415 atie

289 1450 399 1515 iendis
420 1449 501 1515 loeis
522 1451 714 1532 scriptorum
738 1452 894 1533 optimum
917 1451 978 1518 erit
1001 1452 1081 1517 duce
1097 1450 1238 1530 Elelero,
1261 1450 1319 1532 qui
1333 1449 1377 1514 ‹le
1392 1446 1444 1512 hac

288 1566 326 1613 ne
359 1547 427 1629 agit
452 1548 485 1613 in
512 1549 594 1614 libro
618 1547 945 1633 &ttamettttctunqen
969 1570 999 1631 p.
1025 1554 1208 1618 leem-191,
1240 1547 1373 1630 singnma
1397 1565 1444 1628 ge

286 1661 370 1710 nere
391 1646 648 1712 enunciationum
669 1648 915 1727 compositurnm
938 1648 1137 1726 discernere,
1167 1661 1364 1727 quamquam
1388 1663 1444 1709 non

290 1745 413 1826 peterit
435 1744 530 1808 vitari
552 1744 584 1808 in
607 1747 766 1810 nonnullis
788 1746 867 1811 locis
889 1741 1053 1827 complura
1075 1762 1193 1826 genera
1207 1745 1444 1824 coniunctasp

292 1859 416 1925 parere.
467 1840 626 1909 Praesens
659 1849 766 1909 autem
801 1844 985 1909 historicum
1020 1844 1131 1908 ultimo
1165 1842 1235 1908 loco
1273 1843 1443 1923 separatim

288 1940 450 2006 tractabo.

379 2056 408 2103 a.
441 2042 675 2103 moneatque
707 2044 865 2103 obiectivce
891 2043 1050 2117 pendentes
1082 2060 1097 2103 e
1124 2043 1222 2102 verbis
1247 2041 1444 2104 maeatis

291 2138 417 2212 dicendi,
446 2157 524 2213 quoe
549 2141 677 2213 formam
705 2142 815 2201 tabent
840 2142 1080 2214 interropotionis
1101 2141 1243 2212 obliquae.
1290 2135 1328 2201 In
1351 2153 1443 2201 enum

286 2233 431 2299 elatione
453 2236 605 2317 primaria
627 2244 679 2302 est
701 2255 862 2318 praesens,
885 2237 917 2301 in
942 2236 1131 2301 secundaria
1155 2232 1234 2315 peti.
1258 2234 1340 2299 coni.
1367 2232 1439 2299 Ceto

290 2329 328 2395 R
351 2330 389 2394 R.
418 2331 533 2413 praet:
568 2337 685 2410 Quanto
713 2342 845 2413 peiorem
877 2340 970 2397 civem
999 2336 1199 2397 existimarint
1226 2334 1443 2395 foeneratorem

291 2450 379 2507 quam
411 2432 522 2508 iurem,
554 2434 625 2495 hinc
659 2436 726 2496 ticet
758 2439 940 2497 existimare.
986 2432 1089 2496 Plaut.
1117 2431 1213 2495 Poen.
1241 2428 1280 2508 V,
1311 2441 1343 2509 4,
1372 2434 1441 2495 108:

290 2527 383 2592 lecito
416 2532 446 2590 in
479 2534 649 2593 memoriam
685 2535 794 2595 tubeae
821 2567 862 2576 —
891 2534 969 2594 dotis
997 2534 1067 2608 quid
1092 2533 1272 2606 promiseris.
1321 2528 1441 2595 Terent

291 2624 374 2690 Eun.
397 2625 453 2706 IV,
469 2634 499 2705 4,
517 2632 570 2692 23:
598 2633 644 2691 Eo
666 2633 780 2705 redtpes
801 2651 858 2707 me,
881 2638 915 2691 ut
937 2632 1006 2706 quid
1028 2632 1136 2705 merim
1157 2636 1276 2705 egomet
1297 2631 1442 2691 meana

290 2723 524 2789 (tonditionalia
546 2735 724 2806 sequuntur
748 2745 899 2809 praesens
921 2727 952 2790 in
975 2727 1024 2791 his
1047 2727 1171 2791 duobus
1193 2726 1289 2790 loeis:
1319 2726 1440 2791 Terent

292 2821 374 2886 Eun.
398 2822 425 2899 Ι,
449 2827 478 2901 5,
502 2826 556 2887 23:
580 2828 651 2901 quid
673 2827 810 2899 facerem,
833 2829 925 2902 siquis
948 2845 994 2886 me
1019 2831 1099 2901 repet
1121 2831 1153 2890 et
1168 2824 1272 2888 Ptant.
1290 2823 1377 2889 Trita
1392 2824 1440 2901 IV,

291 2922 321 2996 2,
348 2924 423 2983 150:
453 2923 493 2982 Di
515 2940 561 2982 me
584 2927 713 2999 perdant
736 2929 760 2986 si
783 2934 813 2986 te
836 2925 921 2986 flocci
944 2925 1023 2997 facio
1045 2942 1082 2985 an
1103 2927 1240 3000 periisses
1261 2927 1357 2999 priua
1386 2922 1441 2986 Im·

290 3015 437 3097 perlecta
467 3019 660 3083 concordant
690 3021 773 3085 inter
802 3040 838 3086 se
867 3023 900 3085 in
930 3022 979 3086 llis
1005 3021 1097 3085 locis:
1131 3021 1225 3083 Ennii
1247 3020 1354 3085 annal.
1377 3018 1439 3097 ll,

291 3132 321 3177 v.
354 3119 412 3192 ἃδε
449 3119 609 3180 Certabant
637 3123 737 3181 urbem
768 3124 890 3182 Romam
921 3123 1117 3182 Remoramne
1149 3125 1297 3182 vocarent.
1344 3117 1439 3182 Plaut

291 3212 408 3278 Bacch.
431 3213 487 3291 lv,
511 3223 542 3296 4,
566 3222 622 3281 25:
655 3224 702 3281 An
729 3221 893 3295 nesciebas,
927 3238 1013 3294 quam
1043 3221 1107 3280 eius
1129 3220 1207 3279 modi
1235 3220 1350 3279 homini
1379 3235 1441 3278 mro

289 3321 408 3389 tempus
439 3332 472 3375 ce
499 3317 620 3395 doreti,
650 3334 730 3396 quae
754 3316 854 3380 verba
878 3333 950 3379 cum
973 3315 1086 3379 Douza
1109 3315 1154 3380 sic
1176 3314 1332 3379 struenda
1355 3320 1438 3378 sunt:

290 3429 377 3487 quem
401 3431 470 3474 raro
494 3417 639 3479 eiusmodi
662 3425 778 3491 tempus
802 3433 834 3475 ee
857 3416 953 3475 daret,
984 3412 1101 3477 Contra
1116 3412 1261 3494 regulam
1278 3410 1439 3493 vulgarem

290 3512 355 3588 est,
379 3508 407 3572 si
429 3509 649 3589 imperfectum
673 3510 817 3592 sequitur
840 3527 993 3590 praesens
1020 3518 1076 3575 aut
1098 3510 1273 3591 perfeetum
1298 3511 1439 3575 coniune·

287 3605 356 3671 tivi.
401 3605 455 3671 Sic
478 3607 550 3672 Aul.
573 3608 633 3686 ΙΙΙ,
656 3614 685 3681 6,
712 3615 764 3673 14:
795 3612 864 3671 Plus
888 3629 956 3684 epo.
988 3621 1020 3670 ut
1047 3619 1077 3670 te
1100 3628 1231 3671 aconem
1254 3606 1319 3688 (Ap
1344 3628 1437 3673 aecus·

289 3708 367 3780 sen)
394 3709 513 3780 merito,
545 3709 724 3781 meditobar,
759 3706 813 3770 ubi
843 3724 995 3785 praesens
1025 3708 1162 3785 positum
1194 3712 1261 3784 est,
1297 3707 1437 3785 quonian

289 3802 375 3865 ectio
403 3804 571 3868 accusandi
598 3804 737 3869 nondum
766 3806 955 3884 praeterita,
989 3804 1044 3868 sed
1072 3803 1175 3873 adhuc
1199 3805 1229 3867 in
1252 3802 1366 3869 futuro
1388 3809 1437 3869 est

289 3897 444 3965 Similiter
466 3901 641 3982 perfectum
664 3902 758 3966 Ennii
780 3901 883 3966 annal.
906 3901 927 3966 l.
952 3902 977 3981 I,
1002 3922 1030 3965 v.
1055 3908 1110 3968 90:

460 4003 509 4062 Sic
533 4004 711 4078 expectabat
733 4006 861 4080 populus
884 4012 972 4077 atque
997 4021 1050 4062 ora
1072 4004 1194 4070 mcccc

460 4101 570 4172 Rebus,
595 4102 655 4161 utri
677 4102 775 4175 magni
798 4103 923 4161 victoria
945 4102 985 4160 sit
1005 4101 1077 4159 dcto
1099 4103 1192 4175 regni,

287 4195 345 4260 obi
378 4195 527 4277 neglecta
560 4196 778 4262 convenientia
811 4204 991 4273 temporum
1022 4200 1062 4259 ait
1089 4196 1269 4276 praesentis
1301 4194 1438 4262 historici

285 4293 389 4360 instar
412 4299 469 4360 est
514 4293 694 4360 Perfectum
717 4295 862 4377 sequitur
883 4293 1103 4374 imperfectum
1127 4293 1321 4360 coniunctivi
1344 4296 1375 4360 in
1396 4294 1438 4358 lm

286 4391 374 4457 loeis.
417 4392 521 4459 Plaut.
545 4391 617 4458 aul
640 4393 720 4473 prol.
743 4411 773 4472 u,
800 4398 854 4459 17:
878 4396 971 4468 coepi
994 4396 1168 4464 observare,
1191 4399 1280 4471 ecqui
1302 4399 1436 4456 maiorm
