3125 5075
212 344 276 406 306
632 341 787 383 susarsnr.
808 342 871 384 car.
884 342 925 384 m.

212 513 327 575 homini
349 515 423 577 dura
444 517 500 578 hoc
522 517 641 596 [magia]
657 520 784 580 servitus
806 525 854 579 eat
867 544 911 565 =
925 514 1061 580 servitus
1083 530 1178 594 quam
1201 514 1273 594 quis
1296 532 1365 579 ser·

211 609 257 675 vit
280 609 440 690 opulento.
485 613 599 694 Amph.
623 614 682 695 III,
705 620 735 696 2,
758 618 815 679 28:
848 618 892 677 uti
913 632 960 676 me
982 632 1141 690 purgarem
1164 616 1228 676 tibi.
1274 612 1364 678 Asin

210 706 266 788 IV,
290 713 319 788 2,
342 717 376 774 4:
408 714 497 772 ltxort'
519 731 659 777 excusrea
689 724 718 776 te
745 715 801 791 (=
830 710 916 793 apud
937 711 1013 787 ux.)-
1058 709 1155 775 Stich.
1178 708 1221 789 11,
1250 714 1281 791 2,
1306 716 1364 775 71:

209 810 277 870 iube
301 809 425 872 famulos
447 829 510 872 rem
537 813 664 875 divinam
690 816 732 873 mi
761 812 915 887 adparent.
959 809 1046 875 Pers.
1073 806 1112 887 V,
1138 812 1165 888 1,
1188 813 1245 872 2οε
1279 812 1363 872 Bene

209 908 295 981 mihi,
325 909 401 969 bene
423 926 506 971 meae
528 911 651 973 amicae.
694 909 783 974 Pers.
806 927 834 971 v.
859 911 933 971 776:
966 912 1048 970 Bene
1072 908 1163 969 robis.
1209 905 1297 971 Triu.
1320 906 1365 987 11,

208 1007 340 1082 4,102:
373 1007 432 1067 Ubi
462 1027 533 1069 usus
561 1011 635 1072 nihil
661 1018 728 1072 erat
755 1008 808 1085 lei]
838 1009 928 1071 dicto.
971 1005 1058 1070 Pers.
1081 1002 1124 1084 Π,
1153 1008 1182 1084 2,
1210 1009 1266 1068 31:
1305 1009 1365 1068 Fa·

208 1110 277 1166 teor
299 1121 355 1179 ego
378 1103 516 1178 proiecto
538 1125 585 1167 me
608 1126 684 1183 esse,
707 1115 742 1169 nt
763 1110 851 1168 decet
873 1106 988 1167 lenonis
1010 1104 1151 1164 familiae.
1175 1102 1290 1182 Amph.
1303 1102 1363 1183 III,

207 1204 238 1278 4,
254 1203 312 1265 24:
335 1196 473 1263 ornatum
496 1206 620 1281 capiam,
643 1208 693 1282 qni
716 1209 795 1284 potis
818 1206 912 1267 decet.
942 1198 1257 1280 impelleres:
1281 1205 1363 1264 Istuc

206 1296 338 1375 facinus,
373 1300 451 1376 quod
473 1309 507 1363 tu
528 1304 696 1379 insimulas,
730 1311 833 1366 nostro
855 1303 959 1379 generi
981 1318 1039 1360 non
1063 1301 1159 1360 decet.
1205 1296 1297 1378 Capi.
1321 1299 1363 1380 ΙΙ,

206 1397 237 1473 2,
261 1398 315 1459 71:
338 1398 394 1473 Ne,
418 1405 478 1460 tam
494 1404 552 1461 etsi
566 1403 671 1464 unicus
692 1421 765 1476 snm,
788 1403 881 1477 magis
903 1400 1002 1460 decere
1023 1392 1160 1459 videatur
1182 1400 1264 1474 patri
1287 1401 1362 1462 cett.

205 1490 272 1556 Mil.
294 1490 354 1570 ΠΙ,
377 1500 406 1573 3,
430 1500 464 1561 9:
497 1501 569 1560 mihi
596 1503 717 1577 claust,
750 1496 811 1561 mit
840 1493 895 1573 lte
924 1488 1100 1571 uulnerauit.
1144 1494 1239 1558 Poen.
1265 1493 1303 1571 V,
1333 1500 1362 1574 2,

208 1592 287 1654 126:
318 1596 399 1655 venit
421 1598 461 1655 mi
485 1594 544 1673 (sie
566 1595 683 1675 Boon,
704 1596 789 1677 vulg.
812 1597 895 1669 milti
919 1598 949 1655 in
972 1601 1110 1655 mentem.
1153 1591 1245 1671 Epid.
1270 1592 1308 1670 V,
1336 1599 1362 1685 1,

206 1689 263 1752 32:
286 1694 366 1764 quod
388 1695 506 1769 quidem
529 1714 607 1756 nuno
631 1698 730 1757 veniat
750 1699 781 1756 in
804 1702 932 1756 mentem
954 1695 1035 1753 mihi.
1059 1689 1172 1755 Caecil.
1186 1689 1266 1755 Stat.
1280 1690 1360 1755 Har·

203 1800 377 1863 pazomene
399 1786 436 1854 fr.
454 1795 489 1853 6:
511 1794 589 1868 quod
605 1796 659 1855 tibi
681 1826 723 1837 -
745 1796 782 1855 de
798 1811 866 1854 meo
881 1810 980 1853 amore
996 1792 1180 1852 verbificatio
1195 1795 1243 1851 est
1257 1791 1362 1863 patri?

202 1880 339 1965 Hymuis
360 1884 397 1949 ir.
420 1894 456 1953 4:
493 1893 648 1966 septimum
675 1892 750 1953 Orco
779 1892 920 1968 spondeo.
965 1887 1099 1969 Hymnis
1126 1884 1164 1949 ir.
1190 1893 1217 1965 1,
1246 1904 1275 1949 v.
1305 1891 1362 1951 65:

206 1999 263 2059 ego
284 1985 367 2045 illem
388 1989 459 2049 lucto
481 1989 680 2065 despondebo,
703 1998 735 2050 et
748 1996 838 2063 pacto
854 1993 979 2050 salutem
995 1989 1140 2062 obsipiam
1164 1983 1206 2060 (h.
1228 2000 1254 2047 e.
1271 1984 1363 2051 obse·

203 2078 311 2158 piam).
346 2080 457 2149 Imbrii
478 2083 517 2149 fr.
534 2090 568 2150 3:
590 2090 666 2148 Mihi
688 2089 778 2150 surdo
802 2089 957 2149 dormitum
981 2085 1087 2146 suadet
1108 2092 1141 2145 ut
1163 2102 1238 2145 earn.
1278 2080 1364 2148 Obo-

206 2176 341 2246 lostutes
355 2179 394 2246 fr.
411 2187 445 2247 9:
467 2189 576 2262 pelvim
599 2188 656 2247 siti
677 2188 824 2262 poposcit.
861 2180 1002 2247 Plocium
1018 2180 1056 2245 fr.
1076 2186 1131 2245 18:
1156 2183 1362 2257 Opulentitate

203 2287 309 2341 nostra
327 2284 385 2343 sibi
407 2301 444 2344 ne
466 2286 604 2345 iniuriam
626 2286 757 2346 Faciam.
802 2280 981 2363 Synephebi
1003 2277 1041 2342 fr.
1065 2283 1099 2343 2:
1122 2281 1204 2341 Serit
1225 2280 1360 2352 arbores,

203 2395 278 2453 quae
301 2380 389 2441 alteri
409 2383 503 2443 saeclo
519 2383 646 2456 prosint.
689 2378 919 2445 Pausimechus
949 2376 986 2441 fr.
1012 2384 1042 2441 l:
1075 2380 1193 2454 Edepol
1224 2380 1363 2440 noluntas

202 2475 314 2539 homini
341 2487 479 2541 rarenter
506 2481 595 2542 venit.
640 2477 768 2543 Terent.
798 2477 879 2542 Eun.
902 2476 940 2555 V,
968 2483 999 2557 4,
1028 2480 1085 2541 28;
1118 2478 1162 2536 Tu
1192 2478 1245 2536 isli
1271 2494 1364 2539 narra

206 2592 291 2636 omne
315 2578 428 2651 ordine,
451 2584 484 2638 ut
506 2578 616 2638 lactum
639 2581 706 2640 siet.
750 2575 848 2640 Andr.
870 2575 896 2655 Ι,
920 2580 949 2654 3,
972 2579 1007 2638 4:
1030 2576 1253 2651 Pamphilumne
1277 2577 1362 2636 adin-

202 2678 263 2732 tem
286 2691 323 2733 an
346 2678 510 2736 auscultem
534 2678 606 2737 seni.
652 2673 768 2739 Heaui.
786 2674 824 2752 V,
842 2680 871 2753 5,
888 2680 921 2737 5:
943 2677 1043 2749 Pater,
1066 2675 1192 2734 obsecro
1214 2675 1255 2733 mi
1278 2675 1361 2748 iguo·

202 2788 280 2832 scas.
304 2768 381 2835 Hec.
395 2769 432 2850 V,
451 2777 478 2850 l,
498 2776 553 2836 11:
574 2782 674 2834 setute
697 2791 734 2835 ea
755 2793 828 2848 sum,
851 2781 885 2834 ut
906 2792 964 2834 uon
988 2774 1046 2833 siet
1066 2779 1191 2847 peccato
1214 2773 1254 2830 mi
1278 2773 1361 2846 igno·

202 2869 247 2929 eci
274 2885 414 2944 aequom,
451 2868 506 2934 ubi
532 2868 657 2933 Ruhnk.
679 2876 800 2946 peccato
832 2867 893 2933 abl.
922 2868 1103 2933 absolutum
1136 2884 1206 2931 esse
1235 2868 1360 2944 statuit,

201 2961 313 3028 dubito
337 2970 497 3032 annecte.
542 2965 657 3031 Heaut
673 2967 728 3045 IV,
751 2971 780 3043 8,
805 2971 859 3031 20:
882 2971 1002 3028 nimium
1025 2970 1081 3041 illi,
1105 2968 1293 3042 Menedeme,
1315 2970 1361 3027 in·

200 3062 313 3138 dulges.
357 3061 434 3128 Hec.
456 3063 535 3144 prol.
553 3069 582 3143 2,
606 3084 634 3129 v.
657 3071 713 3131 43:
738 3069 832 3142 Quam
854 3084 989 3127 maxume
1012 3068 1124 3127 servire
1147 3067 1256 3126 rostris
1280 3083 1360 3127 com·

198 3159 311 3235 modis,
345 3159 401 3224 nbi
428 3161 490 3226 vid
512 3162 654 3240 Ruhnh.;
684 3165 802 3231 Heaut.
830 3162 910 3244 prol.
938 3181 967 3226 v.
991 3167 1031 3226 50
1060 3162 1170 3227 eadem
1192 3158 1358 3241 leguntur.

200 3254 336 3337 Adelph.
359 3257 402 3336 Π,
427 3264 454 3337 l,
479 3264 534 3325 10:
569 3264 672 3340 Neque
695 3272 728 3326 tu
750 3266 849 3326 verbis
873 3265 970 3323 solves
993 3277 1143 3337 umquam,
1177 3261 1256 3336 quod
1285 3263 1358 3321 mihi

198 3373 233 3417 re
255 3358 333 3418 male
356 3357 476 3423 feceris.
520 3358 597 3425 Hec.
614 3359 669 3437 IV,
693 3364 723 3441 2,
750 3365 802 3424 14:
825 3363 876 3436 qui
897 3361 993 3433 nobis,
1016 3365 1121 3433 mater,
1142 3362 1220 3420 male
1244 3360 1357 3420 dictum

199 3458 280 3518 velit.
325 3453 454 3520 Phorm.
478 3455 520 3538 ΙΙ,
544 3463 573 3538 3,
597 3462 651 3524 25:
683 3463 792 3537 Pergin
815 3477 867 3521 ero
889 3459 1006 3520 absenti
1036 3459 1232 3532 maleloqui,
1267 3458 1355 3533 inpu-

197 3554 348 3615 rissume?
391 3553 508 3618 Heout.
531 3553 569 3634 V,
594 3560 622 3633 2,
646 3559 701 3620 25;
723 3559 810 3619 Unde
833 3565 968 3634 peterem
991 3557 1062 3615 mihi
1085 3556 1192 3615 cibum.
1237 3552 1356 3618 Heaut.

198 3649 241 3731 11,
264 3658 295 3730 4,
318 3655 354 3716 8:
377 3654 509 3730 Expedit
532 3656 624 3716 bonas
647 3673 713 3717 esse
736 3656 827 3718 vobis.
872 3650 1007 3732 Adelph.
1023 3650 1061 3721 V,
1084 3656 1114 3728 4,
1137 3655 1192 3714 1οε
1216 3654 1356 3713 adridere

198 3752 342 3812 omnibns.
386 3748 466 3814 Eun.
482 3749 524 3831 11,
541 3755 570 3831 2,
589 3756 643 3815 18;
667 3755 745 3814 hicce
766 3771 822 3829 ego
843 3772 902 3814 non
919 3769 998 3827 paro
1020 3769 1065 3811 me
1089 3759 1122 3811 ut
1144 3751 1272 3824 rideant,
1296 3752 1355 3812 Sed

198 3850 240 3910 eia
261 3851 342 3910 ultro
364 3849 483 3910 cdridco
506 3858 537 3910 et
559 3869 659 3912 eorum
682 3853 804 3929 ingenia
825 3852 955 3913 admiror
976 3851 1071 3910 simul.
1115 3844 1242 3910 Phorm.
1259 3845 1302 3925 Π,
1325 3853 1356 3927 3,

200 3951 254 4011 14:
276 3948 353 4008 Nam
368 3948 425 4009 iam
441 3948 627 4009 adulescenti
640 3951 683 4010 nil
701 3950 841 4026 estquod
857 3965 1055 4011 suscenseam.
1101 3944 1198 4009 Andr.
1212 3944 1251 4023 V,
1273 3949 1303 4025 6,
1320 3950 1355 4010 8:

196 4046 288 4106 Pater
310 4047 422 4107 amicus
445 4063 574 4107 summus
596 4041 697 4109 nobis.
738 4044 873 4126 Adelph.
895 4042 954 4123 ΙΙΙ,
976 4049 1007 4123 4,
1030 4049 1087 4108 45;
1120 4047 1203 4106 Haec
1226 4048 1355 4121 primurn

196 4150 231 4204 ut
252 4143 334 4218 fiant,
357 4143 428 4205 deos
452 4162 571 4220 quaeso,
594 4150 628 4204 ut
648 4145 729 4205 cobis
750 4145 839 4206 decet.

282 4237 451 4303 Adiccttoa.
496 4238 563 4305 Liv.
586 4239 785 4305 Andronicus
806 4238 844 4306 ir.
867 4240 1075 4305 Hermionae:
1109 4241 1259 4302 matrina
1283 4241 1353 4317 quid

197 4347 267 4400 tuae
290 4341 431 4402 advorsus
454 4338 528 4403 inas.
566 4337 986 4404 NaeV.Tareutillafr.11:
1008 4341 1173 4416 Numquam
1197 4342 1351 4417 quisquam
