3125 5075
218 364 282 424 870
671 353 799 394 enonorl.
815 353 878 394 ose.
892 354 929 392 vr.

218 528 271 595 Sic
293 548 317 594 c.
340 532 374 593 8:
403 531 464 591 Sub
494 530 567 590 urbs
589 529 707 590 hortum
730 547 816 589 omne
839 547 949 607 genos,
973 533 1189 591 coronamenta
1216 543 1303 586 omns
1328 545 1379 602 ge·

216 649 289 706 nus,
312 630 417 690 bulbos
440 628 618 702 megaricos,
641 633 769 687 mortum
795 629 982 701 coniugulom
1017 635 1048 689 et
1075 629 1175 688 album
1198 634 1229 685 et
1252 626 1379 700 nigrum,

221 732 338 790 laurum
355 726 531 801 Delphicam
548 731 579 783 et
601 725 759 800 Cypricam
782 732 814 784 et
837 727 1011 799 silvaticam,
1028 742 1119 786 nuces
1142 725 1253 797 calvas,
1270 726 1380 784 arella-

216 846 282 901 uas,
306 825 516 887 Praenestinus
544 830 575 882 et
597 823 742 895 Graecas,
771 823 843 883 boec
868 823 961 883 facito
989 826 1032 883 uti
1061 829 1209 882 serantur.
1255 818 1290 883 C.
1320 825 1377 884 37:

215 926 377 995 Hordeum,
400 920 519 981 foenum
536 920 692 991 Graecum,
716 937 827 987 ervum,
850 921 922 981 loeo
944 924 1043 982 cornio
1065 930 1198 997 segetem
1220 927 1377 995 exsugunt.

216 1018 250 1086 C.
275 1026 330 1084 73:
354 1021 428 1080 Eam
450 1020 562 1093 pellem
578 1027 609 1076 et
631 1016 678 1076 iar
701 1022 733 1076 et
754 1020 847 1078 salem
870 1025 902 1078 et
924 1021 1097 1095 serpullum,
1113 1018 1305 1078 haecomnia
1321 1035 1378 1077 nno

215 1120 373 1195 conterite,
395 1135 461 1178 cum
483 1118 550 1176 vino
574 1116 643 1174 dato
666 1116 761 1175 bubus
785 1116 887 1175 bibant
909 1119 1054 1180 omnibus.
1100 1114 1133 1179 C.
1160 1119 1237 1178 133:
1263 1117 1376 1189 Ficum,

216 1219 314 1278 oleam
336 1247 379 1257 -
408 1217 480 1275 buce
502 1214 603 1273 uncia
623 1230 732 1287 pemmo
753 1232 772 1273 a
794 1215 941 1291 capitibus
962 1218 1126 1291 propogari
1147 1246 1186 1256 —
1213 1215 1372 1289 oportebit.

213 1311 248 1378 G.
273 1317 327 1378 51:
350 1315 463 1387 Ficum,
487 1317 583 1374 oleam
606 1314 681 1374 cett.
726 1311 813 1372 Hoec
838 1314 950 1372 onesta.
970 1310 1003 1375 C.
1021 1317 1077 1376 31:
1094 1316 1233 1386 ulmeam,
1246 1314 1374 1387 pineam,

213 1430 346 1486 nuceam,
369 1413 446 1471 barte
467 1419 556 1485 atque
580 1412 670 1470 aliam
692 1411 847 1470 materiem
870 1429 986 1471 ornnem
1009 1430 1076 1472 cum
1098 1413 1232 1472 eilodics.
1269 1407 1303 1474 C.
1321 1414 1373 1474 33:

212 1514 324 1573 circum
351 1512 452 1584 capita
474 1509 575 1569 addito
600 1517 725 1581 stercus,
749 1509 863 1586 poleas,
887 1510 1035 1585 vinaceas,
1059 1510 1171 1584 aliquid
1187 1511 1304 1582 horum,
1323 1507 1373 1571 ubi

211 1607 463 1672 additamentum
493 1609 604 1682 aliquid
633 1607 738 1666 horum
764 1612 892 1669 coercet
923 1606 1014 1685 quasi
1041 1611 1074 1670 et
1095 1603 1211 1670 finibus
1241 1604 1371 1670 circum·

212 1705 324 1772 scribit
356 1721 395 1768 ea
421 1721 503 1783 quoe
532 1707 628 1766 autea
656 1701 788 1766 dixerat.
834 1701 869 1768 0.
893 1709 929 1769 9:
950 1706 1018 1765 Hoc
1040 1713 1086 1766 est
1115 1706 1273 1780 praedium
1297 1704 1372 1779 quod

211 1807 328 1866 ubivis
351 1804 471 1878 expedit
494 1802 604 1863 iacere.
650 1798 730 1864 Cato
752 1800 793 1865 de
820 1820 855 1865 rc
878 1807 958 1866 rust.
982 1801 1101 1881 prael:
1132 1805 1267 1864 Maiores
1296 1804 1371 1862 enin

212 1905 308 1963 nostri
330 1904 383 1961 leuc
407 1901 450 1962 sic
473 1901 641 1960 hahuerunt
666 1903 762 1960 etita
784 1903 815 1962 in
838 1904 954 1977 legibus
977 1905 1160 1978 posivcrnnt,
1177 1900 1275 1962 iurem
1291 1902 1372 1977 dupli

211 2000 418 2071 condemnari,
441 1996 661 2059 foeneratorem
691 2000 865 2077 quadrupli,
887 1997 918 2062 h.
942 2017 968 2062 e.
992 1999 1077 2077 quod
1098 1998 1140 2062 ud
1162 1998 1222 2063 huc
1244 1998 1371 2074 attinet,

209 2095 347 2160 maiores
380 2095 481 2159 nostri
510 2092 555 2158 sic
588 2093 767 2158 habuemnt
800 2102 875 2161 cett.
921 2096 1014 2160 Ennii
1044 2096 1245 2161 Euhcmerus
1272 2093 1313 2160 fr.
1343 2102 1371 2171 4,

209 2199 268 2260 29:
299 2213 408 2271 eosque
442 2211 525 2254 muro
551 2195 725 2270 circumegit
757 2204 789 2255 et
816 2196 981 2256 custodiam
1007 2198 1054 2257 tis
1081 2199 1215 2271 apponit.
1265 2193 1371 2258 Plaut

210 2290 301 2373 Caph
325 2292 355 2371 Ι,
379 2296 416 2371 2,
442 2296 456 2354 l
478 2309 561 2370 sqq:
584 2294 658 2352 istos
681 2294 814 2367 captivos
837 2294 911 2354 duos
934 2295 1008 2355 Heri
1027 2313 1100 2370 quos
1124 2296 1183 2354 emi
1204 2295 1242 2354 de
1259 2296 1373 2369 praeda

209 2410 227 2452 e
250 2393 467 2468 quaestoribus,
490 2392 550 2451 His
572 2390 665 2451 indito
689 2398 812 2451 catenas
835 2394 1021 2467 singularias.
1060 2389 1151 2470 Capt.
1176 2390 1256 2469 prol.
1284 2409 1315 2456 v.
1340 2395 1375 2455 3:

207 2492 275 2552 Hoc
297 2508 348 2551 vos
374 2490 446 2550 mihi
469 2496 563 2550 testes
586 2491 659 2549 estis
681 2506 727 2549 me
750 2507 852 2551 verum
875 2492 969 2566 loqui,
993 2488 1048 2553 ubi
1069 2492 1123 2551 boo
1144 2487 1249 2553 refero
1272 2488 1315 2553 ad
1336 2505 1375 2551 ea

207 2605 290 2667 quae
317 2592 412 2650 antea
443 2585 535 2664 dixit,
562 2614 605 2635 ==
627 2584 696 2663 hoc,
719 2585 805 2664 quod
832 2587 925 2649 niodo
954 2585 1032 2666 dixi,
1062 2605 1113 2649 me
1141 2604 1252 2650 verum
1272 2586 1375 2666 loqui,

210 2691 312 2749 testes
327 2683 403 2747 mihi
427 2683 515 2760 estis,
541 2683 731 2747 dissentiens
754 2683 794 2747 ab
817 2683 937 2747 Haasio
959 2684 999 2748 ud
1023 2684 1139 2763 Reisig.
1164 2685 1271 2748 adnot.
1298 2689 1371 2762 367,

210 2783 265 2861 qui
300 2782 377 2846 dicit
410 2800 469 2861 per
502 2785 554 2843 boc
585 2786 770 2861 sequentem
804 2783 1022 2846 accusativum
1058 2802 1084 2848 c.
1118 2781 1172 2846 inl.
1207 2782 1370 2863 explicari.

207 2880 295 2944 Trin.
324 2897 353 2944 v.
379 2886 456 2943 lte:
485 2882 641 2941 Dedistine
665 2882 718 2940 hoc
744 2880 824 2941 lacto
855 2883 882 2941 ci
909 2884 1038 2958 gladium
1061 2885 1112 2958 qui
1136 2901 1167 2942 se
1192 2881 1369 2942 occideret?

205 2995 235 3043 u.
261 2982 336 3042 783:
360 2981 426 3039 Hoc
448 3009 490 3020 —
514 2979 714 3052 Suspitiouem
737 2980 773 3037 ah
797 2979 989 3042 adulescente
1012 2983 1169 3042 emoreris.
1220 2977 1368 3042 Relativo

209 3075 424 3156 postpositum
448 3081 499 3139 est
519 3092 609 3155 pron.
633 3077 681 3136 luc
702 3073 798 3139 Pocn.
824 3075 860 3153 V,
884 3083 914 3154 4,
940 3083 994 3141 lt:
1019 3081 1131 3153 Quibus
1148 3097 1242 3138 onnos
1259 3082 1368 3139 multos

205 3178 305 3249 carui,
338 3194 468 3251 quosque
506 3193 521 3235 e
551 3177 650 3251 patrio
677 3193 785 3249 parvas
812 3178 946 3251 perdidi,
977 3178 1080 3236 Redde
1110 3178 1157 3237 bis
1185 3178 1366 3237 libertatern.

206 3271 336 3336 Terent.
361 3271 439 3336 Huc.
463 3271 488 3350 I,
512 3277 542 3352 2,
565 3276 599 3335 6:
621 3274 680 3334 Sed
701 3275 806 3334 videon
830 3292 885 3350 ego
905 3273 1081 3335 Philotium?
1112 3276 1197 3336 Unde
1220 3276 1294 3336 haec
1317 3275 1366 3334 ad·

203 3372 305 3434 venit?
349 3369 446 3434 Andr.
469 3369 495 3448 1,
521 3376 547 3447 l,
573 3374 629 3433 72:
653 3372 709 3430 leae
730 3370 810 3432 sama
832 3374 965 3448 inpulsus
990 3374 1132 3435 Chremes
1151 3374 1243 3435 Ultro
1259 3375 1297 3434 ad
1320 3390 1364 3432 me

206 3473 327 3532 odrenit
346 3497 390 3518 =
411 3465 495 3531 lama
517 3466 611 3531 huius
637 3466 693 3530 rei.

291 3571 339 3632 19.
363 3585 391 3630 a.
438 3568 533 3626 Genus
558 3567 742 3639 praeseminis
769 3570 825 3630 bic.
871 3566 979 3631 Genus
1008 3574 1157 3631 neutrum
1187 3567 1220 3631 in
1244 3565 1363 3646 plurali

202 3664 341 3743 positum
372 3662 594 3743 complectitur
621 3662 683 3725 duo
706 3664 908 3729 substantiva
934 3665 1052 3729 diversi
1083 3666 1210 3745 generis
1234 3665 1362 3729 Terent.

201 3761 283 3826 Eun.
314 3767 350 3841 3,
378 3764 414 3836 2,
444 3765 502 3823 27:
537 3765 635 3836 Atque
663 3763 736 3823 laer
763 3762 820 3842 (sc.
844 3761 1033 3827 Eunuchum
1063 3770 1096 3826 et
1124 3761 1285 3836 ancillam)
1314 3766 1363 3841 qui

200 3864 301 3925 misit.
330 3879 388 3921 non
418 3861 473 3920 sibi
495 3862 551 3922 soli
573 3861 705 3934 postulat
727 3863 768 3921 Te
792 3865 901 3936 rivere,
924 3860 1010 3940 quod
1031 3860 1176 3925 Donatus
1197 3879 1257 3941 per
1280 3867 1363 3922 tutelo

201 3977 327 4020 nramrc
367 3954 511 4034 explicat.
563 3955 721 4020 Neutrum
753 3961 806 4018 hoc
840 3959 1000 4022 interdum
1033 3957 1196 4022 indefinite
1232 3959 1362 4039 ponitur

203 4056 404 4121 coniunctum
440 4070 511 4117 cum
548 4053 822 4134 impersonalibus.
868 4057 919 4121 Sic
944 4057 1047 4122 Plaut.
1069 4055 1162 4121 Curc.
1188 4055 1217 4136 Ι,
1241 4061 1275 4136 3,
1306 4060 1361 4119 26:

198 4157 275 4217 Nam
306 4156 359 4214 boc
381 4152 497 4229 quidem
520 4153 627 4229 edepol
649 4156 706 4215 heu
729 4157 821 4217 multo
844 4163 914 4232 post
935 4160 1001 4217 luce
1025 4158 1144 4231 lucebit,
1181 4153 1223 4218 ad
1245 4172 1276 4236 q.
1294 4154 1315 4219 l.
1333 4171 1361 4220 v,

202 4250 389 4318 Gronovius.
435 4247 547 4329 Amph.
571 4249 596 4328 I,
621 4256 650 4330 3,
671 4257 729 4315 45:
753 4254 870 4315 lucescit
891 4257 944 4316 hoc
966 4258 1034 4329 iam,
1057 4253 1097 4317 ad
1117 4271 1147 4334 q.
1169 4252 1190 4317 l.
1209 4253 1270 4318 vid.
1286 4253 1362 4319 Lin-

202 4349 284 4414 dem.
324 4347 389 4413 ldil.
411 4365 440 4413 u.
465 4351 539 4412 218:
564 4351 638 4412 lucet
651 4352 705 4411 loc
726 4353 856 4429 inquom,
879 4351 934 4417 uhi
949 4351 1106 4417 Lindem.:
1122 4352 1360 4434 „Impcrsonsle
