3125 5075
200 287 241 388 35
638 315 795 356 aunarius.
817 316 880 358 car.
895 316 937 357 111.

199 493 365 561 nominum
387 488 639 571 possessivorum
662 510 737 561 omo,
761 498 827 561 tau,
848 510 920 561 erm,
943 493 1059 557 nostra,
1081 489 1182 548 omme
1208 486 1284 562 post
1305 480 1365 544 inr-

201 588 371 672 persouale
393 589 487 661 refert
506 588 613 668 positi,
635 590 726 669 quasi
748 586 779 652 in
802 585 910 653 mainan
926 584 1085 666 limitum,
1108 579 1139 644 iu
1160 575 1274 660 tletreii
1297 575 1367 641 mai

201 705 263 753 net.
308 686 413 751 Plane
437 684 535 749 Mero.
559 684 600 764 II,
624 690 654 765 3,
681 692 755 751 117:
791 691 869 762 Quid
890 706 957 749 mea
986 687 1016 746 id
1046 682 1159 756 refert?
1202 677 1285 742 Rud.
1309 675 1366 755 IV,

199 794 229 866 3,
257 792 312 851 12:
335 785 455 862 Ecquid
477 792 524 845 est
546 786 624 860 quod
647 786 703 863 [id]
726 805 793 849 mea
814 787 950 860 referat?
986 780 1046 860 111,
1061 787 1092 857 4,
1114 784 1172 842 41:
1198 780 1277 853 Quid
1299 794 1365 837 mea

198 888 301 960 refert.
345 882 433 947 Pers
456 879 511 958 IV,
537 886 566 960 3,
591 885 645 946 68:
675 887 747 945 Meu
769 887 887 961 quidem
919 885 994 945 nihil
1020 884 1099 942 istuc
1120 878 1225 949 refert.
1270 873 1364 938 Truc.

198 983 257 1062 IV,
281 987 310 1060 t,
335 986 389 1045 ll:
413 998 482 1039 uum
503 997 570 1040 mea
590 981 705 1053 refert?
749 980 831 1045 Rud.
848 980 904 1059 IV,
933 984 962 1057 3,
986 983 1044 1042 27:
1066 977 1170 1038 Nihilo
1192 975 1245 1050 pol
1268 975 1366 1049 pluris

200 1088 254 1144 tea
276 1083 333 1142 hoc
355 1096 443 1155 quam
466 1081 570 1153 quanti
592 1081 661 1140 illut
680 1080 774 1153 refert
795 1098 870 1139 raca.
908 1075 1006 1143 Stich.
1022 1073 1078 1150 IV,
1095 1078 1123 1152 2,
1141 1075 1197 1138 36:
1223 1074 1294 1133 Tua
1314 1076 1365 1146 pol

201 1181 302 1253 refert.
348 1175 414 1241 GE.
445 1177 606 1237 Enimvero
635 1180 660 1238 si
686 1196 753 1237 mee
775 1178 881 1250 refert,
911 1194 1005 1252 opera
1032 1182 1127 1236 utere.
1172 1168 1254 1233 Rud.
1279 1171 1303 1245 1,
1334 1171 1363 1242 2,

203 1278 259 1340 88:
294 1275 372 1350 Quid
400 1274 431 1333 id
456 1273 550 1345 refert
575 1275 648 1335 trra?
693 1272 764 1339 Cas.
787 1273 831 1353 II,
856 1278 884 1352 5,
909 1277 966 1337 22:
1002 1273 1081 1348 Quid
1108 1272 1137 1331 id
1167 1270 1263 1342 refert
1290 1268 1366 1329 raa?

204 1371 302 1438 Stich.
325 1369 367 1448 II,
394 1374 421 1448 1,
443 1374 498 1434 48:
532 1374 600 1433 Tua
623 1375 700 1449 quod
723 1374 764 1434 nil
787 1374 894 1445 refert,
922 1390 959 1432 ne
982 1388 1078 1431 eures.
1123 1365 1211 1430 Pers.
1235 1383 1264 1428 v.
1288 1368 1366 1428 497:

203 1482 256 1533 tua
278 1468 381 1530 refert.
427 1466 482 1547 IV,
506 1473 536 1546 3,
559 1473 614 1532 51:
648 1471 728 1546 quod
754 1472 848 1543 refert
878 1476 938 1531 tau.
984 1464 1083 1530 Mero.
1112 1482 1141 1527 V.
1171 1466 1251 1527 904:
1289 1463 1367 1536 Quid

203 1574 257 1628 tua
279 1568 391 1640 refert?
435 1565 516 1630 Rud.
540 1564 595 1643 IV,
618 1573 648 1645 4,
671 1571 726 1630 42:
757 1571 830 1643 Quis
853 1570 932 1629 istuc
955 1567 1030 1626 teu?
1054 1564 1125 1641 (int.
1149 1563 1268 1633 refert).
1307 1557 1367 1621 Te·

201 1671 284 1729 rent.
307 1662 441 1743 Adelph.
464 1662 503 1743 V,
526 1669 555 1741 4,
580 1669 634 1727 27:
669 1667 700 1726 id
721 1684 788 1727 orec
811 1669 939 1726 minume
962 1681 995 1724 re
1017 1664 1091 1735 sert,
1123 1663 1175 1737 qni
1205 1677 1272 1720 sum
1296 1665 1368 1718 natu

201 1780 364 1824 maxumus.
402 1760 484 1825 Eun.
500 1760 542 1840 ll,
567 1766 596 1840 3,
620 1767 674 1827 29:
697 1766 760 1824 Fac
783 1765 900 1824 tradas:
924 1778 989 1822 meo
1011 1764 1054 1823 nil
1076 1777 1109 1820 re
1131 1759 1199 1831 fert,
1222 1758 1292 1818 dum
1315 1774 1368 1830 po·

203 1862 263 1919 tier
286 1859 382 1919 modo.
427 1856 544 1923 Heaut.
566 1857 621 1938 IV,
646 1865 674 1938 5,
698 1864 850 1924 45:111110
874 1861 1042 1935 confugies:
1076 1857 1149 1932 quid
1176 1854 1264 1915 mea?
1299 1871 1367 1913 num

205 1962 279 2020 mihi
304 1958 455 2020 datumst?
499 1955 576 2021 Hee.
593 1956 631 2035 V,
655 1964 684 2035 3,
709 1963 761 2021 12:
786 1961 854 2020 Tua
878 1958 957 2034 quod
979 1959 1021 2018 nil
1044 1974 1076 2016 re
1099 1956 1171 2028 sert,
1193 1952 1369 2029 percontari

206 2060 336 2118 desinas.
359 2053 485 2120 Phorm.
502 2052 557 2132 IV,
581 2061 610 2134 5,
637 2060 689 2119 ll:
714 2057 793 2130 Quid
816 2061 869 2117 tua
891 2058 1000 2117 malum
1023 2055 1053 2114 id
1075 2071 1108 2113 re
1130 2051 1211 2113 lert?
1238 2047 1365 2113 Phorm.

204 2151 243 2231 V,
267 2156 297 2229 8,
320 2157 375 2217 47:
419 2156 519 2215 Etiam
543 2153 654 2216 dotatis
676 2160 768 2216 soleo.
815 2151 880 2216 CH.
906 2154 984 2228 Quid
1005 2154 1036 2212 id
1059 2151 1185 2212 uestra?

294 2255 343 2314 14.
376 2268 402 2314 c.
430 2253 590 2313 Attalicas
617 2254 736 2313 traditam
763 2249 969 2326 [Locativusl.
1013 2247 1182 2312 Pertiueut
1212 2243 1275 2310 huc
1303 2242 1368 2323 pri·

204 2364 291 2413 mum
314 2347 468 2427 reliquiae
492 2347 613 2412 formae
637 2347 779 2425 locativi,
804 2347 961 2428 genitivos
982 2346 1063 2424 dico,
1087 2345 1141 2425 qni
1164 2360 1236 2407 esse
1258 2340 1368 2405 viden·

205 2450 269 2521 tur,
293 2444 429 2509 sednon
446 2450 531 2523 sunt,
555 2446 716 2510 nominum
738 2445 865 2510 urbium
881 2451 914 2510 et
932 2443 1121 2521 insularum,
1143 2439 1259 2507 deinde
1281 2440 1371 2506 domi,

206 2546 283 2611 ruri,
307 2542 537 2611 adverbiales,
560 2545 632 2612 illic,
654 2547 729 2614 istic,
746 2546 876 2620 perepri.
909 2541 1002 2619 Quod
1024 2546 1132 2607 autem
1157 2540 1198 2604 cd
1221 2536 1293 2602 illos
1317 2554 1372 2617 ge·

206 2639 324 2703 nitivcs
346 2639 478 2717 attinet,
513 2640 764 2720 impugnandum
794 2646 844 2706 est
869 2641 929 2705 hoc
958 2639 1029 2705 loco
1051 2642 1260 2719 praeceptum
1294 2634 1372 2698 illud

211 2734 389 2800 obsoletum
427 2736 642 2815 antiquiorum
677 2738 973 2819 grammaticorum,
1015 2738 1100 2818 quod
1133 2733 1372 2815 comparatione

211 2831 340 2896 demum
362 2831 545 2912 linguarum
574 2835 693 2901 nostris
715 2835 914 2916 temporibus
944 2835 1194 2917 deligentissime
1222 2830 1373 2895 instituta

211 2935 277 2992 tam
301 2927 471 2994 luculentis
494 2935 693 3012 argumentis
717 2933 884 3014 expulsum
908 2939 973 3012 est,
1008 2940 1045 2997 ut
1070 2932 1176 2996 redire
1198 2944 1371 3009 numquam

212 3028 325 3105 possit,
346 3025 405 3090 hoc
421 3026 500 3108 dico,
525 3030 650 3095 urbium
667 3033 804 3110 nomina,
828 3033 854 3096 si
877 3032 1000 3112 primae
1022 3031 1074 3094 vel
1096 3028 1253 3095 secundae
1276 3025 1375 3091 decli·

211 3123 350 3188 nationis
373 3123 438 3188 sint
461 3144 593 3192 numero
609 3128 773 3210 singulari,
797 3131 829 3194 in
852 3129 1002 3210 genitivo,
1026 3128 1075 3192 sin
1097 3128 1161 3191 sint
1180 3125 1299 3190 tertiae
1319 3123 1374 3188 de·

213 3217 390 3286 clinationis
414 3221 466 3287 vel
488 3224 621 3304 pluralis
642 3227 780 3303 numeri,
809 3228 841 3292 in
864 3225 1004 3291 ablativo
1025 3225 1111 3306 poni.
1157 3222 1257 3288 Cuius
1280 3238 1373 3302 prue-

211 3317 296 3398 eupti
319 3318 347 3383 si
371 3322 556 3399 quaerimus
588 3342 670 3404 quae
699 3343 796 3390 causa
823 3325 1009 3389 erratione
1036 3322 1139 3404 petita
1161 3338 1233 3387 esse
1261 3318 1374 3400 possit,

210 3412 334 3479 frustra
356 3418 507 3496 anquires
530 3428 563 3484 et
584 3421 829 3503 circumspicies,
855 3422 974 3487 unllam
996 3420 1149 3485 invenies.
1191 3418 1293 3482 Immo
1315 3432 1374 3497 pro

210 3511 352 3578 ablativo
371 3514 435 3580 loci
456 3517 616 3598 genitivus
635 3519 751 3584 harum
771 3538 884 3586 vocum
903 3521 979 3601 poni
1002 3537 1159 3600 nusquam
1175 3516 1292 3597 potuit,
1316 3514 1374 3580 sed

211 3607 272 3673 tuit
296 3610 527 3691 antiquissimis
558 3617 757 3696 temporibus
785 3618 816 3681 in
847 3618 957 3698 lingua
987 3617 1086 3681 latina
1115 3615 1229 3679 harum
1260 3631 1375 3678 vocum

215 3706 247 3771 in
271 3707 430 3789 singulari
453 3728 546 3775 casus
566 3712 723 3779 locativus
745 3714 777 3778 in
799 3718 812 3775 i
834 3715 982 3779 desinens
1004 3714 1045 3780 ab
1067 3713 1207 3779 ablativo
1228 3710 1375 3774 diversus

212 3807 261 3879 (ut
293 3807 437 3871 videmus
465 3808 636 3874 etiamnum
662 3825 701 3875 ex
736 3810 862 3890 formis,
899 3813 1010 3892 quales
1042 3821 1118 3880 sunt
1150 3813 1212 3878 illi,
1245 3809 1376 3885 Sicyoni,

215 3903 412 3980 Carrrraptai,
439 3905 620 3975 Acherunti,
649 3913 732 3980 rari,
758 3913 908 3987 peremi),
935 3912 990 3992 qui
1017 3929 1109 3976 casus
1130 3909 1163 3974 in
1184 3905 1377 3983 nominibus

216 4015 298 4078 quae
334 4010 513 4081 sequuntur
541 4005 676 4083 primam
706 4012 740 4071 et
774 4010 947 4074 secundam
976 4007 1237 4084 declinationem,
1273 4001 1377 4068 torma

213 4111 233 4158 a
258 4098 402 4176 genitivo
425 4116 490 4162 uon
512 4099 575 4165 luit
596 4101 742 4169 diversus
770 4104 871 4180 (velut
897 4108 1021 4175 Romal,
1054 4103 1229 4184 Ephraim
1259 4107 1294 4166 et
1321 4117 1378 4182 po·

286 4200 321 4288 13,
327 4201 334 4206 ⁴

342 4228 386 4283 Sic
405 4229 490 4284 etiam
509 4230 537 4285 in
556 4231 686 4288 Polonica
705 4235 797 4304 lingua
815 4236 948 4291 locatirus
973 4237 1118 4307 singularis
1145 4234 1306 4306 plerumque
1329 4237 1378 4286 ⁸¹st

214 4321 276 4360 cum
297 4311 432 4381 vocativo,
452 4321 500 4367 aut
520 4330 582 4369 eum
601 4315 703 4387 dativo,
722 4325 771 4373 aut
792 4334 851 4372 cum
871 4318 1073 4374 instrumentali
1090 4318 1177 4373 torma
1195 4315 1329 4386 congruit.
