3125 5075
281 340 345 401 224
572 329 634 373 ΟΑΡ.
650 330 696 375 Π.
723 329 871 372 00οΤΒΙΙΙΑ
885 329 1137 372 uuuueuuuuom

285 524 367 596 Quae
391 539 469 581 nuno
492 529 562 582 sunt
584 528 668 581 certe
690 524 718 606 qi
741 522 876 593 consiliu,
899 522 1016 581 incerto
1038 528 1073 582 ut
1087 522 1176 583 sieut.
1200 517 1308 584 Ploue
1328 513 1437 597 Amph.

284 619 308 690 1,
332 624 361 699 3,
385 625 421 683 9:
444 622 640 694 opservatote
663 637 729 680 eum
754 637 841 693 quum
864 619 972 677 blundo
996 620 1194 693 suppulputur
1210 617 1343 679 mulieri.
1373 610 1439 677 Aul.

282 716 308 795 1,
341 721 367 793 l,
403 721 455 779 15:
485 718 530 777 Ne
557 734 604 777 me
632 718 791 777 observare
815 717 922 790 possis,
950 715 1021 789 quid
1044 732 1145 776 rerum
1167 733 1283 791 gerum.
1328 708 1438 776 Bueeu

283 813 325 893 ΙΙ,
351 819 378 892 3,
403 818 456 877 53:
485 817 590 888 occepi
613 831 668 889 ego
690 831 851 888 opservare
875 830 1030 887 quemnam
1058 832 1123 874 rem
1156 821 1277 888 gerunt.
1335 806 1441 888 Amph

283 911 310 989 1,
335 917 364 989 3,
391 915 443 978 10:
466 912 595 971 Eoustor
615 917 646 970 te
668 912 808 985 experior
829 912 933 984 quanti
954 909 1049 970 focius
1072 927 1194 970 uxorem
1210 917 1304 970 tuum.
1329 904 1440 971 Pseud.

283 1009 309 1088 Ι,
338 1016 363 1087 l,
388 1013 444 1071 71:
469 1012 555 1069 Nuuu
576 1026 631 1082 ego
654 1016 683 1067 te
706 1009 846 1082 experior
868 1007 939 1083 quid
961 1025 1051 1079 umes,
1075 1008 1146 1083 quid
1176 1009 1314 1069 simuuou
1360 1003 1441 1068 uuo

283 1106 310 1186 Ι,
337 1113 363 1180 l,
388 1113 443 1169 45:
468 1108 575 1165 Verum
600 1105 1196 1179 meomoxorom,Libane‚ooisqua1io
1221 1106 1290 1167 siet.
1316 1102 1388 1166 Aul.
1404 1098 1442 1178 11,

285 1212 314 1276 2,
327 1209 382 1268 4οε
407 1205 544 1279 quonium
559 1213 591 1263 tu
608 1222 653 1262 me
670 1211 700 1262 et
716 1221 770 1277 ego
786 1210 826 1278 te,
850 1204 946 1277 quulie
969 1204 1021 1274 sis,
1037 1203 1108 1262 ecio.
1132 1199 1188 1277 Ν,
1206 1204 1253 1277 10,
1268 1205 1328 1266 35:
1353 1218 1442 1277 neque

283 1322 342 1379 eqo
365 1320 467 1363 aurum
491 1320 587 1376 neque
609 1304 706 1361 istunc
729 1304 826 1361 aulum
850 1317 925 1375 quue
949 1300 1016 1372 siet,
1040 1300 1108 1360 Seio
1125 1318 1180 1359 nee
1197 1302 1276 1361 noui.
1302 1296 1381 1363 cist
1392 1297 1441 1370 lv,

289 1405 319 1475 2,
348 1403 402 1463 69:
434 1400 483 1474 qui
510 1401 590 1459 illum
623 1400 664 1459 ait
692 1417 725 1459 ee
753 1400 831 1458 scire
862 1398 982 1456 ubisit.
1028 1394 1120 1474 Epio.
1144 1394 1203 1474 111,
1227 1400 1257 1473 2,
1282 1401 1341 1460 41:
1365 1399 1441 1458 naec

289 1501 374 1560 scitis
396 1499 454 1557 ium
493 1506 524 1556 ut
547 1497 648 1557 futuro
671 1498 739 1555 sint.
777 1498 807 1567 4,
831 1496 885 1555 22;
923 1496 1008 1554 Nune
1040 1495 1156 1556 demum
1186 1497 1250 1555 seio
1280 1513 1337 1570 eqo
1370 1495 1442 1554 hune

284 1598 337 1672 qui
359 1598 408 1655 sit.
454 1591 509 1670 IV,
534 1598 563 1671 2,
587 1597 643 1656 27;
665 1595 741 1666 Quia
764 1595 841 1651 hune
875 1609 939 1664 ego,
974 1609 1050 1667 quoe
1084 1594 1150 1666 siet,
1180 1593 1290 1667 Neque
1306 1594 1370 1653 seio
1396 1610 1441 1650 ue·

282 1711 340 1769 que
368 1695 462 1754 novi.-
491 1689 574 1753 Men.
598 1688 639 1767 ΙΙ,
668 1696 693 1768 l,
717 1694 772 1752 21:
798 1690 860 1762 Ego
883 1690 966 1747 illum
990 1692 1051 1749 seio
1075 1705 1160 1763 quum
1185 1706 1275 1750 eurus
1298 1672 1338 1749 uit
1361 1690 1442 1749 cordi

284 1808 358 1851 meo.
405 1793 434 1866 2,
463 1792 519 1852 27·;
552 1791 656 1864 Neque
690 1790 793 1847 hercle
826 1803 880 1859 ego
914 1787 1007 1846 habeo
1046 1803 1141 1861 neque
1177 1795 1218 1861 ue,
1252 1788 1322 1860 quis
1360 1787 1440 1845 homo

283 1888 337 1960 eis,
372 1888 443 1948 scio.
488 1883 586 1948 Mero.
612 1884 649 1963 V,
672 1890 702 1961 2,
724 1888 764 1945 47
789 1896 853 1959 sq:
882 1884 973 1942 Tuam
1002 1885 1125 1943 amicam
1154 1879 1220 1945 CH.
1250 1884 1332 1955 Quid
1359 1880 1440 1942 eum?

287 1982 353 2045 EU.
377 1985 434 2044 Ubi
458 1986 506 2055 sit,
530 2001 585 2058 ego
608 1985 680 2043 scio.
726 1978 792 2043 CH.
817 1983 899 2040 Tune
922 1979 1071 2043 obsecro?
1106 1977 1173 2044 ΕΠ.
1198 1981 1310 2040 Senam
1332 1989 1364 2039 et
1385 1982 1439 2040 sul·

287 2099 362 2142 vom.
408 2077 474 2143 CH.
498 2082 555 2141 Ubi
579 2098 644 2140 eum
668 2079 801 2140 salvum?
832 2074 945 2140 Pseud.
969 2074 995 2153 Ι,
1022 2081 1049 2154 l,
1077 2082 1128 2140 14:
1156 2078 1284 2138 Licetne
1316 2079 1347 2139 iu
1368 2078 1438 2138 sciro

244 2211 254 2230 ·
287 2180 357 2253 quid
380 2178 439 2238 sit?
484 2181 512 2253 3,
535 2182 591 2240 41:
614 2179 699 2247 Heio,
724 2180 833 2236 scimus
853 2193 905 2236 nos
929 2177 1046 2249 quidem
1070 2181 1100 2235 te
1130 2176 1227 2250 qualis
1259 2177 1311 2236 sie.
1356 2172 1436 2236 Triu·

286 2272 337 2352 Π,
364 2279 395 2351 2,
420 2278 480 2338 92:
513 2277 585 2336 Scin
608 2283 639 2333 tu
663 2278 746 2336 illum
776 2292 834 2349 quo
860 2289 971 2346 genere
1000 2282 1105 2346 gnatus
1133 2271 1215 2332 siet?
1236 2269 1304 2348 ΙΙΙ,
1327 2274 1364 2346 2,
1387 2275 1436 2332 72;

285 2373 356 2433 Seio
379 2373 516 2447 equidem
544 2380 574 2430 te
598 2373 744 2431 animatus
771 2380 805 2430 ut
832 2372 882 2430 sie.
929 2367 1057 2432 Terent„
1080 2368 1159 2432 Eun.
1185 2365 1222 2445 V,
1248 2372 1288 2445 8,
1313 2372 1349 2431 5:
1380 2371 1437 2428 scin

287 2488 333 2529 me
357 2473 386 2529 iu
409 2470 515 2544 quibus
538 2472 592 2528 sim
614 2469 754 2546 gaudiis?
799 2464 925 2529 Pho'rm.
948 2463 990 2542 ΙΙ,
1015 2471 1044 2544 3,
1067 2469 1098 2528 8.
1142 2463 1220 2529 Hec.
1244 2462 1311 2544 111,
1335 2469 1365 2543 5,
1392 2466 1437 2526 18:

287 2571 410 2628 Omnem
435 2585 496 2626 rem
520 2570 591 2640 scio,
616 2576 648 2626 ut
671 2571 710 2627 sit
731 2576 826 2641 geste.
861 2563 963 2626 Plout.
988 2562 1100 2643 Amph.
1125 2561 1167 2631 ΙΙ,
1192 2566 1439 2637 2,21421Je10-

288 2668 368 2724 nitus
392 2684 454 2724 sum
478 2664 614 2738 profecto
636 2667 688 2733 itu,
710 2674 742 2724 ut
766 2682 811 2722 me
835 2665 886 2738 qui
908 2666 961 2722 eim
987 2664 1126 2721 nescium.
1171 2656 1249 2721 cist„
1274 2659 1302 2739 Ι,
1328 2667 1364 2737 3,
1389 2663 1437 2722 16;

290 2764 434 2835 Quoniam
460 2780 540 2821 reum
565 2764 628 2821 eius
657 2762 729 2822 sacti
753 2763 850 2820 nescit
877 2763 926 2835 qui
957 2762 1022 2819 siet.
1066 2756 1160 2821 Poen.
1184 2755 1244 2835 ΙΙΙ,
1270 2761 1305 2835 2,
1331 2761 1389 2822 15:
1411 2765 1440 2816 ut

285 2876 341 2932 ego
364 2861 414 2932 pol
437 2861 519 2917 illum
544 2876 601 2932 que
624 2861 663 2918 sit
686 2859 761 2920 socie
787 2861 898 2918 neseio.
944 2859 973 2932 3,
997 2858 1054 2918 36:
1078 2858 1224 2916 nescimus
1248 2874 1305 2916 uos
1327 2857 1440 2931 quidem

288 2957 377 3013 istum
401 2958 451 3028 qui
475 2959 540 3014 siet.
584 2953 668 3017 Trin.
692 2953 746 3032 IV,
770 2959 807 3032 2,
832 2959 864 3016 7:
894 2972 978 3028 quem
1002 2971 1057 3028 ego
1083 2953 1134 3026 qui
1157 2954 1197 3012 sit
1218 2955 1309 3013 homo
1332 2956 1438 3014 neseio

287 3048 376 3112 Idem
399 3049 519 3131 legitur
542 3070 570 3114 v.
597 3056 666 3115 120.
690 3050 816 3114 Terent.
840 3049 921 3113 Eun·
937 3048 994 3126 IV,
1012 3057 1040 3121 3,
1066 3052 1118 3110 15;
1141 3051 1206 3125 Ego
1228 3052 1316 3110 illum
1333 3052 1437 3125 nescio,

287 3150 344 3221 Qui
367 3148 467 3211 fuerit.
499 3147 615 3212 Heout.
633 3147 670 3226 V,
693 3156 723 3226 4,
750 3153 805 3211 15:
830 3151 909 3209 Deos
926 3150 1042 3220 nosoio,
1066 3144 1119 3208 ubi
1142 3162 1213 3208 cum
1237 3143 1437 3208 Schmiedero

290 3254 395 3308 mente
418 3245 600 3309 addendum
624 3254 686 3310 est:
709 3244 786 3324 quid
808 3244 924 3307 facturi
941 3244 1014 3307 sint.
1059 3241 1163 3307 Plaut„
1185 3242 1241 3306 As.
1268 3241 1313 3322 ΙΙ,
1336 3247 1366 3321 2,
1388 3246 1438 3306 el:

284 3350 335 3403 eet
362 3362 393 3403 ee
422 3362 488 3404 eum
516 3362 574 3404 nou
605 3345 721 3403 novisse
758 3345 905 3403 hominem
943 3343 993 3417 qui
1020 3342 1086 3401 siet.
1130 3338 1222 3418 Epio.
1244 3338 1303 3414 Ν,
1327 3344 1357 3416 2,
1391 3343 1437 3401 10:

285 3441 369 3514 Nego
398 3459 452 3515 ego
480 3459 545 3500 eam
572 3442 688 3501 novisse
716 3457 792 3515 quoe
821 3441 860 3500 sit
894 3439 952 3510 (sie
981 3436 1086 3502 Iacob.
1110 3437 1159 3516 Ap
1181 3455 1218 3496 oe
1241 3454 1305 3512 eqo.
1336 3435 1437 3501 Lemb.

284 3537 367 3611 Nouo
399 3555 464 3597 eom
490 3535 558 3615 me).
609 3533 724 3598 Bacch·
751 3535 813 3611 Ν,
838 3540 871 3614 6,
903 3540 955 3598 lss:
984 3539 1099 3596 Nosces
1131 3542 1164 3595 tu
1196 3538 1281 3595 illum
1314 3543 1438 3596 uetutun

284 3638 384 3709 qualis
408 3639 455 3694 sit.
502 3633 566 3698 Mil.
590 3632 631 3710 ΙΙ,
655 3639 683 3709 5,
707 3637 765 3696 42:
788 3637 891 3710 Neque
914 3652 1014 3694 moror
1037 3650 1133 3708 neque
1156 3651 1207 3693 vos
1231 3636 1282 3708 qui
1307 3637 1372 3693 sitis
1393 3635 1438 3691 ho·

284 3734 378 3792 mines
407 3735 475 3793 novi
503 3750 597 3808 neque
627 3733 699 3793 scio.
744 3729 807 3806 ΙΙΙ,
832 3736 866 3809 3,
893 3735 950 3794 51:
982 3732 1038 3803 Qui
1071 3734 1186 3791 noverit
1218 3748 1265 3791 me
1294 3735 1362 3806 quie
1388 3745 1437 3803 equ

285 3829 360 3889 eim?
403 3826 518 3890 Pseud.
542 3827 567 3903 Ι,
591 3833 619 3903 3,
643 3832 700 3890 28:
724 3830 823 3889 Nosce
845 3832 950 3889 saltem
974 3831 1051 3887 huuc
1074 3831 1125 3903 qui
1146 3838 1200 3889 est.
1231 3826 1289 3903 Ν,
1314 3833 1343 3906 7,
1370 3831 1437 3890 114;

282 3927 388 4001 Neque
412 3928 499 3986 istum
524 3928 701 3988 Pseudulum
726 3928 861 3987 mortalis
883 3929 934 4001 qui
957 3929 995 3986 sit
1020 3928 1086 3985 noui
1108 3943 1203 4002 neque
1229 3929 1303 3987 ecio.
1347 3924 1436 3987 Poeu·

285 4020 323 4099 V,
348 4028 376 4100 3,
401 4027 437 4085 2:
461 4025 598 4084 Novistiu
621 4034 654 4084 tu
677 4027 769 4084 illunc
793 4025 957 4084 tunicatum
981 4025 1138 4096 hominem,
1161 4026 1212 4096 qui
1235 4023 1317 4085 siet?
1353 4019 1434 4083 Triu-

282 4135 311 4181 ν.
337 4124 415 4183 283:
450 4123 525 4181 Novi
552 4139 607 4195 ego
635 4124 690 4182 hoc
718 4124 887 4192 saeculum,
915 4123 1045 4181 moribus
1073 4121 1178 4197 quibus
1201 4123 1268 4181 siet„
1315 4118 1434 4183 Terent

282 4216 365 4280 Eun.
389 4215 501 4297 111‚5,
526 4222 583 4279 18:
608 4220 702 4292 Quom
724 4221 807 4294 ipsus
830 4236 876 4278 me
900 4221 996 4293 noris,
1024 4237 1111 4293 quam
1134 4220 1256 4293 elegans
1279 4219 1432 4279 formarum
