3125 5075
297 345 338 409 96
740 331 861 373 VBRBUU
888 332 952 373 cte.
972 331 1011 373 xl.

294 527 416 593 Futuro
449 531 483 590 et
508 524 617 590 tuturo
643 528 754 589 exacto
780 523 954 602 respondet
981 537 1149 601 praesens:
1185 519 1296 586 Pluut.
1326 519 1401 585 Aul.
1427 521 1450 601 I,

297 631 325 702 1,
351 632 406 690 14:
431 628 541 688 Oculos
561 656 605 667 —
625 625 765 699 effodiam
787 624 857 697 tibi,
885 623 933 682 Ne
954 639 1000 682 me
1023 622 1182 681 obsanare
1199 620 1313 695 possm
1357 617 1449 684 Poeu.

293 724 332 803 V,
354 730 387 800 4,
410 728 464 788 94:
488 741 574 801 mage
595 723 648 798 qui
671 722 807 790 ardum,
832 719 940 798 dicara
984 716 1099 782 Pseud.
1122 715 1149 795 I,
1173 721 1203 793 3,
1226 721 1286 782 99:
1323 720 1450 796 adegere

292 854 336 867 ·-
357 825 398 885 Ut
422 853 460 866 -
485 828 634 898 suppetat.

378 920 408 983 d.
432 920 668 981 Emeretattouea
689 917 896 978 consecutivae.
942 913 978 977 In
1003 919 1138 992 unoque
1160 914 1390 978 enunciatione
1405 922 1450 980 est

296 1032 449 1098 praesens
472 1014 577 1079 Plaut.
601 1013 715 1095 Amph.
739 1011 780 1092 ΙΙ,
805 1017 834 1090 2,
860 1017 934 1078 loo:
963 1015 1129 1080 verumne
1150 1016 1303 1075 animatus
1327 1012 1373 1074 fui
1395 1016 1450 1074 lca·

294 1134 351 1192 que
373 1134 453 1177 nuuc
474 1132 550 1193 msa,
580 1118 616 1176 at
636 1131 673 1174 ea
694 1124 724 1175 te
747 1121 854 1189 patera
875 1113 986 1171 dorem.
1032 1107 1161 1190 Imperi·
1184 1113 1234 1174 est
1256 1126 1449 1191 praegresso

291 1211 347 1276 ini.
370 1228 475 1292 praes.
507 1210 636 1275 Terent.
660 1207 736 1275 Hec.
759 1208 815 1289 IV,
841 1214 868 1286 1,
894 1214 932 1273 17
955 1222 1041 1289 squ:
1074 1209 1178 1271 Adeon
1209 1211 1367 1285 pervicaci
1394 1225 1450 1270 case

294 1313 403 1384 animo,
424 1315 459 1372 at
479 1328 603 1386 puerum
622 1314 817 1384 praeoptares
839 1312 949 1385 perire,
973 1310 1019 1368 Ex
1040 1326 1099 1383 quo
1120 1306 1282 1367 firmiorem
1299 1308 1383 1367 iuter
1399 1325 1446 1367 noa

294 1407 359 1472 iore
391 1407 550 1470 amicitiam
580 1408 705 1482 posthac
733 1410 838 1476 scirem
867 1408 969 1468 Potius
999 1423 1086 1482 quam
1108 1405 1265 1466 advorsum
1290 1407 1386 1465 animi
1407 1408 1446 1465 tui

291 1508 451 1569 lubidinem
485 1510 559 1566 esset
589 1523 655 1565 oum
686 1508 739 1568 illo
768 1505 884 1581 nupta?
928 1502 967 1567 H.
991 1502 1011 1567 l.
1042 1500 1096 1565 int.
1122 1520 1183 1564 esee
1208 1500 1334 1566 nullum
1358 1501 1445 1584 plane

291 1607 420 1683 tempus
444 1600 608 1667 definitum
624 1602 781 1683 exprimit,
805 1601 861 1666 sed
878 1600 955 1665 nihil
967 1599 1027 1665 nisi
1040 1598 1155 1664 nudam
1169 1599 1329 1664 actionem
1344 1600 1445 1674 verbi;

261 1690 263 1695 ’
291 1701 515 1766 enunciatioue
534 1700 665 1763 demum
689 1698 877 1765 secunduma
899 1699 1015 1763 transit
1029 1697 1069 1762 ud
1085 1703 1211 1779 tempus
1227 1699 1444 1777 praeteritum.

290 1797 477 1862 Perfectum
492 1798 666 1863 concordet
680 1816 750 1863 cum
765 1798 945 1878 praesenti:
958 1795 1063 1861 Plaut.
1081 1794 1173 1876 Capt.
1184 1795 1265 1877 prol.
1281 1813 1311 1858 v.
1324 1800 1378 1859 4⁷.
1391 1801 1443 1860 49:

290 1903 495 1972 conpararent
524 1905 556 1958 et
584 1899 790 1971 coufimeraret
818 1900 915 1959 dolum
940 1931 976 1941 -
1004 1900 1044 1959 Ut
1071 1899 1099 1956 in
1129 1898 1271 1956 servitute
1296 1897 1346 1956 luia
1370 1895 1443 1972 apud

290 2014 375 2058 anum
401 2001 522 2055 moueat
551 2003 678 2071 patrem.
722 1993 805 2059 Men.
830 1994 867 2072 V,
894 1999 920 2072 l,
947 1998 999 2057 12:
1034 1994 1111 2068 onio
1141 1995 1259 2054 tandem
1284 1994 1397 2054 admisi
1417 1996 1442 2052 iu

291 2111 349 2171 me,
381 2097 416 2155 u't
443 2096 524 2170 loqui
553 2111 611 2154 uon
639 2095 786 2155 audem
830 2090 911 2155 Rud.
940 2090 993 2162 IV,
1024 2096 1052 2164 2,
1077 2096 1133 2154 202
1169 2093 1244 2152 Nasu
1273 2109 1330 2167 ego
1359 2109 1441 2163 nuuc

291 2194 342 2269 qui
370 2194 487 2268 inpiger
519 2192 576 2266 fui,
609 2193 727 2267 repperi
753 2194 792 2252 mi
818 2193 903 2268 piger
933 2200 966 2251 ut
990 2192 1018 2253 ai
1042 2191 1131 2251 acon
1155 2192 1220 2252 mm.
1264 2187 1442 2269 Utrobique

289 2286 468 2370 perfectum
492 2288 620 2353 Terent.
644 2289 760 2354 Heaut
783 2288 820 2364 V,
844 2294 873 2366 3,
895 2293 930 2352 4:
965 2290 1115 2351 nullamne
1143 2306 1198 2364 ego
1219 2307 1282 2348 rem
1306 2306 1441 2366 umquam

295 2389 392 2458 Volui,
418 2390 491 2463 puis
516 2390 601 2448 tuin
624 2405 661 2449 ea
683 2406 715 2449 re
744 2390 816 2448 mihi
839 2389 934 2461 faria
955 2387 1163 2449 adversatrix?
1206 2384 1286 2449 Heo.
1310 2385 1395 2465 prol.
1419 2391 1442 2452 l.

291 2500 321 2550 v.
345 2490 380 2550 2:
403 2505 507 2548 norom
530 2488 688 2547 antevenit
708 2489 810 2547 uitium
832 2496 863 2548 et
886 2488 1050 2561 calamitas,
1074 2488 1115 2548 Ut
1133 2501 1228 2563 neque
1246 2489 1382 2562 spectari
1398 2504 1443 2546 ne-

293 2602 350 2660 que
373 2587 512 2660 cognosci
531 2587 668 2658 potuerit.
713 2583 738 2662 I,
762 2588 792 2663 2,
816 2587 856 2648 63
879 2600 939 2662 so:
963 2587 1172 2659 cubuerit-
1196 2593 1228 2644 ut
1250 2585 1407 2659 potuerit?

379 2699 406 2745 e.
451 2680 636 2762 Exemplum
670 2685 887 2745 emanationis
919 2684 1049 2743 caecatis
1082 2687 1132 2745 est
1165 2681 1245 2745 Eun.
1276 2680 1302 2759 Ι,
1332 2685 1362 2751 2,
1395 2683 1441 2743 lo:

291 2797 351 2841 nou
373 2783 434 2855 pol,
457 2797 514 2853 quo
535 2798 708 2857 quemquam
732 2785 799 2856 plus
820 2800 914 2843 amem
936 2791 986 2841 aut
1008 2782 1076 2856 plus
1097 2780 1228 2855 Meam,
1252 2783 1299 2841 Eo
1322 2781 1391 2853 feci.

377 2873 398 2938 Ι.
429 2875 478 2941 Ad
507 2877 717 2942 ememtes
742 2882 961 2940 mactatores
983 2877 1067 2958 quod
1088 2877 1213 2955 attinet,
1241 2877 1272 2940 in
1299 2879 1440 2942 oratione

291 2977 382 3040 recta
404 2978 528 3053 spectat
550 2972 613 3039 huc
636 2975 852 3039 tantummodo
877 2975 1016 3054 sumptio
1037 2973 1113 3054 ficti,
1144 2977 1344 3041 lucratione
1368 2975 1440 3041 obli

291 3087 356 3152 qua
384 3072 479 3135 etiam
503 3072 643 3153 sumptio
666 3072 733 3137 dati
756 3079 789 3138 et
812 3073 949 3153 sumptio
972 3072 1067 3137 dandi
1095 3072 1144 3146 (ci.
1168 3073 1288 3138 Etzler.
1314 3072 1439 3152 &ptum

293 3169 500 3252 retuterungen
527 3188 557 3252 p.
586 3174 626 3235 66
654 3177 722 3252 sq.).
771 3171 839 3235 lam
874 3170 900 3236 si
933 3170 1157 3252 distinguimus
1191 3172 1440 3238 enunciationem

291 3268 482 3348 sumptivam
513 3285 571 3348 per
596 3273 624 3332 si
646 3270 896 3334 coniunctionem
920 3269 1037 3333 elatam
1060 3275 1094 3333 et
1115 3268 1380 3351 conditionalem,
1413 3269 1440 3331 in

291 3370 382 3431 recta
410 3366 537 3447 quidem
566 3367 711 3432 oratione
733 3367 923 3448 plerumque
950 3365 1010 3431 hae
1032 3368 1115 3432 duae
1138 3368 1379 3434 enunciationes
1400 3368 1439 3432 ita

291 3463 376 3528 inter
404 3482 438 3528 se
467 3465 651 3542 cohaerent,
682 3473 717 3532 ut
746 3471 925 3545 temporum
953 3466 1049 3531 etiam
1072 3467 1155 3531 iuter
1176 3485 1211 3532 se
1234 3474 1438 3548 cognatorum

290 3561 407 3627 existat
442 3563 670 3627 convenientia.
715 3562 918 3629 concordant
949 3563 1049 3644 igitur
1075 3562 1143 3629 iere
1172 3566 1256 3629 inter
1284 3584 1322 3630 se
1353 3584 1437 3647 prae

291 3659 395 3725 sentia
431 3677 501 3724 cum
532 3659 701 3740 perfectis,
734 3659 920 3742 imperfecta
954 3679 1026 3726 cum
1058 3660 1382 3744 plusquamperfectis
1408 3669 1436 3727 ct

290 3775 365 3822 raro
391 3763 513 3823 tantum
542 3763 678 3838 utraque
707 3765 852 3839 tempora
881 3759 964 3824 inter
989 3778 1025 3825 se
1056 3760 1239 3826 miscentur.
1291 3761 1437 3827 Nonnun-

290 3872 385 3936 quam
414 3855 599 3937 imperfeota
627 3863 679 3922 est
708 3857 887 3924 enunciatio
917 3857 1146 3936 conditionalis,
1173 3859 1218 3922 ita
1241 3863 1278 3924 nt
1302 3859 1435 3941 sumptio

290 3951 358 4025 sola
380 3954 487 4034 posita
508 3956 551 4020 sit
572 3973 649 4020 vera
679 3956 814 4036 epodosi
836 3973 895 4037 per
916 3955 1040 4036 ellipsin
1062 3957 1179 4021 omissa
1201 3962 1235 4022 et
1256 3961 1366 4024 mente
1387 3957 1436 4022 ad·

291 4049 404 4122 denda,
438 4052 490 4117 ubi
526 4052 684 4132 particula
716 4056 744 4116 si
777 4053 817 4118 ad
844 4055 1032 4120 senteutiam
1059 4054 1187 4134 quidem
1217 4073 1280 4119 nou
1308 4057 1437 4122 multum

291 4146 399 4212 differt
420 4165 440 4211 a
461 4149 619 4230 particula
640 4151 879 4232 interrogativa
924 4152 976 4217 Sic
998 4151 1102 4217 Plaut.
1125 4151 1216 4233 Capt.
1240 4153 1321 4234 prol.
1343 4173 1372 4217 v.
1389 4158 1437 4217 nt:

291 4248 400 4323 Coepit
423 4250 557 4325 captivos
581 4255 766 4312 commercari
789 4254 837 4312 hic
852 4254 954 4326 Aleos,
977 4251 1012 4312 st
1027 4271 1113 4328 quem
1129 4257 1265 4329 reperire
1276 4257 1380 4329 possit,
1394 4253 1438 4329 qui

290 4351 383 4406 natet
415 4365 498 4408 auum
532 4373 576 4395 -·--
606 4344 752 4427 silone,
785 4355 983 4428 experturus,
1015 4366 1186 4428 numqnem
1215 4349 1299 4416 forte
1321 4370 1387 4433 rep.
1408 4368 1434 4430 p.
