3125 5075
263 331 326 393 lu
689 316 818 359 neuun.
832 316 895 360 041’.
908 317 958 358 xil.

261 515 364 573 saras!
391 512 544 585 apologus.
588 502 688 570 Stich.
717 523 746 570 v.
774 507 1142 579 mantuanensem,
1172 506 1244 581 qnid
1273 503 1429 580 dauwe

262 610 377 669 oonsili.
405 623 434 670 v.
465 607 542 668 635:
563 599 659 684 {viden
686 609 720 664 ut
746 608 894 665 annonast
922 604 1043 680 gravis?
1073 622 1104 667 v.
1132 606 1212 667 636:
1244 603 1346 664 Viden
1373 603 1428 664 bs·

261 707 423 781 nignitates
445 704 593 764 hominum
617 707 650 761 nt
665 700 784 774 parim
810 706 843 758 st
864 700 1072 775 prothnmiaa?
1095 717 1124 762 ι.
1149 702 1224 763 706ι
1248 700 1327 759 vids
1352 705 1428 775 quat

262 804 387 863 enathos
423 802 558 861 motam.
592 796 680 861 Trin.
715 794 759 874 11,
794 798 823 873 2,
857 800 915 859 69:
956 800 1018 859 scin
1060 799 1131 873 qnid
1171 799 1289 857 cantari
1329 798 1427 857 solat?

261 896 322 973 III,
340 902 368 976 3,
392 901 448 960 21:
471 900 564 960 adore
587 913 666 970 enm,
687 897 733 955 uti
747 911 797 955 res
820 910 853 954 se
876 896 971 955 latet
993 893 1049 973 IV,
1072 897 1102 971 2,
1118 898 1153 958 5:
1176 893 1277 956 Viden
1300 903 1426 973 egestas

262 997 334 1073 quid
361 997 462 1071 negoti
489 995 543 1053 dat
567 994 677 1054 homini
711 994 822 1051 misero
855 991 954 1054 mala?
981 991 1067 1055 Trin.
1094 1010 1122 1055 v.
1146 994 1223 1056 938:
1256 993 1326 1052 Nisi
1354 993 1426 1066 quis

262 1094 346 1155 lubet
368 1093 499 1168 experiri
531 1108 589 1167 qno
611 1092 784 1150 eooasoruet
805 1089 940 1164 deniqne.
964 1086 1057 1153 Truo.
1082 1088 1107 1166 I,
1131 1092 1160 1168 2,
1186 1092 1240 1151 16:
1263 1090 1343 1148 Nam
1367 1090 1426 1163 ipsi

192 1211 195 1216 ·
261 1191 372 1266 sidant,
395 1204 454 1267 quo
476 1190 554 1248 bona
576 1203 678 1247 eorum
701 1186 870 1258 adomnane
892 1188 959 1247 looi.
986 1184 1034 1270 ΙΙ,
1058 1190 1090 1265 2,
1113 1190 1148 1250 6:
1177 1191 1217 1246 At
1246 1184 1307 1259 (sie
1333 1190 1424 1249 reate

261 1283 367 1360 Both,
389 1301 463 1348 narn
486 1286 535 1363 Ap
558 1284 605 1356 ad,
635 1278 688 1361 Θρ
710 1289 771 1355 ant,
799 1281 884 1362 vulg.
915 1284 958 1352 id)
988 1287 1055 1345 solo
1085 1287 1173 1357 seire,
1200 1284 1272 1360 quid
1302 1284 1424 1345 &betur

261 1384 313 1444 hio
334 1384 389 1442 tibi
412 1371 533 1443 nostrae
557 1382 644 1442 domi
667 1377 711 1457 II,
735 1383 764 1458 3,
790 1381 846 1441 16:
868 1381 935 1441 vide
958 1388 992 1440 ut
1013 1384 1072 1442 iam
1100 1383 1185 1456 quasi
1213 1384 1337 1443 volturii
1368 1385 1420 1451 tri-

262 1482 321 1542 duo
354 1483 441 1541 Prius
470 1478 693 1553 praedivinant,
720 1495 777 1553 quo
806 1479 854 1556 die
884 1481 965 1539 esuri
992 1481 1079 1542 siant.
1103 1478 1147 1554 ll,
1172 1483 1201 1555 5,
1228 1481 1282 1540 ll:
1307 1486 1422 1540 vosmet

258 1581 318 1639 iam
346 1579 453 1638 videtis
483 1577 534 1638 Uti
562 1582 669 1637 ornata
691 1574 804 1637 incedo.
831 1572 891 1649 (sic
918 1572 1021 1637 Goell.
1050 1573 1155 1654 Vulgo
1185 1580 1227 1635 ut.
1252 1573 1420 1639 eorrectio

261 1673 431 1738 admodum
452 1672 575 1737 incerta
597 1675 648 1734 aet
668 1687 729 1734 sec.
754 1686 897 1749 eaquae
919 1670 1097 1750 disputavit
1118 1670 1314 1736 Ritschelius
1344 1690 1420 1753 pro·

262 1770 379 1850 legem.
401 1770 434 1833 in
457 1768 543 1833 Trin.
566 1785 598 1847 p.
623 1765 775 1847 202).11,
799 1771 828 1846 6,
856 1772 907 1831 18:
930 1767 1008 1831 Vide
1036 1772 1103 1848 qnia
1133 1770 1272 1843 nemra.
1304 1788 1333 1831 v.
1365 1776 1420 1834 52:

261 1870 448 1938 Paenitetne,
472 1873 545 1940 quot
566 1867 606 1925 mi
630 1868 758 1926 ancillae
773 1871 844 1927 suot
862 1875 932 1929 laun
955 1864 1012 1943 IV,
1041 1872 1069 1942 3,
1106 1870 1157 1929 12;
1184 1886 1240 1942 ego
1269 1871 1420 1945 neuquid

256 1964 470 2040 paxamacia.
495 1960 603 2041 IV,4,
627 1965 661 2025 9:
691 1963 759 2024 Soio
781 1972 931 2025 mecastor
958 1966 1028 2039 quid
1054 1966 1099 2025 eis
1128 1974 1159 2025 et
1185 1967 1257 2040 quid
1279 1966 1421 2039 masuras

261 2060 378 2137 etquid
397 2061 483 2133 petia
499 2062 549 2135 Ap
571 2060 625 2133 eis,
649 2058 681 2122 in
703 2058 819 2123 ceteris
842 2060 1068 2138 coniunctivos.
1105 2060 1242 2124 Bothius
1269 2060 1417 2126 restituit

261 2156 459 2234 indicativos,
482 2155 536 2235 qui
558 2154 618 2220 soli
639 2158 743 2218 metro
763 2156 830 2235 apti
852 2161 938 2235 eunt,
968 2157 1063 2236 quod,
1091 2157 1118 2221 sl
1147 2158 1310 2237 corrigere
1337 2158 1420 2223 velis

261 2259 344 2325 odis,
366 2253 426 2317 hoo
448 2251 597 2332 quoniam
619 2250 871 2332 monosyllabum
895 2272 1051 2318 essenon
1074 2260 1190 2335 potest,
1213 2273 1328 2319 versus
1355 2273 1419 2320 non

167 2381 173 2386 ·
262 2356 395 2419 constet.
441 2348 555 2414 Caecil.
579 2348 660 2413 Stat.
684 2347 824 2414 Fallacia
845 2349 883 2413 ir.
916 2356 949 2414 1:
976 2354 1051 2413 Nam
1087 2371 1174 2428 qnam
1211 2353 1329 2413 duriter
1358 2356 1419 2416 Vos

260 2452 398 2514 educavit
423 2459 512 2524 atque
540 2449 699 2523 asperiter,
726 2467 786 2509 non
813 2457 912 2524 negat.
958 2447 1085 2512 Terent.
1116 2448 1211 2512 Andr-
1251 2448 1275 2516 Ι,
1308 2454 1335 2527 l,
1364 2453 1418 2514 18:

263 2553 340 2624 Quin
364 2555 395 2608 tu
419 2566 476 2607 nno
499 2548 590 2607 verbo
614 2547 671 2620 dio,
696 2547 767 2621 quid
790 2548 932 2623 estquod
954 2566 1002 2608 me
1025 2551 1108 2608 velis.
1153 2547 1234 2611 Eun.
1259 2547 1284 2624 Ι,
1309 2554 1337 2624 2,
1367 2554 1420 2612 19:

261 2648 320 2708 Sed
349 2647 406 2704 huo
436 2662 495 2720 qua
519 2645 617 2717 gratia
643 2649 673 2702 te
703 2646 818 2704 arcessi
847 2646 931 2716 iussi,
966 2649 1110 2705 ausculta.
1138 2644 1180 2721 11,
1212 2651 1240 2713 3,
1263 2650 1324 2708 46:
1348 2649 1419 2708 Scin

262 2745 333 2820 quid
355 2760 410 2816 ego
433 2750 463 2802 te
485 2739 638 2800 volebam?
660 2737 716 2817 IV,
741 2745 769 2815 7,
804 2745 857 2804 13:
889 2745 984 2802 Viden
1015 2751 1057 2813 tu,
1087 2775 1130 2784 -
1159 2761 1245 2817 quam
1275 2745 1325 2804 hic
1355 2765 1419 2805 rem

260 2840 346 2915 aqit?
369 2836 407 2913 V,
432 2842 461 2912 3,
487 2840 540 2899 10:
565 2838 650 2910 Vide,
672 2845 705 2897 ut
727 2840 840 2899 otiosus
862 2841 893 2899 r't.
918 2837 955 2911 V,
979 2843 1008 2913 8,
1030 2844 1062 2902 7:
1086 2842 1183 2901 Audin
1208 2848 1248 2912 tu,
1272 2843 1322 2901 hic
1347 2847 1419 2919 quid

261 2938 312 2996 ait.
358 2933 474 2996 Heaut„
498 2930 559 3009 ΙΙΙ,
577 2937 603 3010 1,
627 2936 684 2996 85:
708 2935 788 3008 Scin,
805 2938 875 3011 quid
891 2955 969 2997 nuno
984 2936 1085 2996 faeere
1102 2946 1131 2997 te
1147 2941 1232 2998 eolo?
1250 2937 1304 3016 lV,
1322 2945 1346 3002 l.
1364 2946 1418 3006 36:

262 3037 326 3108 Qun
350 3033 406 3091 hoo
429 3036 614 3105 occeptumst
635 3050 733 3105 eausa,
757 3036 889 3108 loquere.
912 3031 1039 3095 Phorm.
1070 3033 1114 3107 ΙΙ,
1144 3040 1171 3111 l,
1203 3041 1254 3096 li:
1285 3041 1417 3099 incredi-

258 3133 359 3203 bilest,
382 3136 523 3203 quantum
545 3147 629 3189 orum
651 3139 720 3189 ante
744 3147 776 3188 eo
800 3133 956 3205 sapientia
980 3129 1023 3198 ΙΙ,
1047 3137 1075 3206 3,
1106 3136 1159 3194 ll:
1189 3134 1256 3193 vide
1289 3141 1419 3199 avaritia

260 3228 330 3304 quid
352 3227 435 3298 fucit.
460 3223 501 3302 ΙΙ,
525 3231 554 3303 3,
579 3229 636 3288 33;
662 3228 756 3299 Quem
779 3229 904 3287 amioum
928 3236 1009 3289 tuom
1038 3232 1083 3289 oia
1110 3228 1202 3289 fuisse
1233 3233 1334 3307 istum,
1365 3253 1418 3294 ex·

258 3329 351 3402 plana
379 3325 460 3384 mihi.
485 3321 563 3385 Hec.
591 3321 617 3399 Ι,
649 3327 677 3400 2,
707 3327 744 3384 15
777 3341 839 3402 sq.:
867 3328 933 3384 Non
965 3328 1022 3385 dici
1050 3336 1159 3401 potest,
1185 3330 1279 3400 Quam
1308 3334 1419 3405 cupida

259 3441 341 3484 eram
363 3423 420 3480 huo
443 3422 595 3483 redeundi.
619 3417 661 3494 Π,
687 3424 714 3497 l,
738 3423 795 3482 26:
819 3427 860 3482 At
884 3425 958 3495 vide,
982 3442 1068 3498 quam
1090 3426 1229 3485 inmerito
1257 3430 1417 3504 aegritudo

258 3524 333 3582 haec
357 3518 453 3577 oriem
475 3520 514 3577 mi
538 3520 590 3578 abs
615 3527 652 3578 te.
676 3515 735 3594 ΙΙΙ,
765 3524 796 3595 4,
827 3524 861 3581 3:
892 3523 955 3580 Non
988 3556 1029 3565 —
1058 3524 1116 3581 diei
1146 3532 1246 3597 potest
1275 3527 1415 3602 Tantum,

260 3635 346 3697 quam
376 3632 408 3674 re
439 3617 504 3690 ipsa
535 3617 673 3688 navigare
701 3617 952 3678 incommodnmst.
981 3617 1040 3695 ΙΙΙ,
1072 3626 1101 3690 5,
1133 3625 1169 3681 21
1211 3637 1293 3699 sqq.:
1327 3625 1415 3699 idque

260 3718 287 3778 si
310 3731 388 3774 nuno
411 3729 576 3773 memorare
597 3713 645 3770 hio
668 3715 765 3787 velim,
791 3717 883 3787 Quem
907 3716 992 3775 fideli
1009 3719 1106 3776 animo
1130 3726 1160 3776 et
1174 3720 1303 3793 benigno
1328 3724 1357 3779 in
1381 3725 1416 3782 il-

258 3816 317 3873 lam
357 3817 388 3869 et
415 3811 554 3869 elementi
586 3809 641 3880 foi,
671 3811 748 3870 Vere
788 3831 917 3886 possum.
952 3810 1007 3886 IV,
1031 3818 1060 3886 4,
1096 3818 1149 3875 24:
1181 3834 1297 3890 nequeo
1331 3823 1414 3893 satis,

260 3911 354 3982 Quam
381 3908 438 3966 hoe
467 3909 539 3966 mihi
568 3907 685 3965 videtur
711 3907 821 3967 sactum
850 3928 951 3984 prave,
981 3912 1127 3985 proloqui.
1156 3909 1195 3989 V,
1220 3917 1246 3979 l,
1272 3918 1326 3977 27:
1350 3921 1413 3977 scin

259 4007 329 4084 quid
361 4005 426 4063 volo
453 4005 554 4077 potius
583 4003 670 4064 sodes
698 4004 815 4066 furias?
843 4005 974 4084 Adelph.
1003 4005 1045 4083 ΙΙ,
1079 4012 1106 4083 l,
1135 4014 1191 4071 41:
1221 4013 1310 4071 Nunc
1335 4016 1412 4086 aide,

257 4111 356 4164 utrum
371 4101 426 4167 vis,
441 4107 595 4175 argentum
618 4104 808 4176 acciperem
825 4124 959 4165 caussam
976 4107 1115 4166 meditari
1131 4115 1219 4166 tuam.
1236 4107 1290 4186 IV,
1310 4115 1339 4185 2,
1356 4116 1413 4175 20:

257 4200 324 4260 side
346 4205 379 4257 ut
400 4199 517 4257 dumata
538 4200 662 4258 labrum.
685 4198 740 4267 IV,
764 4206 793 4279 5,
817 4206 851 4264 2:
875 4210 917 4275 ut,
941 4222 998 4279 qno
1025 4206 1112 4264 modo
1139 4215 1207 4264 eota
1234 4209 1310 4267 haee
1334 4215 1412 4283 susal,

259 4299 344 4371 solat,
368 4293 422 4372 IV,
446 4300 475 4372 5,
500 4299 555 4359 33:
581 4297 637 4368 Qui
660 4297 900 4362 infolixhausoio
924 4320 959 4361 an
983 4302 1065 4361 illam
1088 4305 1196 4362 misere
1221 4323 1299 4365 nuno
1323 4311 1413 4373 arant,
