3125 5075
509 351 615 392 nunno.
649 350 918 392 rannaaoonrurar.
1226 357 1289 421 273

135 559 257 617 aeneos,
280 559 317 601 ee
338 542 439 600 onim
461 532 568 615 omnia,
589 544 634 603 Ut
655 542 716 603 fert
738 547 855 616 natura,
878 542 980 613 faciae
1001 559 1043 601 an
1063 542 1101 600 de
1120 541 1297 601 irdantrint

136 636 342 718 adripuit,
366 640 395 711 2,
419 641 474 702 33:
498 641 600 699 Potius
623 659 710 715 quam
733 642 836 700 venias
866 640 896 698 in
920 641 1066 715 periclum
1090 669 1131 681 -
1154 638 1297 699 Servesne

132 743 179 796 'on
195 737 312 812 perdas
333 745 438 814 totum,
462 737 609 797 dividuam
633 737 709 799 fuce.
1227 750 1229 756 ’
1265 751 1267 756 ·

223 851 248 898 o.
293 832 439 911 Denique
461 852 503 894 nn
523 851 595 898 cum
617 834 657 898 iis
680 834 786 899 verbis
807 835 839 898 in
858 833 1071 898 disiunctione
1086 832 1296 912 componitur,

137 945 222 1011 quae
244 933 393 996 conatum
415 930 555 995 indicant
577 930 808 1011 considerandi,
831 931 977 1009 videndi,
1000 930 1194 1010 sciscitandi,
1217 929 1297 995 deli-

137 1027 282 1093 berandi.
325 1026 364 1091 In
386 1045 424 1092 eo
447 1029 529 1093 enim
553 1029 600 1094 rei
623 1029 781 1110 ignoratio
805 1030 944 1093 animum
975 1028 1074 1092 habet
1095 1046 1294 1109 suspensum.

137 1125 220 1190 crta
242 1123 280 1190 R
303 1125 339 1189 li
369 1143 395 1191 a.
424 1131 497 1191 108:
531 1131 637 1189 Vinum
662 1131 687 1189 si
711 1132 793 1190 voles
817 1132 947 1205 experiri
972 1130 1152 1188 duraturam
1180 1129 1221 1188 sit
1244 1143 1297 1186 nee

137 1241 184 1287 ne.
229 1219 264 1286 C.
290 1228 365 1287 lll:
400 1227 432 1286 si
461 1229 543 1287 voles
566 1229 644 1287 seire
667 1230 697 1286 in
732 1230 830 1287 riuum
862 1243 944 1300 apua
974 1226 1076 1287 additu
1103 1226 1144 1286 sit
1171 1242 1224 1284 nee
1248 1241 1295 1284 nn.

139 1319 245 1384 Plaut.
268 1319 355 1384 Asin·
371 1320 427 1399 lv,
446 1327 473 1399 1,
498 1326 555 1386 60:
578 1326 657 1384 Tuus
684 1343 786 1386 seruos
810 1332 919 1398 servet,
947 1325 1091 1385 Venerine
1114 1341 1166 1384 eas
1189 1324 1240 1383 det
1255 1340 1297 1382 on

133 1421 212 1481 viro.
258 1417 330 1482 Ant.
353 1418 411 1493 lll,
435 1424 465 1499 2,
493 1426 546 1484 15:
575 1423 659 1497 qnid,
683 1425 807 1496 malum,
835 1441 922 1483 curas
951 1423 1010 1495 Tu,
1040 1426 1145 1481 atrum
1172 1420 1297 1479 mana

136 1533 180 1578 on
200 1520 315 1577 oomni
337 1520 433 1579 edam.
479 1517 569 1597 capt.
593 1516 639 1596 Π,
664 1522 699 1596 2,
723 1522 794 1581 33z'
811 1522 897 1580 Nune
917 1520 1039 1580 vivatne
1059 1534 1164 1594 nenne,
1186 1520 1216 1577 id
1240 1520 1295 1579 0r·

136 1631 204 1673 eum
241 1617 319 1675 seire
353 1624 474 1691 oportet
507 1619 639 1691 seilicet,
673 1615 713 1679 ad
746 1632 774 1695 q.
811 1615 831 1679 l.
866 1614 1026 1680 Lindemt
1070 1614 1142 1693 „Ex
1176 1612 1297 1677 usitata

139 1708 268 1788 quidem
304 1711 429 1776 ratione
470 1712 629 1776 omittitur
669 1712 887 1794 interrogandi
927 1709 1086 1792 particula
1119 1710 1151 1773 in
1188 1709 1295 1790 priore

138 1806 299 1886 membro,
331 1808 387 1874 ubi
420 1812 566 1890 sequitur
595 1811 627 1873 in
658 1810 761 1873 altero
788 1829 886 1875 neore.
936 1809 1005 1874 Nec
1039 1816 1145 1873 tamen
1180 1806 1298 1872 desunt

139 1905 296 1985 exempla,
319 1906 372 1971 ubi
389 1914 543 1986 sequente
563 1926 652 1969 neone
674 1908 833 1987 particula
866 1908 956 1988 prius
978 1907 1154 1973 membrum
1178 1904 1297 1968 habeat

135 2002 313 2067 utrumvel
335 2022 378 2064 on
399 2003 442 2084 (i)
466 2005 518 2069 vol
541 2004 676 2084 denique
697 2024 744 2069 ne.
779 2004 871 2070 Caes.
894 2004 934 2069 de
956 2004 988 2070 b.
1012 2004 1095 2070 Gall.
1111 2002 1137 2080 l,
1163 2007 1212 2067 50.
1230 1999 1294 2065 Cic.

136 2117 199 2180 pro
220 2099 313 2166 Rosc-
336 2118 415 2164 com.
439 2120 465 2166 c.
494 2102 561 2165 17.“
608 2103 705 2167 Recte
732 2109 841 2168 autem
868 2101 1014 2166 Handius
1041 2101 1096 2173 1v‚
1128 2119 1157 2181 p.
1180 2104 1223 2164 85
1246 2116 1296 2162 re·

135 2196 203 2262 fert
219 2196 298 2261 illud
314 2198 505 2263 adsalutem
522 2199 608 2264 illam
624 2202 811 2280 orationem,
835 2202 876 2267 de
898 2217 961 2279 qua
974 2199 1091 2263 dietum
1108 2207 1156 2263 ost
1173 2197 1194 2273 ᾗ
1214 2200 1251 2260 18
1266 2213 1296 2275 p.

137 2293 212 2360 Gas-
238 2294 305 2375 ΙΙΙ,
333 2303 364 2375 Ι,
403 2303 433 2360 l:
469 2302 555 2360 Nune
578 2300 696 2360 amicin'
724 2319 766 2360 on
793 2302 906 2361 inimici
936 2302 977 2361 sis
999 2300 1109 2374 imago,
1144 2298 1295 2356 Alcesimo

137 2391 240 2474 (vulg.
263 2409 326 2457 see.
344 2398 392 2474 Ap
408 2398 494 2457 Nune
518 2400 604 2458 amici
628 2416 705 2458 anne
721 2401 813 2472 inim,
837 2397 927 2461 hiatu
951 2390 1168 2472 intolerabili).
1202 2389 1296 2470 Epid.

138 2489 201 2568 ΙΙΙ,
226 2495 255 2571 l,
279 2495 316 2561 3:
338 2496 415 2557 sitne
436 2497 506 2571 quid
531 2499 693 2574 nemesii,
718 2497 802 2557 Scire
825 2498 922 2572 cupio.
967 2491 1082 2558 Bacch.
1101 2488 1213 2568 111,.2‚
1239 2492 1296 2552 lo:

137 2608 219 2652 nune
242 2600 393 2652 eertnmeu
410 2596 553 2667 cernitur,
576 2595 663 2655 Sisne
676 2612 767 2655 aeone
781 2604 814 2655 nt
829 2613 895 2656 esse
912 2600 1045 2669 oportet:
1069 2596 1178 2667 malus,
1202 2592 1297 2651 bonus

137 2690 281 2765 quoiquoi
312 2692 392 2750 modi
425 2693 499 2752 cett·
523 2689 718 2755 Menaechm.
763 2690 810 2769 ΙΙ,
834 2696 870 2769 3,
895 2695 949 2755 35:
983 2693 1044 2755 iam,
1070 2692 1167 2763 scibo,
1195 2692 1297 2748 niman

137 2788 217 2846 liaeo
245 2803 293 2846 me
320 2805 404 2863 mago
435 2797 515 2848 amet
543 2808 583 2850 on
611 2794 823 2868 marsuppium.
868 2788 906 2861 V,
931 2793 1045 2866 3,11:
1080 2805 1158 2848 nune
1187 2790 1295 2864 cogito,

140 2884 253 2944 Utrum
278 2901 324 2943 me
354 2886 448 2945 dicam
478 2889 624 2948 medicum
647 2890 758 2950 ducere
782 2906 824 2948 an
849 2887 974 2949 labrum.
1020 2883 1085 2948 Mil.
1108 2882 1164 2960 IV,
1187 2888 1218 2960 8,
1243 2887 1297 2947 26:

137 2982 337 3055 Temptabam
360 2986 492 3057 spiraret
515 3005 552 3045 na
577 3005 643 3047 nou.
690 2983 790 3049 Mero.
815 2982 857 3061 ΙΙ,
882 2989 910 3061 3,
937 2988 1011 3047 115:
1041 2987 1195 3060 quincto,
1220 2983 1298 3057 Quid

138 3080 182 3139 ut
216 3080 245 3138 ei
278 3082 383 3155 animi,
416 3085 574 3143 raenirone
604 3101 669 3143 eam
698 3085 771 3143 velit
803 3098 843 3142 on
869 3099 930 3141 non
957 3078 1051 3140 uelit?
1092 3079 1181 3143 Pers.
1214 3078 1244 3155 l,
1268 3085 1298 3145 2.

138 3176 182 3237 25
204 3190 288 3253 squ:
310 3179 397 3236 Nunc
419 3180 477 3240 luno
499 3182 579 3243 intro
601 3184 666 3243 ibo:
689 3183 781 3241 risam
806 3181 961 3239 hesternas
984 3180 1137 3253 reliquias,
1159 3181 1299 3254 Qnierint

138 3280 224 3333 reete
247 3290 352 3333 mene:
376 3294 444 3336 num
468 3279 494 3337 is
517 3278 610 3338 inerit
632 3279 742 3339 febris:
772 3279 925 3353 opertaen
948 3276 1075 3339 inerint.
1097 3294 1134 3334 ue
1157 3279 1223 3350 quis
1246 3277 1298 3335 ob·

137 3373 315 3445 reptaverit
359 3368 522 3450 Rudsffl,
546 3379 575 3452 6,
603 3381 642 3438 14
665 3391 750 3453 squ:
777 3383 849 3450 opta
871 3376 971 3446 ocius,
1000 3373 1104 3445 Ropin
1126 3381 1155 3432 to
1178 3379 1299 3447 optorto

134 3470 220 3528 ¹eollo
258 3471 351 3565 maris
385 3487 427 3529 an
459 3475 557 3534 troni:
593 3474 749 3536 Utrumvis
780 3483 868 3546 opta,
910 3473 977 3530 dum
1012 3471 1092 3531 lieet.
1138 3467 1235 3532 Stich.
1269 3487 1299 3531 r.

139 3568 181 3628 ⁷5
206 3580 296 3644 eqd:

184 3664 366 3739 Principium
389 3684 444 3742 ego
467 3686 526 3742 quo
548 3678 639 3742 paeto
663 3686 729 3729 enm
753 3669 814 3729 illis
837 3669 1008 3740 occupiam,
1032 3665 1063 3724 id
1078 3665 1256 3725 ratiocinor:

184 3752 294 3822 Umor
315 3780 370 3838 ego
392 3766 559 3840 perplexim
584 3769 730 3828 lacessam
753 3766 887 3825 oratione
912 3763 948 3822 ad
972 3764 1050 3822 hune
1073 3763 1198 3836 modum,

184 3858 278 3931 Quasi
305 3878 462 3936 numquam
493 3867 650 3939 quiequam
679 3865 754 3924 adeo
781 3864 974 3936 adsimulem,
1004 3876 1046 3918 on
1072 3860 1158 3934 quasi
1185 3859 1256 3933 quid

833 3958 1049 4017 indaudiverim

183 4056 247 4115 Ean
268 4057 298 4115 in
321 4075 354 4117 ee
378 4059 523 4118 meruisse
546 4063 681 4135 eulpam:
703 4059 803 4133 potins
827 4060 963 4129 temptem
985 4056 1089 4114 leniter
1204 4145 1207 4151 Ι

182 4151 237 4213 An
256 4154 425 4217 minanter.

138 4246 183 4327 ΙΙ,
209 4254 238 4327 1,
261 4254 318 4315 39:
341 4253 491 4326 Experiar
513 4252 594 4323 sores
616 4270 657 4312 nn
677 4253 770 4313 cubiti
793 4269 827 4311 aa
850 4250 942 4326 pedes
965 4252 1032 4326 plns
1054 4252 1182 4310 ualeant
1213 4246 1300 4312 'l'rim

131 4366 169 4413 r.
193 4350 276 4413 230:
307 4367 366 4409 non
388 4352 484 4424 liquet
507 4368 562 4410 noe
585 4352 659 4412 satis
681 4353 874 4424 rogitatumst
897 4378 939 4391 -
960 4347 1089 4407 Andria
1113 4364 1160 4409 ma
1184 4350 1232 4409 'an
1252 4350 1301 4413 rei

194 4448 276 4495 noune,
290 4448 403 4498 syntaxis.
430 4450 459 4488 ιι.
1055 4451 1093 4513 18
