3125 5075
216 526 277 588 382
501 516 563 557 ίἎΡ.
579 516 623 555 XV.
651 515 798 556 ΙΙΟΟΤΙΙΙΙΙΛ
825 515 1075 556 ΙΙΙΙΙΙΙΙΟΙΑΤΙΟΙΙΙΙΙ.

214 705 374 785 quidmst
419 705 474 782 IV,
503 714 533 784 Ι,
558 712 615 771 43;
639 710 726 775 Eoo,
748 709 796 768 die
817 709 904 784 mibi,
925 710 950 769 si
973 725 1075 769 omnes
1099 708 1176 768 hune
1199 709 1366 767 coniectum

213 810 244 868 in
267 809 385 882 nuptias
408 808 525 866 Inimici
537 810 657 880 vellant,
674 809 751 883 qnod
771 808 827 867 nisi
846 808 1001 866 consilinm
1013 808 1069 867 boe
1088 804 1216 865 darent?
1251 802 1365 867 Heaut.

213 902 279 983 ΠΙ,
303 908 337 983 2,
361 906 415 967 26:
439 904 511 965 Bito
533 923 643 979 quaeso
666 905 787 977 laudas,
810 907 860 979 qni
882 921 951 965 eros
974 903 1102 965 fallunt?
1124 935 1167 947 -
1190 905 1236 964 Et
1254 900 1365 965 Naevii

213 1000 390 1065 Tarentilla
411 999 448 1065 ir.
472 1006 505 1066 9:
534 1004 579 1062 Ei
600 1003 635 1065 ei.
681 999 796 1066 Caecil.
820 999 899 1065 stat.
928 999 1061 1064 Aethrio
1089 996 1126 1062 fr.
1152 1005 1185 1064 2:
1213 1003 1259 1062 Ei
1281 1003 1365 1076 perii.

213 1099 342 1163 Terent.
366 1099 464 1162 Andr.
487 1097 538 1177 ΙΙ,
563 1104 595 1177 1,
618 1105 650 1163 2:
673 1102 717 1161 nt·
738 1103 848 1161 misero
870 1101 950 1160 mibi.
967 1097 1115 1162 -Idem
1131 1096 1363 1162 estbeiPiaut.

212 1196 326 1277 Amph.
351 1195 375 1272 Ι,
401 1201 435 1274 1,
461 1198 535 1261 165;
558 1200 619 1258 Hei
641 1196 754 1275 [mibi]‚
777 1216 914 1258 numnam
937 1215 991 1274 ogo
1015 1197 1135 1259 obolnii
1178 1194 1252 1259 Ant
1267 1194 1320 1272 ΙΙ,
1337 1205 1364 1273 2,

211 1302 269 1362 43:
292 1299 353 1358 Hei
376 1296 552 1370 Megadoret
575 1298 653 1357 hand
676 1298 818 1357 decoram
840 1293 957 1358 facinus
979 1299 1040 1356 tnis
1067 1295 1156 1356 iactis
1183 1295 1268 1355 iaeis.
1315 1296 1365 1358 b'ie

211 1395 344 1475 Lingius
367 1393 407 1457 de
425 1392 515 1458 hiatu
537 1412 566 1473 p.
589 1399 630 1458 45
653 1410 711 1473 pro
732 1392 819 1473 vulg.
842 1394 927 1469 teo,
949 1392 1003 1471 qui
1025 1391 1120 1457 dieit:
1141 1390 1270 1470 ‚Magis
1294 1409 1366 1456 con-

210 1494 299 1557 venit
320 1495 367 1553 oet
387 1491 526 1556 sermoni
549 1491 633 1555 senis
660 1489 762 1555 timidi
787 1496 820 1554 et
849 1488 1088 1570 ingemiscentis
1121 1508 1158 1554 ac
1191 1488 1303 1554 deludi
1332 1507 1365 1552 se

210 1591 250 1655 ab
273 1589 374 1654 altero
397 1587 604 1669 suspicantis,
627 1605 722 1668 quam
737 1591 815 1666 teto,
838 1586 924 1667 quod
938 1604 1001 1651 non
1017 1588 1078 1651 nisi
1094 1588 1124 1651 in
1139 1587 1363 1654 cohortatione

210 1694 245 1753 et
265 1689 367 1752 ironia
389 1686 494 1751 locum
516 1685 642 1751 habet.“
680 1685 735 1765 IV,
751 1691 781 1764 9,
800 1689 856 1749 10:
878 1687 940 1746 Hei
962 1703 1008 1747 me
1031 1690 1188 1765 miserum,
1212 1690 1361 1748 miseran.

208 1819 251 1830 -
273 1790 334 1848 Em
355 1786 458 1850 Plaut.
489 1784 581 1865 Epid.
606 1784 642 1854 V,
664 1789 698 1861 2,
727 1788 777 1847 17;
809 1788 871 1846 Em
896 1781 963 1863 (sie
984 1781 1057 1864 Ap),
1085 1788 1212 1847 ostendo
1243 1784 1362 1846 mannsl

209 1883 297 1948 Idem
321 1895 369 1947 est
392 1886 466 1945 ten.
516 1881 604 1947 Haec
631 1881 810 1947 interiectio
832 1880 930 1945 habet
957 1884 990 1954 a)
1013 1879 1278 1961 significationem
1309 1881 1362 1945 de-

208 1981 457 2045 monstrativam.
501 1979 605 2045 Plaut.
629 1979 699 2044 Aul.
723 1979 769 2049 11.
796 1983 827 2055 1,
856 1984 891 2043 16
920 1982 999 2040 Hem
1020 1977 1143 2043 addidit
1164 1979 1361 2058 Herm.,‚re·

209 2078 293 2159 cepit
308 2077 410 2142 Goell.
427 2076 619 2143 Balbachius
630 2078 753 2143 observ.
770 2077 873 2142 Plaut.
887 2095 916 2157 p.
930 2082 971 2141 57
983 2075 1062 2140 haee
1074 2076 1186 2140 attulit
1200 2076 1361 2157 exempla:

207 2175 302 2240 Poen.
324 2175 357 2254 1,
384 2180 417 2254 1,
441 2181 498 2242 te:
522 2179 601 2238 Hem
623 2196 740 2238 amores
762 2188 838 2240 tuos.
882 2175 978 2239 Mero.
995 2173 1037 2249 11,
1053 2178 1082 2250 2,
1095 2180 1152 2239 42:
1174 2178 1207 2237 Si
1224 2195 1361 2252 nmquam

208 2276 322 2335 vidistis
345 2276 456 2350 pictum
479 2284 658 2348 amatorem,
685 2293 729 2336 ern
751 2278 818 2360 illie
842 2284 898 2336 est.
946 2271 1028 2336 Rud.
1056 2272 1087 2351 Ι,
1117 2277 1150 2348 2,
1181 2276 1238 2337 88;
1271 2275 1360 2348 Hert,

206 2373 330 2433 Errabit
355 2375 444 2433 illaec
475 2375 572 2437 bodie.
624 2371 716 2437 True.
744 2372 793 2449 ΙΙ,
823 2375 858 2450 8,
880 2377 917 2436 4:
946 2374 1041 2432 iamne
1069 2372 1178 2433 abisti?
1206 2373 1290 2442 beor,
1318 2374 1358 2433 sic

208 2472 303 2532 datur.
348 2468 476 2533 Terent.
499 2470 596 2534 Andr.
621 2469 668 2543 Π,
691 2475 725 2550 6,
749 2476 807 2535 27:
830 2474 906 2531 Nam
930 2473 954 2530 si
978 2473 1077 2530 malist
1100 2472 1271 2546 quiequam,
1296 2471 1359 2529 beot

206 2572 269 2630 illie
293 2577 339 2629 est
361 2570 429 2629 huie
452 2572 496 2630 rei
519 2581 616 2646 capnt.
661 2569 1089 2655 1V‚o‚46:temSeerera.
1130 2567 1213 2631 Ibem
1231 2567 1358 2631 Reiuius

207 2671 329 2745 quaest.
360 2664 463 2729 Plant.
486 2684 515 2746 p.
542 2671 580 2730 14
604 2667 694 2731 haee:
723 2667 825 2730 Pluut.
854 2667 939 2731 Asin.
969 2666 1014 2741 ΙΙ,
1038 2671 1072 2744 2,
1101 2670 1156 2730 91;
1185 2667 1262 2727 dice.
1304 2664 1353 2728 nt

206 2766 285 2824 Hem
307 2767 383 2825 istuc
407 2782 470 2841 ago.
516 2764 809 2844 V,1,13:11em‚
838 2772 983 2841 aspecta,
1014 2766 1109 2826 video.
1155 2761 1250 2827 Cure.
1271 2762 1301 2836 Ι,
1323 2766 1351 2833 3,

208 2866 265 2927 39:
287 2865 365 2922 Hem
388 2866 441 2922 tibi
465 2865 540 2924 male
564 2866 652 2925 dietis
679 2883 734 2940 pro
762 2866 839 2925 istis.
884 2862 921 2932 V,
951 2867 984 2931 2,
1014 2865 1069 2926 26:
1096 2865 1191 2929 Hem.
1220 2870 1252 2922 nt
1277 2863 1353 2921 scias

205 2979 252 3021 ms
280 2962 406 3020 liberam
433 2979 511 3023 esse.
564 2959 654 3024 Adde
683 2961 798 3025 Pseud.
827 2959 860 3038 Ι,
881 2966 915 3038 5,
942 2964 1010 3024 103.
1056 2958 1094 3038 V,
1118 2964 1155 3036 2,
1183 2962 1242 3022 2οε
1268 2961 1353 3025 Hem,

206 3057 335 3136 [hercle]
360 3060 415 3119 hoe
438 3076 492 3133 ego
515 3077 670 3134 numquam
694 3067 775 3121 ratus
800 3079 863 3121 sum
885 3059 949 3121 fore
966 3061 1046 3119 mihi.
1092 3056 1182 3121 Pers.
1201 3057 1237 3134 V,
1253 3061 1284 3133 2,
1301 3061 1352 3120 29:

204 3156 298 3223 Hem,
331 3173 557 3230 samaraeum,
592 3155 632 3218 de
660 3173 722 3235 quo
750 3155 819 3220 loco
852 3156 995 3235 disputat
1022 3154 1219 3219 Fleckeisen.
1252 3172 1352 3218 exere.

207 3250 310 3315 Plaut.
334 3270 363 3332 p.
388 3258 428 3316 22
452 3252 576 3317 dicens:
599 3257 682 3322 ..oen
696 3272 784 3316 aaron
800 3259 852 3319 est
872 3253 1009 3319 formula
1023 3252 1271 3327 verberantium,
1294 3251 1351 3314 rid.

203 3349 276 3414 Ter.
307 3351 366 3415 Ad.
398 3350 444 3431 ΙΙ,
471 3356 500 3428 l,
529 3355 565 3414 18
595 3356 686 3427 (an,
711 3353 820 3430 sono),
849 3352 903 3416 ubi
931 3349 1056 3415 Ruhnk.
1087 3358 1173 3414 recte
1202 3348 1351 3430 explieat:

203 3445 294 3512 ’habe
316 3448 374 3513 tibi
395 3449 478 3513 hune
499 3447 685 3528 eolaphnm‘.
721 3448 858 3514 Diversa
872 3449 1030 3514 sententia
1045 3450 1139 3516 Hem,
1153 3465 1242 3509 servo
1256 3447 1351 3512 dictio

202 3543 322 3625 legitur
342 3547 374 3609 in
397 3546 468 3610 Ter.
492 3548 590 3609 Andr.
611 3545 660 3625 ΙΙ,
684 3551 718 3625 ὁ,
742 3544 793 3610 5.“
816 3548 865 3612 De
887 3550 952 3609 oen
974 3552 1056 3627 part.
1078 3546 1111 3609 in
1133 3545 1193 3609 bae
1207 3562 1243 3608 re
1260 3563 1350 3609 usur·

202 3649 279 3724 pata
301 3643 339 3708 ef.
364 3645 460 3708 etiam
475 3643 562 3707 Rost.
585 3661 691 3724 opusc.
714 3643 818 3708 Plaut.
841 3643 872 3724 1,
894 3663 925 3726 p·
950 3647 1026 3708 128:
1050 3647 1136 3723 „bern
1157 3650 1215 3707 aut
1237 3660 1298 3722 per
1317 3660 1350 3704 se

201 3739 302 3805 sotum
328 3745 377 3817 (ut
404 3740 435 3805 in
459 3739 584 3805 Curenl.
616 3740 654 3821 V,
679 3746 716 3821 2,
741 3744 805 3821 26),
832 3749 889 3808 aut
919 3742 1042 3808 adiecto
1069 3743 1126 3802 titi
1153 3739 1268 3819 (ibid),
1297 3744 1350 3802 aut

201 3837 248 3902 sie
278 3838 390 3902 etiam:
419 3841 497 3900 Hem
527 3858 596 3914 erqo
617 3843 670 3902 boe
691 3842 745 3901 tibi
768 3842 870 3919 (Asin.
894 3840 941 3920 ΙΙ,
975 3849 1009 3920 4,
1038 3844 1078 3905 25
1106 3836 1175 3920 [ubi
1202 3836 1349 3902 Taubm.:

201 3935 419 4015 „verberantis
442 3935 552 4017 est“])‚
576 3949 632 4001 aut
653 3956 724 4002 enm
746 3942 928 4004 accusativo
950 3937 1084 4003 nominis
1107 3935 1169 4013 rei,
1192 3935 1234 4000 ob
1257 3952 1350 4014 quam

200 4033 272 4112 quis
294 4033 485 4098 verberatur
507 4041 556 4103 (ut
577 4036 609 4098 in
631 4035 772 4100 Poenulo
795 4035 828 4115 1,
853 4042 886 4114 2,
913 4042 971 4100 169
996 4043 1029 4100 et
1055 4041 1131 4099 lto:
1153 4035 1235 4095 Hem
1249 4035 1348 4106 ooloo

201 4134 291 4193 toton
314 4134 382 4193 tibit
405 4134 484 4193 Hem
505 4136 579 4194 met!
600 4136 666 4195 ten
680 4139 748 4196 eorl
770 4137 1019 4198 bemootoatrom!
1041 4133 1265 4196 tentatorem!
1286 4133 1350 4191 beat

198 4231 337 4291 motum
360 4226 421 4310 [Δρ
444 4228 587 4312 suatum])
611 4247 766 4312 usurpare
789 4231 950 4312 solebant,
976 4230 1032 4312 qui
1060 4227 1208 4293 manibus
1230 4227 1271 4292 ob
1293 4226 1348 4289 ali·

199 4343 263 4405 quo
277 4343 397 4405 poenus
411 4328 630 4409 repetebant.“
654 4329 781 4395 Terent.
799 4332 897 4396 Andr.
912 4329 978 4408 ΙΙΙ,
994 4334 1029 4407 t,
1046 4333 1101 4393 tt:
1118 4329 1198 4387 Hem
1212 4329 1347 4387 astutias.

200 4421 233 4501 b)
256 4423 403 4489 Alterum
426 4444 528 4507 genus
551 4426 767 4507 exemplorum
790 4428 908 4493 attinet
929 4429 969 4493 ad
991 4427 1131 4493 animum
1154 4423 1348 4489 vehementi·

198 4521 246 4585 ori
267 4530 355 4587 motu
378 4525 578 4591 concitabunt.
623 4529 728 4607 Adnue
749 4527 797 4591 ita
817 4526 991 4607 loquuntur
1013 4527 1051 4605 ii,
1077 4523 1133 4604 qni
1159 4529 1218 4587 aut
1247 4520 1347 4600 mopi-
