3125 5075
206 361 269 420 394
661 350 789 398 erosos.
804 350 867 391 one.
881 351 918 390 rn

207 543 296 588 eurso
326 528 434 588 notetis
458 529 555 603 spetio
585 545 651 589 euru
678 529 751 589 meis
776 528 889 589 Gerere
912 527 1033 588 bellum·
1076 522 1165 591 Triu.
1186 524 1218 604 Ι,
1240 519 1285 606 ’2,
1311 532 1339 592 24

204 625 278 699 quid
307 623 412 686 renis?
456 624 585 690 Terent.
609 622 742 705 Adelpln
766 622 879 702 111,s,
903 626 960 688 ὅθι
1003 626 1084 702 oute
1104 624 1224 687 entem?
1246 651 1289 679 =
1310 646 1339 693 cr

202 738 281 787 vero
303 724 376 786 eret
395 720 519 787 iratus?
837 767 845 782 .

232 837 245 870 .·
292 836 320 901 g.
354 822 435 899 Quid
455 821 596 882 αάἐεοιὶυὸ
621 822 682 882 loeo
697 823 831 896 positum
857 818 944 899 epud
969 818 1070 884 solum
1099 818 1253 886 Plautum
1272 840 1339 904 repe

204 916 308 997 nitur,
338 916 484 998 inprimis
505 917 538 983 in
562 915 698 982 formula
719 919 792 993 quid
813 936 919 979 nomen
939 923 989 981 est.
1033 916 1149 983 Pseud.
1171 918 1228 999 IV,
1257 924 1286 999 2,
1310 925 1339 985 2]

203 1020 285 1096 Quid
306 1022 349 1079 esi
368 1020 398 1079 ei
420 1018 532 1078 homini
553 1020 683 1099 moen?
727 1015 809 1081 Rud.
833 1014 940 1095 1v‚4,
965 1018 1039 1081 116:
1073 1020 1146 1094 Die,
1176 1020 1209 1080 in
1232 1024 1339 1082 ensioul

204 1117 278 1190 quid
296 1133 403 1176 eomes
423 1117 464 1176 sit
484 1122 651 1191 paternum.
696 1131 725 1176 v.
752 1118 827 1177 119:
860 1117 1013 1191 Loquere,
1046 1119 1151 1178 rustris
1177 1135 1287 1178 morere
1317 1120 1339 1179 b·

203 1215 276 1289 eote
296 1218 327 1275 iu
351 1216 519 1275 securicula
540 1214 602 1275 siet.
648 1209 739 1291 Cape.
763 1209 803 1292 V,
826 1215 856 1288 3,
880 1214 915 1274 6:
937 1214 1019 1290 Quid
1036 1219 1103 1275 erat
1119 1217 1148 1275 ei
1162 1218 1339 1284 nomerr?,e

205 1327 234 1391 q.
258 1310 278 1373 l.
301 1309 373 1375 vide
396 1310 540 1376 Lindem.
583 1310 671 1375 Pers.
694 1308 750 1387 IV,
773 1316 804 1387 4,
828 1313 884 1373 71:
907 1313 981 1387 reid
1002 1330 1108 1374 nomes
1129 1314 1234 1374 tibist?
1279 1312 1339 1378 Tris

204 1408 260 1487 IV,
283 1412 313 1489 2,
337 1412 496 1488 61:01⁴&
517 1417 559 1471 est
581 1412 609 1471 ei
631 1411 756 1471 nomer?
778 1407 863 1472 Men
879 1406 939 1485 ΙΠ,
963 1412 993 1488 2,
1017 1413 1073 1474 33:
1097 1412 1270 1487 Responde,
1293 1414 1339 1474 odi

205 1512 332 1584 leseens,
355 1527 476 1587 quaeso,
498 1508 573 1583 quid
592 1527 698 1570 eomes
718 1509 823 1569 tibist?
866 1504 905 1585 V,
929 1512 958 1586 9,
983 1512 1038 1573 71:
1060 1510 1140 1586 Quid
1164 1516 1234 1570 erat
1259 1527 1339 1570 neure

203 1614 325 1668 nostroe
347 1607 462 1668 metri?
505 1605 618 1686 Amph.
633 1605 660 1685 Ι,
686 1611 714 1685 l,
738 1608 814 1669 208:
836 1606 909 1682 quid
929 1624 1034 1668 reomeo
1056 1608 1157 1669 tibur?
1202 1604 1283 1672 cist.
1305 1605 1339 1670 ll

204 1708 234 1783 2,
260 1707 334 1770 106:
371 1707 444 1780 qeet'd
464 1710 507 1767 eet
524 1723 628 1765 nomen
656 1713 725 1767 tuoe
748 1700 916 1767 Dominari
947 1705 1032 1780 (quid
1058 1705 1129 1784 Ap).
1173 1703 1291 1770 Pseud.
1314 1703 1339 1770 11

204 1807 233 1879 2,
255 1807 311 1866 41:
336 1806 409 1877 quid
429 1806 545 1866 esttibi
566 1805 692 1868 nornen?
734 1800 777 1881 11,
795 1806 824 1880 2,
841 1805 899 1865 58:
924 1804 978 1863 Set
999 1805 1071 1876 quid
1088 1809 1131 1865 est
1153 1806 1208 1865 tibi
1231 1808 1339 1865 uernat

204 1898 246 1978 ΙΙ,
268 1906 298 1979 4,
323 1904 379 1965 54:
417 1904 471 1963 Set
498 1902 572 1976 quid
591 1920 695 1963 nomen
724 1919 785 1964 esse
811 1902 908 1962 dioom
939 1920 994 1978 ego
1021 1904 1073 1962 isti
1100 1903 1208 1963 servo?
1253 1900 1339 1965 Etsi

203 1997 322 2063 dictum
356 2003 407 2064 est
438 1998 532 2063 etiem
561 1998 654 2064 Truo.
682 1998 725 2079 ll,
756 2004 787 2078 4,
821 2002 878 2062 31:
912 2000 992 2077 Quid
1024 2019 1078 2077 ego
1106 2001 1228 2074 facinus
1262 2003 1338 2062 ondit

203 2096 438 2179 (49184414).

287 2195 317 2259 h.
361 2198 447 2275 Quod
474 2212 601 2276 semper
618 2195 822 2280 ,merorum
848 2202 907 2260 est
952 2193 1004 2261 Sic
1031 2192 1111 2259 Ceto
1139 2193 1177 2258 R
1206 2193 1245 2258 R.
1273 2212 1299 2259 c.
1321 2199 1339 2257 l:

202 2295 364 2357 Praedium
393 2296 472 2371 qood
497 2297 624 2371 primurn
652 2296 712 2356 siet
738 2297 764 2355 si
792 2312 840 2356 me
867 2295 1004 2371 rogabis,
1038 2295 1082 2354 sio
1106 2294 1212 2355 diesin.
1255 2291 1339 2356 Pleut

201 2392 290 2459 Pers.
306 2392 362 2473 IV,
384 2395 415 2472 6,
441 2396 495 2457 18:
519 2394 607 2471 Quod
621 2399 669 2454 est
684 2395 738 2453 tibi
753 2394 878 2453 nomm?
922 2389 1004 2454 Rud.
1020 2388 1063 2469 Il,
1079 2395 1108 2468 3,
1130 2393 1183 2455 23:
1207 2395 1261 2454 Set
1280 2396 1339 2452 ister

196 2493 341 2568 periclum
368 2492 507 2568 perlubet
534 2492 612 2565 qreod
637 2490 729 2553 luerit
755 2481 839 2554 robis
870 2493 957 2553 seire.
1002 2487 1039 2569 V,
1071 2493 1100 2569 3,
1128 2493 1185 2554 20:
1222 2491 1339 2565 quodie

200 2595 289 2653 istum
320 2593 463 2651 talentum
490 2590 613 2665 poscis?
655 2587 729 2652 Aul.
749 2587 788 2668 V,
815 2594 868 2652 14:
892 2591 970 2663 quod
991 2608 1045 2666 ego
1068 2590 1189 2663 sorites
1212 2593 1296 2651 sudio
1315 2606 1339 2649 er

201 2691 252 2751 te?
296 2687 424 2751 Terent.
448 2686 562 2751 Heout
586 2686 624 2765 V,
649 2691 678 2764 2,
703 2692 736 2752 3:
769 2689 855 2766 Quod
876 2706 943 2748 nom
965 2689 1003 2749 ob
1027 2688 1167 2761 soenes?
1212 2684 1338 2752 Andri

203 2792 232 2865 5,
254 2791 290 2850 5:
323 2788 402 2861 quod
429 2789 550 2848 verbere
579 2786 689 2847 sudio?
732 2784 813 2848 Eun.
835 2783 878 2863 11,
902 2790 932 2863 3,
955 2787 1011 2848 63:
1043 2788 1121 2860 qood
1149 2788 1262 2849 4101414111
1289 2788 1339 2848 hui·

202 2887 279 2946 dono
303 2892 409 2947 contre
432 2892 594 2961 comperet,
619 2883 674 2948 ubi
695 2885 773 2958 quod
793 2882 901 2963 potius
923 2899 982 2964 pro
1004 2882 1237 2964 interrogativo
1259 2899 1339 2963 quen

202 2999 260 3062 pro
283 2982 417 3047 relativo
439 2981 614 3046 habuerim.
658 2979 718 3060 ΙΠ,
742 2985 770 3060 2,
795 2989 829 3046 4:
853 2983 931 3057 qood
952 2983 1035 3042 dedit
1056 2984 1247 3057 Principium
1269 2985 1337 3044 edre

203 3079 303 3142 niens!
347 3079 426 3146 Hee.
449 3079 492 3158 11,
518 3084 545 3158 l,
572 3085 605 3144 l:
641 3082 719 3155 qreod
741 3083 797 3142 hoc
818 3098 911 3155 penus
932 3088 993 3154 est,
1021 3099 1097 3156 quoe
1120 3083 1195 3143 hese
1218 3092 1266 3143 est
1288 3100 1338 3143 oon

202 3181 328 3241 iurotiot
372 3177 500 3244 Phorm.
523 3177 561 3258 V,
585 3182 614 3256 9,
637 3183 692 3244 59;
715 3188 747 3241 tu
770 3188 851 3241 tuone
874 3180 923 3239 dio
944 3197 1049 3242 eomer
1069 3180 1148 3253 qood
1170 3181 1218 3240 sit.

287 3281 338 3343 28.
384 3277 566 3357 Seperetini
595 3280 646 3341 est
680 3275 975 3342 commemorandus
1009 3275 1169 3341 ablativus
1200 3279 1269 3351 oui,
1302 3293 1339 3357 qu

201 3394 259 3457 per
293 3395 328 3441 se
362 3375 485 3456 positus
514 3370 778 3456 significationem
806 3373 988 3449 habetque
1021 3377 1152 3453 rodone,
1186 3393 1245 3448 quo
1266 3376 1339 3436 uod<

202 3474 259 3538 sed
286 3473 489 3554 coniungitur
517 3473 615 3537 etiem
647 3491 719 3538 eum
748 3472 986 3553 praepositione
1015 3491 1090 3534 erm.
1134 3470 1241 3538 Plout.
1262 3472 1339 3537 Poer

203 3572 240 3651 V,
262 3577 292 3653 4,
317 3576 371 3639 38:
404 3574 440 3634 Id
462 3591 517 3648 ego
540 3575 597 3634 nisi
622 3573 692 3649 quid
714 3574 745 3633 di
768 3580 820 3634 eut
840 3581 984 3650 parentes
1010 3572 1119 3648 faxint,
1159 3573 1213 3645 qur·
1241 3590 1339 3648 operer

202 3673 281 3733 beud
303 3675 376 3734 seio.
422 3668 474 3734 Sio
497 3668 610 3734 scribit
630 3668 657 3733 l.
673 3668 745 3733 Gul.
769 3686 827 3748 pro
849 3668 934 3749 vulg.
955 3671 1027 3745 quid
1047 3668 1168 3734 dicens:
1192 3668 1287 3749 „Qua
1307 3685 1339 3733 ro

203 3769 304 3848 tione,
337 3768 456 3848 inquit,
491 3785 622 3847 sperare
643 3768 776 3848 possim,
811 3767 926 3832 nescio.
949 3767 1010 3832 nisi
1034 3766 1195 3832 tamenin
1218 3767 1339 3831 diiseu

202 3866 391 3948 perentibus
418 3866 487 3947 opis
511 3865 632 3945 aliquid
657 3865 748 3930 nobis
775 3865 854 3930 est.“
899 3864 1123 3945 True.lV,2,
1151 3870 1205 3931 19:
1239 3867 1339 3942 quidm

202 3985 289 4043 quem
312 3969 398 4028 miles
420 3967 533 4043 megis?
576 3964 690 4029 Pseud.
715 3964 740 4042 I,
762 3969 792 4044 2,
821 3968 878 4028 22:
911 3965 971 4041 Qui
999 3966 1099 4027 nune?
1143 3962 1243 4028 Poen.
1268 3963 1339 4043 V,i

205 4069 257 4130 19:
279 4067 339 4143 Qui
361 4066 442 4128 seis?
487 4083 515 4128 v.
539 4068 596 4128 26:
619 4082 685 4126 uem
708 4067 761 4140 qui
782 4066 861 4126 seire
883 4066 982 4141 potui,
1006 4064 1054 4124 die
1076 4064 1158 4126 mibi.
1203 4060 1299 4126 Truc„
1324 4060 1339 4125 1

203 4166 258 4228 38:
292 4167 365 4243 Qui,
399 4166 523 4238 melum,
558 4166 639 4226 belle
666 4170 721 4224 eut
745 4161 886 4238 ieoeto’s,
921 4180 997 4238 quoe
1020 4180 1101 4223 smus
1123 4163 1273 4223 hominem
1297 4165 1338 4223 ist

202 4264 304 4325 modi?
348 4260 444 4327 Most.
466 4260 521 4340 IV,
546 4267 576 4340 2,
600 4268 632 4326 7;
666 4262 726 4339 Qui
751 4264 902 4337 parasitus
935 4278 990 4337 ego
1012 4260 1095 4322 sum?
1139 4257 1229 4323 Pers.
1253 4256 1339 4335 1V,e

203 4365 261 4424 41:
296 4363 414 4436 Indlos,
437 4364 566 4423 minume
588 4363 712 4423 deturus
736 4361 789 4435 poi
811 4363 867 4436 sis,
901 4361 952 4435 qui
973 4360 1042 4420 duci
1065 4365 1164 4436 queat.
1208 4353 1339 4421 1111111
