3125 5075
607 368 758 410 DOOTRIM
786 369 1022 412 veneronum.
1080 379 1085 392 “
1294 380 1357 442 325

198 573 287 628 esse,
312 556 388 630 siqui
411 556 579 618 secrufieat.
622 554 687 633 111,
712 562 744 634 3,
769 561 788 622 3
811 575 864 637 sq:
888 558 998 634 [Nullo
1019 558 1101 635 spes]
1121 577 1174 620 rrae
1188 563 1265 621 riast
1279 578 1356 636 quse

198 654 329 712 sulutem
352 651 488 720 unierat,
512 654 588 728 [Nee
611 656 719 716 ecimus
742 653 894 730 suumin]
916 664 1032 730 partem
1056 657 1172 732 ingredi
1194 676 1356 733 persequa-

199 766 276 810 mur.
322 747 376 827 IV,
400 752 436 823 3,
461 753 518 813 53:
550 752 603 810 Vel
632 753 710 826 quod
740 754 770 814 in
798 754 873 813 mari
899 770 961 812 otoo
985 761 1118 816 natumst
1145 771 1237 828 mque
1266 757 1357 816 habet

200 864 343 923 squamas
373 865 409 907 ne
433 847 524 908 feras.
569 845 697 912 Terent.
726 846 824 914 Andr·
854 847 943 926 1,2,
974 853 1007 914 7:
1037 852 1095 925 Qui
1119 882 1156 894 -
1185 852 1358 925 Numquam

200 947 363 1020 quoiquam
386 952 518 1005 nostrum
543 946 663 1006 verbum
687 947 875 1019 fecisseque
896 948 928 1007 id
950 963 1041 1023 aegre
1063 950 1141 1008 tulit.
1187 951 1221 1024 3,
1249 953 1280 1011 l:
1313 950 1359 1009 nil

200 1044 294 1102 loeist
315 1044 458 1117 segnitiae
484 1059 577 1115 oeque
602 1045 767 1106 socordiae.
812 1042 893 1108 Eun.
916 1042 945 1121 1,
972 1049 1004 1119 1,
1028 1048 1064 1107 5:
1096 1046 1141 1103 nil
1162 1048 1244 1118 prius
1266 1064 1358 1119 orgae

200 1138 319 1200 lortius.
368 1136 420 1216 ΙΙ,
451 1143 482 1216 1,
512 1142 553 1208 20
579 1155 639 1217 stt:
668 1142 724 1201 hoo
758 1160 842 1202 sterno
878 1141 935 1203 tuit
967 1144 1068 1203 Minus
1101 1144 1235 1218 ineptus,
1263 1145 1357 1218 magis

199 1254 326 1297 seuerus
350 1240 503 1312 quisquam
526 1255 579 1298 roeo
601 1239 693 1313 mugio
717 1242 882 1302 continens.
927 1237 1044 1303 fleant.
1067 1235 1117 1316 ΙΙ,
1141 1241 1177 1317 3,
1202 1242 1258 1301 73:
1287 1240 1359 1300 Nou

198 1334 236 1396 fit
258 1337 324 1396 siue
345 1336 463 1411 periclo
486 1334 601 1397 lacinus
624 1353 759 1411 magnum
782 1354 837 1399 uec
857 1338 1057 1400 memorabile.

289 1428 311 1495 i.
341 1429 585 1512 componuntur
607 1449 677 1495 eum
700 1451 752 1494 nee
767 1433 875 1511 verba,
897 1452 980 1514 quae
1001 1433 1134 1498 alterum
1155 1436 1358 1514 negationem

199 1529 236 1592 iu
259 1545 294 1592 ue
317 1527 445 1606 hahent.
467 1528 568 1594 veluti
590 1548 707 1605 negare,
727 1532 815 1599 nolle,
834 1534 965 1609 aequin,
988 1532 1034 1595 ita
1055 1536 1092 1593 ut
1113 1530 1146 1594 in
1161 1532 1250 1596 verbi
1264 1532 1358 1598 istius

200 1626 321 1690 iterum
350 1625 488 1705 ponendi
516 1627 618 1691 vicem
647 1627 798 1691 succedat
827 1627 985 1707 particulo
1011 1628 1052 1706 (v.
1082 1627 1185 1692 Hand.
1215 1646 1244 1708 p.
1279 1634 1358 1701 123).

201 1722 306 1788 Pluut
330 1722 427 1789 Poen.
454 1723 517 1799 ΙΙΙ,
546 1730 580 1801 li,
610 1729 668 1789 32:
700 1727 855 1803 Negasne,
893 1728 973 1803 apud
1007 1738 1036 1788 te
1071 1745 1137 1788 esse
1171 1745 1275 1788 surum
1307 1745 1359 1788 oea

201 1840 320 1886 semem
345 1823 461 1885 meum?
508 1821 545 1899 V,
568 1826 605 1899 3,
631 1826 684 1886 1οι
714 1826 821 1885 Mirari
844 1826 905 1884 »οὔ
926 1842 1018 1898 oeque
1039 1843 1086 1885 me
1109 1826 1358 1900 contemplarieri

200 1917 276 1988 Ter.
299 1918 380 1984 Eun
405 1917 471 1998 ΙΙΙ,
492 1924 527 1995 4,
552 1925 587 1981 9:
610 1937 719 1993 trequeo
741 1925 815 1982 eatis
838 1925 1055 1995 miseriaeque
1077 1925 1224 1984 conicere.

288 2034 318 2096 g.
356 2015 395 2080 lu
418 2016 568 2096 negativa
591 2017 765 2095 sententis,
790 2018 843 2082 uhi
866 2018 1037 2083 disiunctio
1067 2035 1126 2097 per
1148 2024 1201 2079 out
1226 2017 1360 2098 exprimi

201 2118 333 2194 potest,
354 2114 516 2178 interdum
538 2132 591 2175 uec
612 2115 756 2192 ponitur,
780 2116 953 2196 negatione
974 2115 1145 2195 duplicata
1190 2115 1261 2179 Ter.
1278 2116 1359 2179 Eun.

201 2210 243 2289 V,
266 2215 304 2289 8,
326 2215 385 2275 47:
416 2216 509 2288 mugis
531 2224 716 2288 opportunus
738 2232 792 2276 oee
812 2218 906 2290 magis
929 2234 966 2276 ex
993 2234 1047 2275 usu
1075 2221 1126 2274 tuo
1154 2214 1290 2289 Nestos,
1319 2212 1359 2276 de

201 2326 269 2388 quo
291 2308 361 2374 loeo
389 2309 462 2373 vide
484 2308 581 2374 Huas.
609 2309 650 2373 ael
676 2309 794 2391 Reisig.
823 2329 852 2391 p.
880 2316 958 2388 409,
989 2310 1094 2375 adnot
1124 2312 1197 2373 406.
1242 2308 1358 2374 Heaut.

202 2405 235 2485 1,
265 2410 299 2485 1,
333 2413 388 2472 ll:
418 2427 520 2482 ugrum
550 2410 595 2467 his
627 2410 800 2482 regionibus
827 2411 984 2470 Meliorem
1012 2425 1104 2481 raeque
1133 2408 1212 2481 preti
1237 2409 1358 2469 maioris

202 2522 287 2575 nmo
310 2507 410 2579 habet
434 2505 518 2583 quod
534 2502 673 2569 Hessius
696 2521 753 2584 per
775 2504 1020 2571 disiunctionem
1032 2504 1078 2569 ita
1092 2501 1247 2582 explicet:
1267 2520 1361 2568 nemo

202 2601 303 2668 habet
325 2618 429 2680 neque
452 2602 614 2667 meliorem
642 2618 746 2680 neque
774 2603 858 2683 preti
885 2603 1023 2668 muioris.
1068 2599 1203 2680 Adelph.
1235 2599 1298 2677 ΙΙΙ,
1329 2606 1360 2679 t,

205 2704 247 2765 34
270 2716 332 2780 sq.:
356 2719 416 2761 noo
438 2704 532 2763 malus
554 2701 657 2774 o‘eque
679 2703 770 2764 iners.

290 2797 320 2862 ln
360 2797 395 2860 ln
426 2797 611 2861 adiiciendis
638 2797 796 2876 negativis
823 2799 1004 2878 sententiis,
1032 2815 1113 2878 quae
1140 2796 1249 2875 plures
1276 2800 1361 2872 sunt,

202 2916 298 2973 segre
319 2901 355 2959 et
373 2914 427 2957 ooo
449 2894 498 2959 bis
520 2904 552 2958 et
574 2899 625 2958 ter
648 2900 682 2958 et
703 2900 819 2973 quater
847 2897 921 2974 poni
951 2900 1069 2976 potest.
1113 2893 1215 2958 Pluut
1244 2891 1360 2958 Pseud.

203 2994 271 3072 ΙΙΙ,
295 3000 330 3071 7,
356 2998 416 3059 113
438 3009 504 3070 sq.:

290 3095 358 3168 Ego
379 3110 432 3157 uec
454 3093 686 3165 sucophantiose
710 3093 867 3165 quiequam
888 3108 945 3166 ego
966 3109 1019 3150 nee
1041 3091 1175 3151 malefice

292 3191 396 3263 Neque
416 3193 507 3251 istum
529 3191 706 3251 Pseudulum
730 3189 866 3247 mortalis
889 3189 939 3261 qui
963 3190 1002 3247 sit
1025 3189 1092 3247 novi
1113 3204 1206 3259 neque
1227 3188 1297 3247 seio.

205 3288 278 3357 Hoc
298 3291 406 3351 eutem
429 3285 499 3352 loeo
522 3292 675 3365 quattuor
698 3283 752 3347 illa
774 3302 827 3347 nee
848 3288 882 3346 et
901 3300 994 3358 segue
1015 3299 1077 3346 non
1100 3287 1175 3346 sunt
1197 3282 1229 3342 ἐκ
1245 3277 1362 3358 παραλ-

205 3378 300 3467 λήλου
324 3384 442 3462 posita,
466 3383 522 3448 sed
545 3385 648 3465 prime
679 3381 860 3447 enuntiatio
879 3380 1035 3460 bipertita
1061 3384 1110 3442 est
1137 3395 1196 3456 per
1222 3396 1274 3440 nec
1302 3395 1362 3441 sue.

206 3516 250 3535 «-
283 3500 337 3543 seo
366 3483 512 3555 malefice,
540 3481 591 3545 oui
619 3479 803 3559 adiungitur
830 3477 887 3544 ills
914 3480 1016 3551 Neque
1046 3511 1088 3523 -
1117 3477 1202 3550 noui,
1234 3481 1268 3538 et
1289 3474 1364 3540 huie

206 3583 327 3647 iterum
350 3579 418 3644 sine
442 3580 472 3642 vi
495 3577 716 3642 disiunctiouis
739 3595 798 3656 per
819 3574 1043 3655 repetitionem
1065 3572 1189 3637 adnexa
1214 3577 1289 3636 sunt
1316 3590 1364 3633 ue·

206 3699 262 3756 ose
284 3681 356 3740 seio.
401 3676 526 3740 Terent.
550 3675 648 3739 Andr.
672 3675 704 3752 1,
729 3681 762 3753 5,
785 3675 828 3737 44
850 3691 912 3752 sq.:
935 3677 977 3737 Ut
999 3689 1090 3745 noque
1113 3689 1158 3731 me
1180 3669 1364 3731 consuetudo

206 3795 302 3853 neque
323 3793 407 3837 amor
427 3792 522 3848 oeque
544 3776 640 3849 pudor
664 3775 968 3845 commotorumque
991 3776 1185 3845 commoueat,
1202 3775 1235 3830 ut
1249 3781 1365 3828 servem

206 3877 307 3939 fidem.
351 3872 413 3937 Hie
434 3871 498 3937 trin
520 3871 628 3950 priora
649 3890 742 3945 oeque
763 3875 840 3934 eunt
861 3869 893 3929 er
914 3860 1109 3946 παραλλήλου
1124 3863 1246 3944 posits,
1270 3878 1363 3940 quer·

207 3979 278 4039 tum
300 3989 392 4046 neque
413 3970 597 4035 adiunctum
619 3973 669 4034 est
684 3967 781 4032 verbo
797 3966 914 4048 prioris
929 3960 1160 4031 enuntiationis
1179 3962 1365 4022 ammovet.

208 4067 347 4148 Adelph.
370 4065 402 4147 Ι,
426 4072 460 4149 2,
485 4071 539 4131 61:
570 4069 633 4129 Nee
662 4070 703 4128 nil
725 4084 818 4139 tregue
845 4068 945 4127 omnia
973 4067 1048 4123 hoec
1079 4070 1149 4123 sunt
1175 4076 1250 4134 qnue
1281 4057 1365 4116 dicit.

207 4166 275 4246 ΙΠ,
299 4170 334 4245 2,
355 4171 396 4231 50
419 4182 478 4245 stt:
503 4168 621 4243 quondo
643 4184 698 4242 ego
722 4167 843 4225 eonseiu
864 4164 937 4224 mihi
959 4180 1032 4227 sum,
1055 4176 1073 4219 u
1095 4176 1141 4217 me
1164 4159 1281 4230 eulpam
1297 4170 1366 4214 esse

209 4269 289 4328 hane
312 4269 432 4342 procul,
457 4267 558 4338 Neque
574 4267 705 4340 pretium
727 4278 818 4333 neque
834 4278 896 4321 rem
918 4261 1008 4321 ullum
1024 4256 1232 4317 intercessisse
1256 4282 1294 4294 -
1319 4252 1366 4309 in·

208 4368 345 4442 diguam,
367 4395 410 4406 —
432 4361 596 4436 Experiar,
619 4360 674 4424 ubi
696 4357 799 4425 alters
821 4355 982 4423 sententia
1002 4371 1061 4434 per
1090 4353 1192 4426 Neque
1212 4355 1288 4424 pret.
1318 4361 1367 4409 m-
