3125 5075
369 386 385 424 1.
413 384 584 424 Plronoussna
598 384 790 431 reasonable,
806 384 986 425 Poeansswu.
1002 386 1174 425 nunussxlvn.
1287 396 1348 452 349

198 566 224 618 et
240 561 402 634 sopienda
424 579 501 637 quac
523 568 554 621 te
576 562 654 621 velle
677 561 856 621 arbitrabor.
900 558 982 623 Rud.
998 558 1053 639 IV,
1076 564 1107 638 4,
1130 565 1185 624 71:
1208 563 1283 622 Turn
1298 563 1350 637 pol

200 662 226 716 tn
241 674 301 731 pro
322 659 457 719 cratim
482 676 538 719 nec
560 660 606 719 nir
633 676 689 718 nec
712 661 820 718 mulier
842 656 955 732 mibi’r,
983 656 1025 721 ad
1050 673 1079 736 q.
1105 657 1125 721 l.
1151 657 1176 723 1.
1201 656 1349 722 Gulielm.

201 750 273 818 baec
297 753 447 820 adnotat:
486 760 661 836 „quantum
689 754 900 818 exoratione
936 759 994 818 tua
1020 753 1149 835 colligo,
1184 760 1221 819 ut
1252 754 1351 819 verba

202 847 302 914 ineuf‘
325 850 453 917 Terent
476 851 603 918 Phorm.
627 852 653 931 Ι,
676 857 706 928 4,
732 855 785 914 18:
815 854 894 913 Satis
916 872 972 929 pro
995 856 1121 929 inperio,
1151 858 1282 932 quisquis
1306 873 1349 929 es,

206 947 278 1025 qnod
300 954 407 1015 tamen
430 951 527 1014 etiam
549 951 590 1014 ad
615 954 632 1012 b
653 953 801 1029 spectare
813 954 930 1028 potest,
954 954 990 1012 ut
1006 950 1063 1014 sit:
1086 951 1165 1015 satis
1180 951 1351 1031 imperiose

209 1043 351 1125 loqueris,
385 1053 422 1112 ut
452 1047 532 1128 expl.
557 1049 712 1112 Donatus.
758 1045 892 1127 Adelph.
921 1045 948 1126 I,
980 1052 1007 1125 1,
1036 1052 1075 1111 27
1088 1070 1094 1110 :
1139 1068 1199 1110 non
1222 1068 1347 1111 necesso

212 1145 292 1207 babeo
307 1149 406 1209 omnia
427 1147 490 1206 Pro
511 1165 574 1207 meo
596 1148 663 1207 iure
685 1164 783 1223 agere.

483 1362 541 1440 ΙΙΙ.
594 1362 763 1441 Doctrina
790 1363 1053 1462 pronominum.

702 1555 773 1629 Cap.
798 1555 848 1613 VI.

259 1716 535 1785 lPronomina
556 1721 801 1801 personalia,
823 1721 1068 1801 possessiva,
1092 1718 1291 1785 reflexiva.

287 1930 312 1989 l.
357 1924 394 1987 ln
416 1925 611 1990 nominativo
638 1932 802 2006 ponuntur
824 1924 1010 2006 pronomina
1024 1925 1214 2005 personalia,
1237 1926 1264 1990 si
1280 1927 1350 2005 pln-

220 2035 257 2083 res
274 2039 425 2102 personae
449 2022 675 2088 discernendae
698 2029 782 2102 sunt,
805 2041 888 2102 qnae
911 2022 971 2087 sibi
995 2040 1030 2086 re
1053 2040 1130 2087 vera
1151 2028 1209 2086 aut
1230 2024 1351 2104 cogita·

221 2118 287 2183 tione
307 2126 395 2184 certe
418 2127 636 2202 opponuntur,
658 2120 785 2185 omnino
808 2122 835 2183 si
855 2122 903 2185 vis
927 2120 1056 2186 additur
1077 2122 1240 2201 personis,
1269 2140 1351 2201 quae

219 2212 264 2279 illis
282 2215 477 2299 significatae
501 2222 584 2284 eunt.
608 2216 661 2282 Sic
682 2217 786 2282 Plaut
803 2219 898 2282 Most.
915 2217 939 2294 Ι,
965 2223 994 2296 3,
1021 2223 1095 2281 147;
1120 2222 1166 2279 Ta
1189 2240 1234 2280 me
1258 2240 1349 2294 amas,

217 2327 299 2385 epoto
321 2336 397 2378 arno.
427 2315 498 2380 nul.
523 2316 564 2394 ΙΙ,
587 2324 616 2395 4,
639 2323 673 2379 4;
704 2320 753 2377 Me
777 2323 810 2377 iu
833 2318 950 2392 quidem
973 2319 1075 2377 hercle
1100 2319 1147 2378 hic
1169 2327 1229 2378 tarn
1252 2321 1351 2393 palam

215 2426 259 2472 non
278 2414 389 2476 divides
444 2413 496 2479 Sic
519 2414 620 2480 Goell.
652 2417 700 2475 Tu
726 2431 787 2476 om.
814 2414 904 2478 codd.
934 2418 1056 2493 septem
1088 2412 1190 2478 Parei.
1236 2414 1351 2478 Bacch.

214 2500 240 2579 V,
263 2514 288 2589 l,
311 2513 361 2588 22,
389 2514 444 2576 23:
468 2515 522 2574 Set
544 2518 585 2589 tu,
609 2514 686 2589 Quid
710 2513 812 2574 tibist?
835 2511 918 2577 Meu.
931 2512 969 2590 V,
986 2518 1014 2589 9,
1039 2516 1093 2576 58:
1116 2520 1251 2580 vositum
1274 2517 1354 2590 patri

209 2606 267 2669 Filii
296 2619 369 2684 quot
391 2613 505 2672 eratis?
529 2611 589 2689 (sic
611 2614 787 2690 praeeunte
811 2608 920 2675 Colvro
939 2609 1132 2675 Ritschelius
1147 2628 1206 2691 pro
1222 2611 1352 2691 vulgato

207 2710 349 2783 rostrum).
374 2707 467 2771 Truc.
484 2706 539 2787 IV,
556 2713 585 2786 3,
605 2713 657 2770 17:
683 2711 849 2782 accepistin
865 2729 990 2785 puerum
1006 2715 1038 2769 tu
1061 2711 1098 2770 ab
1114 2711 1170 2769 hac
1191 2709 1351 2788 (Kampm.

202 2802 239 2867 dc
258 2808 311 2867 AB
332 2823 364 2886 p.
391 2810 447 2869 15:
476 2804 668 2885 „singularis
690 2804 738 2866 vis
762 2804 795 2868 in
817 2807 1002 2885 pronomine
1026 2815 1073 2869 est
1097 2813 1229 2886 propter
1251 2825 1349 2888 oppo-

201 2902 377 2967 sitionem.“
421 2904 466 2969 Ib.
491 2903 517 2981 Ι,
541 2909 569 2980 2,
594 2908 653 2967 59:
691 2907 740 2964 Ta
761 2924 779 2964 a
803 2907 896 2978 nobis,
920 2909 1048 2981 sapiens,
1071 2909 1144 2966 nibil
1169 2908 1273 2980 babes,
1301 2925 1354 2968 cos

199 3003 249 3062 aba
271 3013 300 3064 te
326 3022 451 3078 nequam
473 3005 615 3064 habemns
639 3001 766 3080 (Kamp.
782 3000 803 3063 Ι.
817 3019 842 3064 c.
859 3001 965 3065 adnot.
990 3006 1024 3065 9:
1051 3003 1258 3080 „pronomina
1279 3021 1352 3083 per-

201 3099 320 3164 sonalia
342 3100 375 3162 in
391 3099 516 3164 duabus
539 3099 706 3162 sententiis
729 3098 908 3177 aequaliter
930 3098 990 3162 sibi
1014 3099 1212 3178 opposita.“).
1258 3100 1353 3165 Most.

199 3196 256 3276 111,
281 3204 310 3276 l,
335 3201 390 3261 58:
435 3201 510 3273 Heu,
534 3200 636 3258 hercle
659 3217 737 3258 nnnc
761 3204 794 3257 iu
817 3199 864 3257 abi
887 3200 974 3258 ruodo
997 3200 1123 3272 domum,
1148 3198 1201 3261 ubi
1219 3198 1356 3278 impera·

200 3296 262 3358 tivo
289 3295 435 3359 additum
464 3301 522 3358 est.
567 3294 616 3357 De
651 3311 714 3372 quo
743 3294 814 3358 loco
843 3293 974 3357 Rostius
1002 3299 1168 3358 comment
1195 3294 1299 3359 Plaut.
1322 3313 1352 3374 p.

200 3396 272 3457 245:
297 3391 495 3471 „Pronomen
519 3398 603 3454 tu—
616 3390 657 3455 ab
678 3391 766 3456 initio
791 3391 970 3455 sententiae
992 3391 1130 3470 positum
1152 3391 1293 3455 retertur
1315 3391 1356 3456 ad

200 3492 292 3555 aliam
328 3509 514 3571 personam,
551 3508 633 3570 qnae
663 3490 703 3553 ab
739 3490 845 3552 altera
877 3489 1027 3553 distincte
1059 3490 1238 3570 separanda
1274 3489 1354 3553 est.“

201 3587 395 3670 Praegrassa
415 3594 485 3653 erat
499 3587 725 3667 interrogatio:
751 3589 821 3663 quid
839 3591 887 3648 hic
910 3589 1081 3664 ungamini?
1105 3587 1243 3652 Additur
1257 3587 1357 3668 priori

202 3688 335 3753 duorum
357 3687 526 3751 verborum
571 3686 641 3749 Aul.
666 3684 708 3763 ΙΙ,
734 3693 762 3762 3,
787 3694 824 3748 4;
864 3689 972 3747 Filiam
1004 3688 1150 3761 despondi
1176 3705 1243 3761 epo;
1267 3689 1356 3747 hodie

203 3796 325 3864 nuptum
348 3788 417 3847 huic
437 3785 600 3860 Megadoro
623 3787 708 3845 dabo.
754 3781 884 3846 Terent.
909 3783 1005 3847 Andr.
1029 3783 1054 3859 Ι,
1081 3790 1107 3861 1,
1132 3789 1164 3846 1:
1190 3786 1247 3845 Vos
1262 3788 1356 3845 istaec

203 3887 279 3946 intro
308 3884 435 3946 auferte.
480 3882 560 3945 Eun.
588 3880 647 3960 ΙΙΙ,
677 3886 707 3961 3,
735 3885 790 3943 24:
836 3883 909 3942 heus
933 3883 1021 3958 heus,
1052 3885 1155 3958 ecquis
1177 3882 1247 3942 bic?
1290 3885 1357 3956 Epo

205 3976 265 4044 cunr
287 3984 442 4044 Chremes.

290 4085 320 4144 2.
356 4079 401 4145 Ut
423 4077 524 4141 maior
546 4076 642 4141 etiam
666 4075 714 4139 vis
740 4076 878 4140 addatur
900 4075 949 4139 his
971 4076 1220 4154 pronominibus
1244 4074 1359 4141 suffixa

207 4176 241 4241 iis
263 4177 519 4251 ponunturper,
555 4181 594 4245 te,
618 4179 677 4250 pte.
724 4171 777 4238 Sic
805 4173 997 4238 Schmidtius
1028 4173 1068 4238 de
1094 4193 1235 4253 pronom.
1262 4193 1293 4255 p.
1317 4177 1358 4238 26

208 4273 297 4340 docet
324 4272 480 4339 Catonern
504 4280 587 4349 oopte
609 4271 729 4336 dixisse
756 4290 816 4353 pro
844 4291 895 4334 vos
916 4273 975 4346 apsi
991 4275 1031 4336 et
1051 4274 1174 4346 mihipte
1199 4290 1256 4352 pro
1284 4274 1360 4335 milri

210 4373 263 4447 inei
284 4376 326 4450 (r.
349 4371 475 4437 Iordan.
497 4389 528 4452 p.
552 4374 593 4434 88
617 4377 650 4433 et
673 4368 740 4451 87).
777 4370 872 4434 Ennii
893 4377 993 4434 satur.
1015 4369 1075 4434 iuc.
1099 4369 1169 4435 libr.
1192 4369 1303 4451 tregru.
1327 4379 1358 4450 4,
