3125 5075
200 381 262 439 202
635 371 871 415 superuenere.
888 371 928 413 111

201 546 243 606 cui
262 563 301 609 ex
322 543 421 609 verbo
443 546 519 607 doto
543 545 685 626 pendeus
706 546 913 613 directionem
935 544 1027 627 quasi
1054 544 1095 609 ad
1111 542 1307 625 Sagarinum
1329 559 1344 607 e

203 650 324 708 motum
348 641 390 708 ed
411 641 501 714 illum
522 641 641 710 factum
670 645 834 724 exprimat.
878 643 1009 708 Terent.
1032 641 1149 707 Heaut
1171 639 1212 718 V,
1241 644 1273 721 2,
1305 643 1344 705 26

200 745 255 805 tibi
277 746 337 804 iam
360 760 426 804 esee
450 742 491 801 ad
510 761 640 804 eororam
662 746 818 821 intellego,
846 760 875 806 v.
898 740 1044 822 interptt.
1068 774 1111 785 -
1133 744 1162 804 2.
1186 738 1280 804 Haec
1302 736 1344 803 lot

201 835 392 921 significatio
413 837 490 903 item
512 838 706 906 transfertur
727 840 769 906 ad
791 844 929 920 tempus,
951 839 997 904 ita
1016 847 1052 903 ut
1066 835 1270 921 significetur
1289 852 1344 917 pro

201 937 362 1019 pinquitas
384 937 540 1017 temporis
561 937 725 1004 cuiusdam
742 956 813 1004 oum
834 957 873 1003 eo
894 943 1048 1019 tempore,
1073 952 1137 1015 quo
1152 934 1238 1001 actio
1253 932 1344 1014 aliqu

201 1032 246 1099 fit.
284 1033 363 1100 Cato
379 1034 468 1099 1111.
486 1053 512 1100 c.
531 1041 585 1100 17:
607 1040 659 1099 uhi
682 1040 840 1100 solstitium
863 1038 956 1098 fuerit
978 1037 1019 1095 ad
1040 1038 1185 1097 tramam.
1229 1030 1344 1099 (2105

203 1136 256 1195 Aa
274 1153 327 1196 oer
348 1135 503 1196 diffundito
526 1137 557 1196 in
580 1136 747 1212 amphoras.
791 1135 896 1200 Plaut.
916 1132 1032 1199 Pseud.
1048 1132 1102 1214 lv,
1126 1139 1155 1212 7,
1179 1136 1235 1197 783
1261 1136 1344 1197 alte!

201 1232 267 1308 (int.
290 1231 354 1308 die)
378 1234 418 1293 od
437 1234 598 1294 meridiem.

288 1335 339 1395 45.
375 1330 572 1394 Armenion
593 1349 660 1394 erem
675 1335 894 1407 praepositione
913 1333 953 1391 in
973 1331 1154 1393 eonium.
1201 1332 1229 1393 l.
1253 1329 1296 1388 In
1316 1345 1344 1395 ε

202 1424 333 1509 gnificat
352 1425 472 1508 aliquid
494 1427 541 1492 ita
563 1429 603 1493 ad
622 1428 726 1495 locum
753 1429 884 1509 moveri,
907 1428 999 1493 utin
1021 1426 1089 1492 eius
1111 1423 1203 1507 fines,
1225 1425 1295 1492 sive
1317 1427 1343 1493 i

202 1525 367 1608 planitiem
389 1525 547 1607 quandam
570 1526 637 1591 sive
661 1525 796 1592 solidum
820 1544 936 1608 corpus
958 1523 1138 1604 includunt,
1160 1523 1274 1603 intret,
1294 1525 1344 1589 sir

204 1630 254 1692 est
275 1642 391 1690 revera
412 1622 502 1689 locus
527 1624 594 1690 sive
622 1625 742 1707 aliquid
764 1624 983 1706 metaphorice
1010 1639 1070 1704 pro
1098 1622 1167 1687 loco
1195 1622 1343 1705 accipitur

202 1723 270 1789 Lex
291 1720 415 1787 Numae
439 1739 491 1802 ap.
512 1720 645 1787 Festum
668 1742 696 1788 1.
719 1727 820 1801 opima
842 1728 952 1802 spolia:
986 1729 1020 1787 in
1040 1729 1149 1789 Martie
1177 1743 1267 1788 aram
1291 1738 1344 1783 aar

205 1825 276 1884 dito.
321 1818 431 1885 Livius
447 1819 648 1885 Andronicus
664 1820 812 1903 Aegisthi
827 1820 865 1885 11.
884 1828 917 1887 73
940 1826 1026 1900 lpsua
1049 1843 1081 1887 se
1103 1825 1139 1884 ia
1159 1830 1270 1885 terrum
1292 1835 1344 1882 sau

205 1924 269 1983 cius
290 1921 369 1996 fligit
390 1920 511 1982 cadens.
556 1916 654 1983 Naev.
671 1918 806 2001 Lycurg.
828 1918 866 1985 11.
883 1925 902 1984 7
908 1942 916 1985 :
940 1924 1091 1985 Sublimen
1113 1923 1245 1984 allusio
1267 1920 1344 1981 aelia

204 2022 328 2079 inlicite.
373 2012 411 2080 ir.
438 2016 498 2081 inc.
527 2021 609 2097 trag.
633 2019 669 2081 6:
707 2021 737 2079 in
768 2026 894 2081 montes.
939 2017 1126 2085 Glauooma:
1165 2020 1243 2097 quod
1266 2019 1300 2077 de
1320 2028 1344 2072 et

211 2117 335 2192 opsonio
358 2116 433 2176 Stilo
455 2117 495 2176 mi
516 2117 550 2175 ia
571 2133 694 2176 monum
716 2120 849 2196 pupugit.
894 2116 992 2182 Naev.
1008 2118 1176 2200 Lycurgus
1197 2114 1236 2180 11.
1253 2119 1281 2194 5,
1303 2111 1344 2175 271

204 2218 245 2275 ite
272 2222 404 2276 actutum
433 2215 467 2272 ie
495 2214 680 2288 frondiferae
709 2217 792 2277 iocos.
837 2212 936 2280 Naeu.
966 2215 1145 2298 Iphigenia:
1177 2234 1267 2291 passo
1292 2210 1343 2274 velo

203 2314 333 2374 donam
355 2315 454 2389 aquilo
476 2313 510 2371 in
525 2316 649 2387 portum
672 2331 741 2374 oras
764 2312 852 2375 ierat.
885 2312 998 2379 Naevii
1015 2311 1251 2378 Andromacha:
1276 2304 1343 2385 Quoi

204 2419 251 2487 tu,
280 2413 447 2488 mighem,
480 2428 592 2485 quaeso
614 2419 648 2471 ut
667 2413 701 2469 io
723 2419 829 2487 pectus
858 2420 941 2473 tuum
962 2415 1127 2487 Demi-tae,
1158 2404 1344 2488 tamqnamit

202 2512 337 2583 fiscinam
352 2509 558 2571 vindemiator.
582 2506 681 2573 Naev.
694 2506 764 2573 bell.
786 2507 864 2573 Pun.
881 2508 901 2575 l.
918 2508 943 2591 1,
965 2507 1004 2575 ir.
1017 2515 1038 2575 4
1052 2508 1204 2574 Vahlen:
1227 2509 1267 2569 Ei
1280 2503 1344 2568 verit

201 2611 235 2668 in
248 2612 371 2668 meatem
386 2609 534 2667 hominum
550 2608 696 2668 fortunae.
721 2605 741 2671 l.
757 2606 819 2686 ΙΙΙ,
841 2605 879 2671 fr.
897 2613 929 2674 3:
952 2613 1071 2671 Partem
1088 2610 1215 2670 exerciti
1228 2608 1262 2665 io
1277 2618 1344 2678 eope

203 2708 343 2767 ditionem
365 2706 456 2765 (lucit.
501 2702 581 2769 Cato
604 2702 641 2767 R.
663 2703 702 2768 R.
726 2723 750 2768 c.
774 2708 808 2769 6:
832 2710 977 2784 Ager-
999 2711 1049 2785 qui
1071 2709 1104 2766 in
1125 2710 1243 2767 mium
1268 2704 1344 2764 eoo

201 2805 285 2864 aium
309 2804 465 2879 spectabit.
511 2801 544 2867 0.
568 2808 624 2868 403
657 2805 691 2862 ia
713 2806 806 2865 alium
829 2807 923 2866 iocum
951 2806 1126 2868 transferre.
1173 2802 1206 2867 C.
1232 2807 1266 2866 6:
1299 2804 1344 2863 sin

208 2904 272 2962 sala
294 2902 327 2960 in
348 2901 501 2973 defrutove
523 2904 652 2964 condito.
697 2898 731 2964 O.
754 2905 811 2965 433
841 2904 932 2966 lecito
960 2907 997 2965 de
1021 2906 1127 2965 scrobe
1151 2920 1229 2979 aqua
1251 2902 1285 2960 ia
1305 2898 1344 2961 sai

207 3018 273 3060 oum
296 3000 417 3060 defluat.
456 2997 492 3062 0.
510 3004 564 3064 063
588 3002 701 3062 Caveat
723 3018 810 3076 qnam
834 3005 984 3064 minimum
1006 3004 1039 3061 in
1062 3001 1260 3062 ieronimum
1282 2998 1344 3060 eti

204 3098 306 3158 celiam
327 3100 504 3159 introeatur.
537 3096 571 3162 O.
588 3102 642 3161 67:
666 3116 759 3175 usque
784 3101 868 3175 adeo,
892 3103 987 3163 donea
1008 3102 1042 3159 in
1063 3102 1161 3161 iamim
1182 3098 1344 3173 persenam

208 3195 272 3260 lb.:
300 3198 397 3257 donee
417 3198 453 3255 in
474 3198 585 3257 01111411
607 3199 788 3272 pervenerit.
823 3194 856 3260 O.
884 3202 915 3261 1:
937 3201 971 3257 in
991 3199 1143 3258 meridiem
1165 3203 1296 3271 spectet.
1330 3188 1344 3256 (

207 3296 285 3357 1053
314 3296 361 3357 Ad
385 3313 437 3356 ver
461 3294 617 3355 diffundito
638 3296 672 3353 io
694 3298 863 3369 amphorae.
908 3292 941 3359 C.
967 3299 1042 3358 1113
1072 3297 1104 3357 Si
1126 3300 1210 3360 voles
1233 3296 1344 3360 stirei

202 3393 307 3453 meum
328 3394 430 3454 addita
451 3396 490 3454 eit
513 3411 569 3454 nec
591 3412 639 3456 ne.
678 3390 712 3457 C.
732 3397 809 3457 1153
834 3395 876 3453 In
895 3396 998 3456 uinum
1020 3400 1148 3456 meatum
1170 3399 1286 3458 veratri
1309 3402 1344 3457 ah

204 3493 385 3566 manipulum
410 3492 551 3552 coniicito
572 3493 607 3551 ia
629 3493 812 3566 ampliorem.
858 3488 892 3555 Ο.
908 3494 982 3558 1613
1005 3497 1106 3570 Usque
1130 3495 1237 3555 licebit
1260 3496 1344 3555 vella

206 3588 344 3649 (lonicum
359 3589 505 3648 insamae
525 3589 635 3651 viderie
656 3591 711 3651 ire.
756 3588 851 3653 Ennii
867 3588 1034 3655 Phoenicis
1049 3589 1088 3653 ir.
1106 3596 1142 3655 7:
1164 3595 1199 3652 io
1220 3593 1344 3667 orm

205 3688 344 3746 extollas.
367 3680 404 3747 11.
430 3689 485 3749 123
508 3687 542 3745 in
562 3689 659 3748 ultum
681 3689 819 3763 despexit
840 3707 932 3752 more.
955 3688 1049 3753 Ennii
1061 3687 1217 3755 Hecubae
1228 3688 1270 3755 11.
1285 3691 1344 3757 ezr·

204 3801 287 3858 quem
299 3816 343 3826 —
358 3784 477 3844 cadunt.
504 3782 598 3847 Ennii
614 3783 763 3850 Hectoris
778 3784 884 3850 lustra
897 3785 935 3851 11.
952 3790 982 3867 8,
1004 3804 1034 3849 v.
1052 3790 1127 3851 2103
1152 3792 1284 3851 eontulit
1302 3806 1344 3850 eet

206 3882 241 3941 in
256 3882 353 3956 pedes.
398 3879 491 3944 Ennii
515 3881 616 3946 annal.
641 3883 701 3947 ino.
726 3881 811 3948 sedis
833 3880 947 3964 fragm.
973 3887 1029 3949 923
1059 3887 1100 3945 In
1122 3891 1234 3947 montes
1250 3886 1344 3961 paui

205 3986 237 4040 et
259 3981 298 4040 ad
320 3981 501 4041 incunabula
523 3990 636 4043 nostra.
659 3978 698 4046 11.
718 3986 792 4045 1323
816 3992 960 4059 urgentur
980 3983 1013 4041 in
1034 4002 1137 4044 amm.
1160 3979 1199 4047 fr.
1216 3988 1252 4049 93
1276 3985 1344 4045 et'l

207 4077 290 4139 heris
313 4077 422 4138 flumen
444 4082 536 4139 vomit
557 4081 591 4138 in
611 4098 695 4141 more
714 4081 836 4143 salsum.
869 4077 907 4143 11.
929 4083 980 4144 18:
1004 4084 1145 4143 redinunt
1165 4083 1209 4142 Iis
1223 4083 1344 4157 pasin

207 4173 301 4238 Ennii
316 4174 420 4239 annal.
437 4174 541 4256 XVII,
563 4173 602 4240 11.
622 4183 656 4240 4:
679 4180 808 4239 Tollitur
821 4180 856 4239 io
869 4180 983 4240 eoelum
998 4183 1111 4241 clamor
1127 4188 1251 4242 exortus
1266 4183 1344 4241 utriu

206 4290 273 4347 que.
307 4272 418 4337 Annei.
434 4272 493 4336 ine.
511 4274 595 4338 sedis
611 4272 722 4355 fragm.
740 4281 794 4339 77:
819 4278 957 4338 Pertulit
978 4278 1011 4336 in
1032 4278 1119 4338 latre.
1153 4276 1251 4341 Ennii
1266 4292 1344 4342 annu

205 4364 226 4430 l.
249 4367 304 4447 lv,
336 4368 375 4433 fr.
400 4375 432 4435 2:
467 4377 615 4448 Atinae,
646 4392 709 4435 enm
733 4371 774 4449 (h.
799 4390 826 4437 e.
849 4377 934 4446 eum)
957 4393 1032 4451 quae
1055 4377 1174 4438 dedant
1195 4378 1227 4434 iu
1251 4378 1341 4437 lumin
