3125 5075
274 363 335 425 322
567 354 629 394 ΟΑΡ.
643 354 687 394 KV.
715 351 862 392 DOCTRINA
889 349 1138 392 nuuncurioreuu.

275 559 410 622 quorum
432 542 595 606 notionem
618 540 712 605 tollit.
757 539 810 604 Sic
832 538 913 605 Ceto
935 538 972 603 e
996 538 1033 603 R.
1057 558 1083 605 o.
1110 543 1142 601 l:
1171 539 1346 614 relinquere
1374 555 1426 596 noe

273 644 408 704 multum.
447 638 480 702 0.
506 643 540 701 5:
564 638 622 699 Per
644 648 761 714 tempus
785 656 850 699 eam
866 640 1004 715 condito,
1025 656 1086 698 uos
1095 636 1285 712 mumdum.
1326 631 1361 698 C.
1377 638 1428 697 35:

274 741 385 800 Fabam
409 742 439 798 iu
463 740 538 798 loeis
560 755 619 795 oon
641 738 822 798 calamitosis
844 738 947 798 serito.
992 731 1027 798 Ο.
1056 739 1111 798 36;
1140 738 1325 809 ablaqueato
1351 735 1429 808 prius

250 854 334 895 -non
356 838 423 895 otte.
469 830 502 895 C.
530 836 606 895 156:
629 840 698 908 post
718 851 756 894 ea
777 851 883 910 equam
906 832 1062 894 defundito
1084 850 1146 892 son
1168 849 1292 892 οιιιιιοιιι.
1332 827 1429 892 Pluut

274 931 362 995 Asin.
393 929 449 1008 IV,
481 935 515 1008 l,
547 933 600 994 63:
635 933 718 990 Heee
747 938 818 991 eunt
841 948 901 989 oon
929 948 1036 1005 noque
1091 928 1258 993 Interdum
1292 946 1353 989 uos
1378 943 1432 1007 per

274 1027 401 1106 ἔμφασιν
429 1027 602 1107 repetitur,
636 1032 673 1090 ut
697 1025 770 1090 Ter.
801 1025 927 1092 Pharna
956 1026 1004 1106 11,
1033 1032 1065 1105 l,
1094 1030 1150 1090 73:
1186 1026 1272 1094 Nou,
1300 1043 1362 1085 sou
1393 1027 1432 1085 sic

275 1123 449 1186 futurumst:
473 1133 663 1199 suspense.
710 1122 842 1203 Adelph.
867 1123 900 1204 Ι,
924 1129 957 1203 2,
982 1128 1039 1188 22;
1069 1126 1140 1185 Nou
1160 1130 1204 1184 est
1225 1122 1374 1199 flagitium
1395 1155 1433 1166 -

275 1224 530 1283 adulescentulum
565 1223 698 1302 Scortari
734 1242 791 1280 -—:
826 1239 886 1281 oon
917 1226 973 1284 eet:
1007 1239 1104 1297 neque
1134 1220 1210 1282 ioris
1244 1219 1431 1297 Eefringere.

275 1319 325 1383 De
347 1336 408 1380 non
430 1318 464 1381 in
485 1316 649 1399 responsis
671 1316 863 1395 negantibus
877 1316 983 1398 posito
999 1317 1072 1382 uide
1087 1314 1106 1397 ς
1122 1320 1171 1381 23.
1209 1314 1315 1381 Recte
1331 1322 1435 1380 eutem

276 1414 422 1479 Hendius
445 1433 474 1495 p.
499 1418 560 1479 269
585 1413 706 1491 docuit,
731 1414 785 1478 ubi
809 1413 1027 1495 simplexme
1044 1413 1078 1480 in
1099 1412 1265 1494 responsis
1289 1419 1435 1494 ponatur,

275 1531 402 1592 semper
425 1512 573 1590 verbum,
597 1527 660 1588 quo
683 1510 858 1591 pertineat,
882 1529 921 1576 er
943 1512 996 1588 iis,
1019 1527 1103 1592 quae
1125 1515 1222 1575 antee
1243 1508 1435 1582 dictasunt

276 1609 522 1689 intelligendum
553 1626 634 1672 esse.
689 1606 768 1670 Cum
800 1609 1001 1674 coniunctivo
1027 1607 1195 1690 potentiali
1229 1608 1435 1690 coniungitur

275 1729 352 1788 auu,
376 1707 422 1771 sic
444 1705 548 1770 Plaut.
573 1704 663 1785 Oept.
688 1703 755 1783 111,
770 1710 808 1784 4,
825 1710 880 1772 99:
904 1711 1004 1771 Meam
1026 1726 1090 1769 rem
1111 1724 1172 1767 noo
1186 1724 1289 1782 eures,
1315 1710 1434 1770 sirecte

276 1808 380 1868 ieoies.
433 1802 520 1867 Trin.
546 1801 577 1882 Ι,
602 1807 636 1880 2,
660 1808 700 1868 95
729 1819 791 1883 sq:
818 1807 885 1867 Non
914 1824 969 1882 ego
998 1806 1045 1865 illi
1072 1811 1228 1881 argentum
1256 1804 1434 1866 redderem?

278 1902 349 1967 ME.
373 1905 444 1964 Non
463 1902 613 1963 redderes:
637 1904 741 1976 Neque
764 1905 801 1964 de
824 1905 878 1964 illo
901 1906 1058 1979 quiequam
1079 1920 1174 1979 neque
1201 1920 1320 1963 emeres
1341 1919 1435 1980 neque

278 2004 424 2064 venderes
446 2001 510 2059 Nee
534 2000 584 2074 qui
607 2000 740 2059 deterior
763 2008 845 2062 esset
866 2000 985 2062 iaceres
1002 2001 1133 2077 copiam
1156 2016 1228 2064 eum
1243 1997 1435 2078 prohibitiva

276 2120 328 2178 ae,
350 2097 463 2178 paucis
485 2100 610 2160 mutum
632 2094 711 2160 loeis
732 2115 793 2157 oon
814 2096 992 2177 iuvenitur,
1018 2096 1104 2176 quod
1125 2113 1184 2173 per
1205 2094 1435 2176 negligentiam

279 2194 438 2277 quandam
466 2193 613 2259 dictionis
641 2211 680 2257 ex
707 2193 833 2273 vulgari
864 2193 952 2259 iilam
980 2212 1126 2261 sermone
1160 2192 1374 2271 repetendum
1399 2201 1435 2265 (u.

276 2293 434 2373 Hendp.
458 2288 536 2371 265)
562 2288 765 2356 factumest
811 2290 857 2355 Cf.
887 2291 1069 2370 Quintilian.
1097 2290 1131 2369 Ι,
1155 2295 1184 2366 t,
1212 2293 1263 2352 50.
1310 2288 1363 2355 Sic
1390 2296 1436 2354 est

277 2392 310 2455 iu
332 2390 477 2456 emtione
500 2388 533 2452 Ρ.
558 2385 684 2453 cornel.
709 2388 867 2469 Scipionis
889 2387 1031 2455 Africani
1051 2387 1180 2454 maioris
1203 2385 1435 2451 anunente

279 2487 365 2554 vium
388 2487 461 2553 trin.
478 2486 520 2566 pl.
536 2502 587 2565 ap.
604 2484 685 2551 Gell.
710 2486 764 2565 IV,
791 2491 846 2552 18:
871 2490 941 2551 Non
962 2492 1053 2569 igitur
1080 2490 1172 2550 simon
1196 2487 1342 2548 adversus
1367 2488 1434 2547 deos

277 2592 397 2665 ingrati.
447 2584 574 2649 Terent.
600 2584 696 2648 Andr.
719 2584 780 2665 IV,
803 2594 842 2664 4,
865 2591 922 2651 48;
950 2592 1007 2649 Hie
1030 2596 1077 2648 est
1100 2590 1168 2648 ilie:
1200 2602 1260 2642 noa
1283 2594 1313 2644 te
1337 2585 1434 2645 modas

279 2691 392 2750 Davom
417 2687 530 2746 ludere.
577 2682 704 2746 Phorm.
728 2682 758 2760 l,
783 2688 816 2760 2,
839 2689 897 2749 93:
920 2694 1034 2746 tautum
1056 2685 1143 2745 modo
1165 2685 1236 2742 Non
1259 2683 1362 2754 addit,
1385 2679 1434 2743 ubi

277 2785 362 2845 uouit
384 2788 435 2847 est
450 2781 676 2846 coniunctivus.
712 2778 763 2844 Ad
777 2780 1017 2846 collocationem
1034 2781 1119 2845 vocis
1130 2800 1190 2842 uon
1206 2784 1293 2862 quod
1309 2784 1430 2857 attinet,

278 2880 409 2959 ponitur
430 2877 497 2941 iere
520 2885 594 2941 ante
617 2877 749 2941 verbum
773 2879 1022 2956 enuntiationis,
1049 2879 1110 2943 nisi
1133 2878 1187 2942 ubi
1209 2899 1274 2944 non
1305 2880 1432 2944 verbum

280 2977 384 3057 ipsum
408 2981 458 3040 est
472 2975 670 3056 negandum,
694 2975 751 3039 sed
766 2975 853 3039 alind
869 2976 1028 3057 quoddam
1044 2976 1243 3050 vocabulum,
1261 2985 1337 3042 ante
1354 2975 1433 3057 quod

277 3080 345 3137 tum
381 3073 513 3152 ponitur
543 3074 679 3152 negatio.
737 3071 790 3138 Sio
824 3073 903 3138 Cato
931 3075 968 3138 R.
992 3074 1029 3138 R.
1052 3092 1078 3138 c.
1105 3079 1138 3137 l:
1173 3080 1348 3153 relinquere
1381 3092 1435 3134 eoa

277 3172 412 3235 metum.
458 3169 491 3234 C.
516 3174 572 3236 36:
601 3174 780 3246 ablaqueato
804 3174 888 3248 prius
912 3191 972 3232 non
993 3174 1060 3232 olto.
1106 3171 1186 3237 cato
1208 3190 1262 3253 ap.
1288 3172 1435 3237 seneen

278 3268 370 3349 epist.
395 3272 449 3345 94,
477 3267 537 3332 sub
566 3266 646 3330 med.
680 3266 783 3343 (Lion.
806 3285 837 3346 p.
861 3272 903 3332 80
925 3271 1023 3349 sqq.):
1053 3273 1144 3332 Eurus
1171 3290 1231 3332 oon
1259 3273 1340 3345 quod
1367 3290 1434 3346 opus

278 3373 335 3434 est,
359 3369 412 3429 sed
435 3369 513 3442 quod
536 3383 659 3426 neeesse
683 3375 748 3437 est;
779 3368 857 3441 quod
889 3386 946 3428 non
975 3387 1049 3443 opus
1077 3377 1124 3429 est
1152 3386 1219 3429 asse
1251 3387 1356 3431 esrum
1385 3376 1435 3441 eet,

278 3462 334 3527 ubi
362 3481 443 3524 emas
466 3467 592 3540 spectat
618 3461 659 3524 ad
689 3468 790 3526 totam
821 3462 1074 3528 enunciationem
1103 3464 1229 3542 iamque
1259 3465 1293 3529 in
1321 3465 1437 3530 disiun-

279 3559 383 3622 ctione
406 3564 571 3638 pouuntur
593 3559 676 3623 dune
700 3577 782 3638 quae
806 3567 985 3640 sequuntur
1007 3562 1162 3625 notiones.
1199 3564 1283 3626 Ante
1309 3563 1436 3626 verbum

279 3660 386 3721 autern
409 3656 550 3734 positum
572 3664 623 3721 est
646 3657 749 3720 Plaut.
774 3657 867 3722 Most.
891 3657 923 3729 I,
947 3663 975 3736 2,
1000 3662 1054 3721 22:
1085 3678 1208 3734 operam
1229 3679 1291 3720 uon
1308 3667 1437 3734 pareunt

279 3770 371 3815 suem.
416 3751 512 3816 Poen.
536 3753 566 3828 l,
591 3759 624 3830 2,
650 3760 705 3816 74:
730 3757 800 3815 Non
822 3759 900 3816 enim
924 3765 1066 3833 quaestus
1082 3760 1232 3834 ansam,
1256 3767 1393 3834 sumptus
1415 3760 1438 3818 si

275 3853 316 3908 irn
339 3860 476 3928 superet,
500 3870 595 3913 soror.
641 3849 726 3915 Trin.
750 3852 792 3921 Π,
818 3856 852 3928 2,
876 3856 932 3916 83;
963 3856 1008 3915 Εο
1032 3873 1091 3914 nore
1114 3858 1208 3916 multa
1229 3875 1307 3930 quae
1339 3859 1437 3917 nevolt

276 3948 424 4008 eversioni.
481 3945 609 4011 Terent.
645 3948 723 4010 Eun.
763 3948 827 4023 111,
856 3954 885 4024 l,
910 3953 964 4014 61:
999 3971 1058 4012 nou
1085 3957 1115 4012 iu
1145 3961 1274 4013 ruentem
1308 3958 1437 4017 nemrot.

278 4039 358 4104 Cum
393 4043 424 4105 vi
457 4042 516 4105 hoe
549 4041 742 4109 factumest
769 4047 815 4110 ita
846 4053 882 4110 ut
909 4046 1078 4114 disiunctio
1106 4047 1163 4113 fiat
1190 4068 1263 4114 cum
1291 4050 1331 4114 iis
1360 4066 1437 4129 qnae

276 4144 522 4204 antecesserunt
544 4141 669 4206 duobus
691 4142 769 4207 loeis
790 4143 948 4209 Plautinis
971 4163 1052 4224 quos
1073 4147 1184 4211 attulit
1206 4147 1340 4211 Rostius
1357 4165 1438 4211 coru·

277 4240 423 4300 mentatt
468 4236 573 4303 Plaut.
597 4257 626 4318 p.
656 4244 730 4316 185,
754 4241 842 4306 Asin.
866 4241 896 4318 I,
922 4246 955 4319 3,
979 4246 1036 4308 43:
1061 4246 1153 4322 Quid,
1178 4248 1205 4306 ei
1226 4263 1288 4305 eon
1316 4245 1381 4308 est?
1409 4251 1437 4306 er

279 4330 394 4398 Pseud.
418 4332 450 4409 I,
476 4342 514 4411 3,
538 4340 593 4400 52:
619 4340 697 4413 Quid
720 4343 745 4402 ei
766 4359 827 4401 oon
849 4340 963 4404 tomo?
990 4341 1095 4406 Docet
1122 4340 1285 4408 Obberins
1313 4342 1346 4406 in
1370 4360 1436 4407 cen·
