3125 5075
415 521 422 532 '
523 523 615 566 essii!
629 523 895 568 suestannlvosula
910 549 932 558 -
952 531 1057 573 ABLAT.
1327 549 1369 606 3⁷

209 713 316 760 corum
340 701 376 762 et
395 695 447 764 his
467 703 618 780 cognata,
640 699 730 766 velut
743 703 836 772 dono,
859 723 939 773 rore,
962 704 1094 772 ablativi
1115 710 1275 776 coniuncti
1296 730 1368 779 cnm

209 793 500 876 praepositionibus
520 800 574 868 nt,
595 818 644 868 ea,
666 801 717 870 de,
746 799 774 864 si
796 798 1056 881 significationem
1080 803 1201 871 habent
1223 826 1299 874 vere
1322 811 1369 875 lo·

211 890 303 956 esiam
326 889 553 973 proficiscendi
578 902 612 960 et
633 895 821 976 distantiae,
848 899 962 965 deinde
986 901 1077 966 multi
1099 902 1230 969 ablativi
1254 924 1272 971 e
1295 926 1367 974 ver·

213 987 471 1076 disperdentes,
504 992 561 1072 qni
588 1010 778 1075 quamquam
809 1014 872 1061 non
898 1014 1027 1078 semper
1049 998 1112 1080 ipsi
1133 1002 1237 1068 locum
1261 1007 1367 1086 expri-

213 1093 310 1168 nuut,
345 1093 454 1154 tamen
475 1107 537 1171 pro
558 1090 650 1170 locis,
685 1093 769 1158 unde
792 1092 899 1173 aliqua
921 1097 1004 1162 actio
1026 1096 1253 1180 proficiscitur,
1283 1104 1367 1169 acci·

213 1187 352 1268 duntur,
390 1191 460 1252 turn
494 1187 646 1255 adverbia
674 1190 868 1257 correlative
893 1200 972 1260 node
998 1203 1031 1262 et
1057 1202 1138 1268 inde.
1175 1199 1258 1264 sicut
1289 1205 1366 1271 tino,

211 1290 293 1357 ilinc,
313 1289 413 1356 wne,
432 1291 591 1364 naimone.
635 1286 734 1355 Naev.
756 1290 828 1356 bell.
853 1292 931 1358 Pun.
954 1296 975 1360 l.
999 1296 1024 1375 Ι,
1046 1296 1085 1361 fr.
1111 1302 1143 1361 5:
1168 1301 1281 1360 Troiad
1303 1304 1364 1362 exi-

209 1387 286 1448 bant.
328 1383 427 1450 Ennii
455 1385 560 1454 annal
589 1385 608 1449 Ι.
631 1385 694 1464 IX,
721 1386 759 1452 fr.
790 1396 845 1455 ta:
881 1393 978 1456 Sarra
1009 1398 1143 1474 oriundi,
1178 1394 1197 1459 i.
1224 1415 1250 1460 e.
1280 1397 1365 1477 Tyro

215 1479 346 1562 (Probus
367 1483 402 1548 in
424 1482 543 1565 Georg.
565 1484 606 1563 ΙΙ,
630 1489 691 1548 506
714 1503 744 1565 p.
766 1492 807 1553 53
830 1489 926 1554 Keil:
961 1491 1065 1573 Tyron
1088 1526 1132 1536 -
1154 1492 1283 1558 Sauram
1309 1512 1366 1574 ap-

214 1581 357 1662 pellatam
372 1582 534 1647 Homerus
548 1582 652 1660 docet,
668 1600 762 1663 quem
779 1585 875 1651 etism
890 1588 1011 1654 Ennius
1027 1591 1173 1670 sequitur
1187 1597 1362 1668 auctorem,

213 1697 275 1746 tum
295 1679 376 1745 dicit
408 1683 546 1755 „Poenos
568 1683 661 1744 Sarra
682 1687 867 1761 oriundos“).
914 1685 1017 1752 Plaut.
1046 1688 1140 1752 Most.
1169 1689 1213 1760 ΙΙ,
1245 1694 1278 1765 2,
1310 1694 1361 1753 10:

200 1779 338 1856 'Ammo
350 1781 495 1852 ,scranto
541 1778 634 1844 Truc.
651 1781 675 1852 1.
702 1787 729 1860 Ι,
755 1788 812 1846 74:
835 1787 910 1846 Nam
926 1803 982 1862 ego
997 1788 1111 1849 Lentno
1126 1789 1252 1848 advemo
1267 1790 1361 1849 Athe-

213 1895 259 1950 nas
277 1879 387 1940 nudius
410 1883 527 1942 turtius.
560 1877 601 1955 II,
617 1885 647 1956 4,
663 1888 698 1943 4:
723 1883 780 1956 Qui
803 1890 863 1943 tarn
887 1884 1044 1960 infacetus,
1066 1886 1180 1947 Lemno
1203 1888 1363 1947 adveniens

212 1981 276 2042 teti·
298 1975 389 2042 Pers.
412 1973 439 2055 I,
463 1981 492 2055 3,
516 1979 571 2040 st:
601 1979 783 2054 Megaribus.
827 1978 923 2044 hiere.
947 1999 974 2042 v,
1000 1986 1075 2047 ³90:
1108 2002 1230 2059 ecquam
1254 1993 1286 2043 tu
1309 1986 1360 2044 ad-

198 2075 282 2140 ‚miti
306 2085 379 2138 tuae
408 2078 498 2137 matri
525 2078 664 2138 ancillam
692 2077 819 2138 Rhodo?
862 2076 958 2142 Poen.
981 2078 1019 2159 V,
1050 2084 1084 2157 2,
1108 2084 1162 2144 27:
1199 2083 1255 2155 Qui
1286 2085 1361 2142 illim

168 2131 262 2284 ahie
280 2175 344 2256 Ap)
367 2175 508 2238 sexennis
530 2177 670 2250 perierim
693 2177 891 2251 Kortbopine.
936 2175 973 2241 ci.
998 2194 1025 2240 v.
1043 2182 1093 2242 29.
1132 2177 1228 2243 Stich
1248 2176 1305 2256 ΙΙΙ,
1330 2187 1360 2258 2,

212 2273 447 2358 atrismanus
460 2275 582 2335 veniunt
597 2276 654 2335 huc
670 2277 763 2351 legati
777 2277 907 2350 puplice.
945 2273 1059 2340 Bacch.
1077 2275 1118 2354 ΙΙ,
1142 2280 1171 2354 2,
1196 2280 1251 2340 53:
1274 2280 1360 2338 Mille

165 2369 401 2454 effat'ducuntos
416 2373 576 2448 Philippos
598 2375 718 2434 tulimus
740 2391 849 2434 aureos
872 2375 999 2447 Epheso.
1042 2371 1157 2439 Pseud.
1180 2374 1230 2451 ΙΙ,
1251 2379 1280 2451 4,
1304 2377 1359 2438 4οι

165 2435 260 2545 iibri
280 2473 318 2532 ad
342 2479 460 2548 patrem
483 2471 604 2532 advenit
627 2471 761 2531 Corasto.
807 2466 846 2534 ef.
870 2489 899 2533 v.
922 2476 978 2533 47:
1012 2493 1049 2534 ea
1073 2474 1198 2535 Corusto
1226 2475 1275 2549 qui
1303 2474 1361 2533 huc

165 2572 176 2629 t.
211 2570 330 2632 strom
361 2567 487 2634 Deinde
507 2568 669 2648 pertinent
691 2567 754 2632 huc
776 2569 921 2649 crempla
944 2571 1049 2635 omniu
1072 2587 1154 2650 quae
1178 2571 1238 2634 iarn
1264 2587 1364 2649 supra

209 2667 368 2731 attulimus
396 2684 469 2732 cum
492 2666 531 2732 dc
553 2667 681 2731 notione
703 2667 895 2732 substantivi
917 2668 1108 2749 agebamus,
1143 2688 1180 2734 ca
1208 2668 1293 2745 dico,
1327 2668 1358 2731 in

208 2766 312 2843 quibus
345 2762 506 2829 ablativus
535 2763 671 2828 norninis
701 2764 789 2829 urbis
823 2767 890 2830 sive
919 2766 1042 2831 insulae
1072 2766 1126 2830 alii
1157 2766 1358 2831 substantivo

205 2862 323 2927 additus
348 2867 401 2927 est
420 2861 462 2925 ad
486 2860 639 2941 originem
663 2862 916 2944 exprimendam,
951 2882 1014 2945 qua
1042 2864 1082 2928 de
1110 2883 1145 2929 re
1168 2865 1239 2928 vide
1261 2863 1357 2929 etiam

207 2958 384 3025 Schneider.
407 2961 448 3024 ad
465 2958 556 3024 Caes.
580 2958 653 3024 bell.
670 2959 752 3026 Gaii.
770 2960 829 3040 ΙΙΙ,
854 2967 904 3041 20,
929 2967 956 3027 2.
1002 2961 1081 3027 Cato
1104 2961 1183 3027 dixit
1199 2964 1358 3039 Syracusis

206 3065 308 3122 soleae.
354 3058 460 3122 Pnut.
488 3056 586 3122 llere.
610 3056 649 3137 V,
677 3064 711 3137 2,
736 3063 791 3125 99:
827 3063 920 3122 Video
950 3066 991 3123 ibi
1020 3065 1167 3138 hospitem
1195 3064 1356 3136 Zacyntho.

205 3171 228 3219 l.
250 3162 326 3222 102:
350 3160 471 3234 Hospes
494 3158 659 3234 respondit,
680 3159 833 3234 Zacyntho
856 3162 928 3222 ticos
950 3163 1017 3221 fieri
1039 3181 1097 3222 non
1121 3164 1224 3221 malas.
1261 3158 1357 3222 Poen

206 3251 237 3323 Ι.
256 3260 287 3336 2,
311 3259 370 3320 36;
394 3258 570 3317 Hannonem
594 3275 660 3318 sese
684 3259 727 3317 ait
748 3259 947 3332 Korttooine.
992 3259 1078 3323 Asin.
1103 3257 1143 3335 ΙΙ,
1166 3265 1196 3334 4,
1221 3261 1278 3322 92;
1301 3260 1356 3318 Pe·

206 3356 352 3429 ripbaues,
376 3354 483 3415 Rhodo
505 3361 663 3415 mercator.
692 3351 806 3418 Pseud.
822 3353 848 3434 Ι,
872 3361 901 3434 3,
925 3361 979 3421 36:
1003 3359 1090 3418 Salve
1114 3362 1247 3430 multum,
1271 3373 1356 3418 serta

204 3452 324 3514 Athenis
341 3470 492 3529 pessume.

279 3549 379 3615 Ennii
402 3547 537 3615 Medeae
559 3548 661 3615 exulis
683 3548 721 3613 fr.
747 3557 775 3629 l,
799 3570 827 3615 u.
853 3556 933 3617 287:
957 3556 1032 3613 Nam
1056 3571 1212 3629 numquam
1235 3571 1288 3613 era
1309 3571 1356 3612 er·

206 3664 267 3709 raus
288 3666 355 3709 mco
378 3648 464 3711 dom
487 3648 619 3710 ecferret
641 3651 758 3726 pedem.
803 3648 905 3714 Plaut.
927 3646 1003 3713 cist.
1020 3648 1075 3728 IV,
1104 3655 1128 3727 l,
1153 3653 1185 3713 6:
1209 3652 1291 3710 Haec
1314 3651 1356 3709 ci-

209 3749 287 3807 stella
309 3765 447 3807 numnam
471 3748 540 3808 hinc
563 3766 582 3808 a
602 3750 685 3808 uobis
708 3750 841 3810 demost?
884 3746 1030 3826 Metel,
1059 3753 1165 3825 t,12:
1201 3750 1357 3809 Biennium

209 3842 256 3903 ian
278 3843 428 3919 factumst,
455 3856 612 3922 postquam
634 3848 694 3907 abii
715 3847 810 3908 domo.
854 3845 949 3910 Pocn.
974 3865 1016 3910 sc.
1040 3845 1097 3910 ult.
1121 3865 1148 3911 v.
1172 3853 1201 3910 4.
1242 3843 1356 3908 Bacch.

212 3934 254 4013 lv,
274 3947 306 4013 4,
329 3946 361 4005 9:
385 3953 418 4003 ut
438 3946 524 4005 dom
546 3954 686 4007 sumeret.
733 3942 831 4008 Stich.
855 3963 882 4007 v.
900 3949 954 4008 29:
977 3948 1053 4006 Nam
1077 3949 1132 4007 riri
1156 3950 1252 4006 nostri
1273 3945 1358 4003 domo

214 4048 238 4097 n
255 4042 399 4103 abierunt.
440 4060 467 4104 ν.
485 4045 562 4108 523:
585 4047 610 4104 si
633 4046 684 4103 diu
706 4042 817 4104 afueris
838 4043 932 4105 domn
972 4042 1068 4107 Stich.
1086 4043 1124 4121 V,
1149 4048 1177 4120 3,
1204 4047 1237 4108 3:
1260 4044 1358 4103 Domo

215 4135 305 4198 dudum
328 4141 385 4200 huc
409 4143 557 4203 arcessita
579 4160 652 4202 sum.
690 4139 805 4205 Pseud.
822 4138 847 4216 I,
873 4145 901 4217 3,
930 4144 997 4204 121.
1036 4140 1145 4205 Mite
1163 4145 1234 4206 376.
1272 4139 1357 4205 hicn.

216 4228 257 4310 ΙΙ,
279 4240 304 4314 l,
327 4240 363 4300 ὅτ
398 4240 512 4301 Pallam
539 4272 584 4285 ·-
613 4240 700 4301 bodie
729 4242 784 4300 tibi
817 4258 903 4315 quam
927 4244 1080 4316 surrupuit
1109 4242 1202 4303 domo.
1247 4245 1276 4315 2,
1300 4243 1356 4304 823

216 4330 282 4394 Palla
302 4339 401 4398 mihist
425 4338 509 4397 doram
532 4347 683 4413 surrupta.
728 4355 756 4400 v.
780 4340 837 4400 85:
869 4340 967 4412 Palla,
991 4342 1126 4415 iuquam,
1150 4341 1242 4415 periit
1262 4340 1355 4398 dom.

217 4442 237 4487 l.
257 4436 321 4497 101:
344 4438 462 4512 quando
486 4437 556 4512 quid
580 4436 634 4496 tihi
656 4438 716 4497 erit
738 4445 909 4511 surruptum
932 4438 1024 4497 ἀοηιο.
1069 4436 1106 4512 V,
1134 4443 1160 4513 i,
1184 4440 1237 4501 29:
1260 4439 1358 4497 Domo

217 4535 337 4607 suppilas.
381 4530 495 4613 Amph.
521 4530 565 4610 ll,
586 4536 617 4610 2,
640 4536 674 4597 6:
708 4536 784 4595 Nam
807 4551 864 4610 ego
887 4536 916 4595 id
939 4554 1016 4596 nunc
1040 4538 1179 4611 experior
1200 4537 1284 4596 ὀοηιο
1313 4537 1357 4609 (v.
