3125 5075
327 384 345 425 Ι.
373 381 544 421 Pisonotssrta
558 380 749 427 pessundatis,
763 380 944 426 rosensem,
959 380 1133 419 REFLEXIVA.
1233 388 1295 446 365

142 562 190 623 ld:
217 573 276 620 esso
294 558 355 620 eidi
376 558 470 618 servit
490 559 582 633 patri.
623 573 654 620 v.
680 559 715 620 5:
746 555 860 617 serviat
879 572 934 616 suo
954 556 1012 615 aidi
1033 557 1124 632 patri
1168 552 1295 618 Terent

134 654 191 720 sd
212 653 254 734 V,
276 657 308 735 8,
332 658 387 718 eo:
421 653 483 715 auo
503 655 563 715 aidi
587 654 687 731 gladio
710 654 789 713 huno
811 654 921 727 iugulo.
965 650 1072 716 Etiam
1098 650 1132 716 in
1157 649 1299 716 secunda

130 767 271 833 perseus
296 767 344 817 ιι
371 750 537 831 reperitur
566 748 672 815 Plaut.
702 747 819 815 Bacch.
841 747 898 828 IV,
926 753 956 828 9,
980 754 1035 816 il:
1067 753 1208 814 insumat
1229 752 1299 812 tuus

126 852 186 912 troi
208 867 315 913 senos
336 858 389 912 tuo
412 851 561 910 arbitratu
584 851 705 910 serviat.

218 945 258 1012 lu
284 944 424 1010 formula
450 947 530 1007 inter
554 964 586 1010 ee
612 962 791 1025 pronomen
812 942 996 1009 reflexivum
1023 943 1221 1024 reciprocam
1243 943 1300 1008 ha·

125 1046 188 1111 bet
202 1040 486 1126 significationem,
508 1060 592 1123 quae
610 1043 774 1108 invenitur
797 1041 902 1107 relata
922 1041 964 1106 ad
986 1040 1166 1107 subiectum
1188 1045 1247 1106 aut
1267 1042 1300 1106 in

125 1141 252 1225 plurali
274 1156 409 1206 numero
431 1141 571 1220 positum
593 1141 705 1205 autin
728 1139 901 1221 singulari,
934 1139 962 1204 si
987 1142 1039 1204 est
1063 1139 1301 1205 substantivum

127 1240 345 1308 mdoetivum
390 1238 443 1305 sic
462 1237 568 1303 Plaut.
584 1236 663 1302 cist.
679 1236 706 1316 1,
734 1244 760 1317 l,
783 1241 840 1301 25:
863 1241 961 1300 Decet
981 1241 1042 1316 pol,
1064 1256 1134 1301 mea
1147 1240 1300 1315 Silenium,

128 1343 215 1403 huno
234 1357 306 1400 esse
329 1340 463 1399 ordinem
487 1340 698 1399 &revelantis
718 1338 798 1398 inter
818 1355 857 1400 se.
902 1334 980 1401 cist
1003 1335 1030 1414 I,
1056 1341 1083 1415 l,
1107 1339 1162 1400 28:
1190 1339 1301 1399 Amici·

129 1441 207 1500 tiam
220 1447 258 1498 ut
270 1439 375 1497 solunt
389 1444 479 1512 atque
495 1445 528 1496 ut
544 1452 610 1497 aam
625 1437 758 1495 iunctam
775 1438 852 1496 bene
868 1436 982 1497 habent
1003 1437 1083 1496 ister
1103 1453 1174 1499 sese.
1209 1432 1300 1515 (lupi.

130 1532 179 1613 ΙΙ,
200 1537 231 1612 3,
254 1536 311 1597 60:
341 1535 451 1594 Videas
474 1533 565 1594 corde
586 1545 687 1595 amare
709 1534 788 1593 tator
808 1551 847 1595 ee.
893 1530 991 1597 Stich.
1014 1531 1053 1612 V,
1075 1536 1105 1612 4,
1128 1538 1186 1597 47:
1217 1537 1302 1596 Haeo

133 1633 286 1706 taaetiaet
310 1649 411 1693 amare
431 1632 512 1692 inter
532 1633 687 1694 samuelis
711 1632 794 1693 duos.
828 1630 955 1694 Terent
971 1629 1031 1695 Ad.
1046 1630 1087 1710 V,
1109 1636 1139 1710 3,
1164 1636 1220 1695 lt:
1243 1635 1302 1694 Ve-

134 1741 187 1793 tus
200 1733 324 1793 verbum
340 1731 397 1791 hoe
414 1730 571 1805 quidemst,
594 1729 767 1789 Communia
786 1746 853 1791 esse
873 1732 1035 1791 amicorum
1056 1730 1180 1791 interae
1194 1732 1302 1791 omnia

221 1828 352 1903 suspen
370 1824 565 1906 pronominis
584 1823 726 1891 reflexiri
744 1829 794 1888 aaa·
814 1828 872 1887 siti
885 1844 916 1888 se
930 1825 1075 1906 inprimis
1089 1824 1239 1907 frequens
1255 1829 1307 1891 est

135 1923 172 1989 in
185 1923 426 1991 eunstrnotione
441 1923 615 1988 accusativi
630 1941 701 1987 oum
716 1921 879 1987 infinitivo.
910 1922 962 1989 Sic
978 1922 1057 1989 Cato
1074 1923 1110 1990 R.
1126 1924 1164 1989 R
1180 1942 1206 1990 o
1227 1928 1304 1989 148:

136 2025 172 2084 Si
191 2032 310 2101 emptor
331 2024 510 2100 postularit,
544 2024 681 2084 dominus
701 2023 907 2083 iusiurandum
930 2023 1028 2098 dabit,
1061 2042 1165 2085 verua
1192 2024 1303 2096 fecisse.

137 2118 241 2186 Paua
265 2118 379 2199 Amph.
402 2117 428 2197 Ι,
452 2122 468 2181 1
496 2123 549 2182 17:
587 2120 821 2197 Quodquomque
859 2119 914 2196 [ei]
945 2123 1049 2183 lubere
1077 2125 1188 2183 accidit
1215 2140 1304 2197 posse

140 2229 232 2282 retur.
277 2217 337 2297 ΙΙΙ,
359 2222 389 2298 2,
412 2222 447 2283 9:
482 2218 603 2278 adiuret
623 2220 762 2295 insuper,
797 2221 885 2279 Nolle
909 2235 976 2279 essa
999 2219 1081 2280 dictu
1103 2238 1180 2296 quae
1203 2222 1233 2280 in
1257 2237 1303 2281 mo

143 2322 289 2379 insontem
317 2318 453 2393 protulit.
500 2316 552 2377 lle.
574 2312 618 2392 ΙΙ,
647 2318 677 2391 2,
710 2318 787 2379 11οτ
823 2318 982 2391 Promitte,
1014 2316 1154 2394 inquam,
1190 2318 1304 2378 hostire

146 2422 249 2477 eontra
268 2425 302 2476 ut
323 2415 478 2476 merueris.
523 2416 552 2490 3,
580 2417 632 2476 14:
666 2415 714 2476 ad
741 2424 893 2476 tonsorem
919 2416 965 2473 ira
992 2414 1076 2473 dixit.
1119 2412 1175 2476 As.
1205 2411 1248 2489 ΙΙ,
1275 2419 1305 2490 4,

140 2517 194 2578 36:
223 2516 308 2576 albat
328 2512 455 2575 reddere
477 2534 521 2564 =
543 2527 578 2575 se
601 2508 780 2576 relaturum
803 2528 884 2576 esse.
929 2509 1017 2575 Asin
1039 2508 1101 2588 III,
1125 2515 1155 2590 3,
1182 2514 1256 2575 109:
1279 2513 1306 2572 si

141 2615 256 2689 quidem
279 2614 336 2673 hoe
358 2617 514 2687 mentum
537 2610 617 2671 ierre
641 2628 756 2689 speres,
781 2609 934 2674 similiter
954 2607 1010 2688 IV,
1035 2615 1064 2688 1,
1086 2616 1145 2673 44:
1170 2613 1246 2671 Nolo
1269 2613 1305 2670 il-

140 2713 195 2771 lam
218 2712 330 2771 habere
354 2726 489 2769 caussam
517 2715 550 2769 st
570 2712 692 2770 votitam
718 2711 820 2770 dicore
846 2732 890 2763 =
916 2712 954 2772 ut
983 2707 1071 2773 dicat
1100 2725 1135 2772 se
1160 2708 1305 2782 votitam,

142 2806 213 2871 iteru
227 2826 257 2870 r.
273 2809 332 2871 61:
355 2808 387 2867 Si
401 2806 480 2867 iorte
496 2824 572 2882 pure
588 2808 665 2868 velle
681 2808 793 2868 habere
809 2808 867 2884 (sc.
883 2807 932 2882 se)
949 2809 1071 2882 dixerit,
1097 2815 1131 2870 et
1145 2805 1183 2885 V,
1200 2809 1229 2884 2,
1245 2809 1304 2869 8οι

140 2907 266 2968 Ecastor
281 2907 332 2980 qui
348 2907 557 2980 subrepturum
573 2900 630 2981 (sc.
646 2905 693 2980 se)
717 2907 828 2980 pallam
844 2909 997 2981 promissit
1020 2908 1085 2967 tibi.
1108 2902 1169 2967 Vix
1185 2921 1243 2984 pro
1261 2904 1305 2968 ol·

142 3001 210 3083 lipsi
231 3000 343 3067 haberi
368 3006 476 3080 potest
495 2998 622 3064 Terent
643 2998 768 3065 Phorm.
785 3000 845 3079 Ill,
872 3006 899 3078 1,
927 3005 980 3066 12:
1005 3006 1142 3065 Phormio
1161 3032 1205 3044 -
1224 3012 1307 3065 stre·

141 3120 225 3164 auom
237 3102 387 3163 homiuem
403 3102 553 3176 praebuit,
570 3115 761 3179 quamquam
777 3098 977 3180 frequentius
989 3098 1147 3164 diciturse
1154 3104 1305 3176 prmoere

226 3204 277 3263 lo.
301 3195 544 3260 Pronomiuibus
565 3194 725 3262 reflexivis
751 3196 990 3261 adnumeranda
1017 3201 1093 3262 sunt
1117 3198 1213 3262 etiam
1241 3201 1304 3274 ipse

140 3302 172 3360 et
196 3296 293 3365 iden,
326 3293 482 3374 siquidem
503 3293 582 3358 item
605 3292 791 3359 referuntur
812 3292 853 3358 ad
879 3293 1041 3359 notionem
1064 3311 1146 3374 quae
1168 3301 1226 3360 aut
1246 3296 1310 3360 iam

142 3395 310 3475 designata
331 3398 382 3456 est
401 3398 460 3456 aut
482 3391 563 3456 lutat
584 3398 672 3457 certe
694 3392 728 3457 in
751 3390 984 3456 enuntiatione.
1030 3391 1172 3470 Quorum
1193 3411 1309 3474 prono·

143 3492 260 3555 minum
285 3485 526 3568 significationis
547 3488 609 3554 hoc
630 3494 681 3554 est
703 3506 884 3567 commune,
917 3488 1002 3568 quod
1031 3491 1160 3572 utrique
1183 3499 1310 3556 eontra·

142 3590 222 3654 rium
247 3592 299 3653 est
319 3588 407 3657 ottus
430 3586 487 3652 sed
508 3588 554 3652 ita
575 3592 683 3652 tamen
702 3586 856 3652 differunt
876 3587 960 3651 inter
979 3606 1025 3666 se,
1048 3593 1085 3653 ut
1103 3592 1166 3665 ipse
1186 3606 1311 3670 semper

142 3694 265 3768 speciei
287 3683 329 3749 ad
358 3686 500 3766 singulas
523 3686 678 3762 actiones
714 3685 805 3749 velut
825 3685 852 3749 si
875 3684 946 3750 dico
974 3690 1038 3763 ipsa
1059 3689 1113 3748 soa
1134 3690 1217 3762 fxit,
1251 3686 1310 3752 hoo

142 3781 301 3867 signifim
321 3800 385 3847 non
406 3782 487 3848 alios
509 3783 570 3848 lroc
591 3781 707 3847 iecisse
733 3782 800 3846 sive
823 3799 895 3846 eum
918 3800 978 3863 per
999 3784 1094 3863 alios,
1115 3785 1173 3850 sed
1193 3785 1307 3866 ipsum,

142 3882 230 3945 idm-
246 3887 357 3946 auiem
386 3880 429 3944 ad
456 3881 546 3946 binas
572 3880 766 3958 sententias,
799 3880 848 3945 ita
868 3886 906 3944 ut
928 3882 1087 3963 exprimat
1106 3901 1170 3948 non
1191 3881 1311 3947 mutari

146 3980 316 4058 monem,
340 3996 422 4059 quae
444 3983 502 4043 aut
523 3979 588 4042 iam
609 3977 642 4041 in
664 3978 863 4058 praegressis
878 3979 1049 4060 designata
1070 3984 1121 4046 est
1142 3987 1200 4045 aut
1221 3986 1308 4044 certe

146 4082 259 4143 muite-
273 4076 325 4142 bis
350 4077 424 4157 poni
458 4084 577 4159 potest,
600 4076 656 4141 sed
678 4093 810 4141 manere
833 4077 977 4158 eandem,
999 4084 1037 4141 ut
1052 4096 1115 4144 uno
1130 4078 1205 4144 bina
1220 4075 1308 4154 liant,

144 4174 234 4240 volut
255 4174 284 4241 si
307 4173 477 4240 Terentius
492 4175 585 4239 (Eun.
607 4173 651 4254 II,
677 4178 705 4252 1,
731 4174 784 4255 19)
807 4175 900 4238 dixit:
927 4179 1033 4239 Adeon
1056 4179 1190 4239 homines
1212 4179 1307 4239 inmu-

146 4275 236 4335 tarier
251 4304 292 4319 -
312 4282 429 4335 utnon
452 4292 616 4350 cognoscas
639 4274 762 4334 mades
784 4291 861 4349 esse,
883 4279 990 4338 mente
1011 4275 1086 4339 addi
1107 4278 1231 4354 potest:
1254 4272 1309 4354 qui

155 4376 247 4435 antea
264 4368 338 4436 fuit
