<?xml version="1.0" encoding="UTF-8"?>
<!DOCTYPE html PUBLIC "-//W3C//DTD XHTML 1.0 Transitional//EN"
    "http://www.w3.org/TR/xhtml1/DTD/xhtml1-transitional.dtd">
<html xmlns="http://www.w3.org/1999/xhtml" xml:lang="en" lang="en">
 <head>
  <title>
</title>
<meta http-equiv="Content-Type" content="text/html;charset=utf-8" />
  <meta name='ocr-system' content='tesseract 3.04.00' />
  <meta name='ocr-capabilities' content='ocr_page ocr_carea ocr_par ocr_line ocrx_word'/>
</head>
<body>
  <div class='ocr_page' id='page_1' title='image "./syntaxispriscor00holtgoog_0199.png"; bbox 0 0 3125 5075; ppageno 0'>
   <div class='ocr_carea' id='block_1_1' title="bbox 205 354 922 431">
    <p class='ocr_par' dir='ltr' id='par_1_1' title="bbox 205 354 922 431">
     <span class='ocr_line' id='line_1_1' title="bbox 205 354 922 431; baseline -0.036 -12"><span class='ocrx_word' id='word_1_1' title='bbox 205 373 268 431; x_wconf 70' lang='lat'><strong>180</strong></span> <span class='ocrx_word' id='word_1_2' title='bbox 628 355 785 397; x_wconf 82' lang='lat' dir='ltr'><strong>annonann.</strong></span> <span class='ocrx_word' id='word_1_3' title='bbox 806 354 869 396; x_wconf 76' lang='lat' dir='ltr'><strong>oar.</strong></span> <span class='ocrx_word' id='word_1_4' title='bbox 883 358 922 400; x_wconf 83' lang='lat' dir='ltr'><strong>nn,</strong></span> 
     </span>
    </p>
   </div>
   <div class='ocr_carea' id='block_1_2' title="bbox 204 526 1348 613">
    <p class='ocr_par' dir='ltr' id='par_1_2' title="bbox 204 526 1348 613">
     <span class='ocr_line' id='line_1_2' title="bbox 204 526 1348 613; baseline -0.003 -15"><span class='ocrx_word' id='word_1_5' title='bbox 204 538 262 598; x_wconf 80' lang='lat'><strong>2⁷:</strong></span> <span class='ocrx_word' id='word_1_6' title='bbox 286 533 383 605; x_wconf 59' lang='lat' dir='ltr'><strong>feodati</strong></span> <span class='ocrx_word' id='word_1_7' title='bbox 404 533 495 594; x_wconf 91' lang='lat' dir='ltr'><strong>modo</strong></span> <span class='ocrx_word' id='word_1_8' title='bbox 518 534 558 592; x_wconf 90' lang='lat' dir='ltr'><strong>mi</strong></span> <span class='ocrx_word' id='word_1_9' title='bbox 580 549 616 591; x_wconf 75' lang='lat' dir='ltr'><strong>eo</strong></span> <span class='ocrx_word' id='word_1_10' title='bbox 633 533 768 606; x_wconf 70' lang='lat' dir='ltr'><strong>proclivo</strong></span> <span class='ocrx_word' id='word_1_11' title='bbox 790 535 910 608; x_wconf 88' lang='lat' dir='ltr'><strong>planum</strong></span> <span class='ocrx_word' id='word_1_12' title='bbox 946 526 1037 611; x_wconf 80' lang='lat' dir='ltr'><strong>Capt.</strong></span> <span class='ocrx_word' id='word_1_13' title='bbox 1059 530 1102 612; x_wconf 88' lang='grc' dir='ltr'><strong>ΙΙ,</strong></span> <span class='ocrx_word' id='word_1_14' title='bbox 1130 538 1160 613; x_wconf 86' lang='grc'><strong>2,</strong></span> <span class='ocrx_word' id='word_1_15' title='bbox 1183 537 1245 599; x_wconf 80' lang='lat'><strong>55:</strong></span> <span class='ocrx_word' id='word_1_16' title='bbox 1271 534 1348 611; x_wconf 76' lang='lat' dir='ltr'><strong>(For</strong></span> 
     </span>
    </p>
   </div>
   <div class='ocr_carea' id='block_1_3' title="bbox 199 628 1348 4414">
    <p class='ocr_par' dir='ltr' id='par_1_3' title="bbox 201 628 1348 2655">
     <span class='ocr_line' id='line_1_3' title="bbox 203 628 1348 709; baseline -0.004 -14"><span class='ocrx_word' id='word_1_17' title='bbox 203 631 295 705; x_wconf 84' lang='lat' dir='ltr'><strong>tuna)</strong></span> <span class='ocrx_word' id='word_1_18' title='bbox 329 632 379 690; x_wconf 87' lang='lat' dir='ltr'><strong>Me</strong></span> <span class='ocrx_word' id='word_1_19' title='bbox 408 633 459 705; x_wconf 88' lang='lat' dir='ltr'><strong>qni</strong></span> <span class='ocrx_word' id='word_1_20' title='bbox 489 632 566 692; x_wconf 88' lang='lat' dir='ltr'><strong>liber</strong></span> <span class='ocrx_word' id='word_1_21' title='bbox 595 628 708 690; x_wconf 89' lang='lat' dir='ltr'><strong>fueram</strong></span> <span class='ocrx_word' id='word_1_22' title='bbox 744 645 860 689; x_wconf 84' lang='lat' dir='ltr'><strong>servom</strong></span> <span class='ocrx_word' id='word_1_23' title='bbox 891 634 977 709; x_wconf 77' lang='lat' dir='ltr'><strong>fecit,</strong></span> <span class='ocrx_word' id='word_1_24' title='bbox 1016 648 1033 692; x_wconf 87' lang='lat' dir='ltr'><strong>e</strong></span> <span class='ocrx_word' id='word_1_25' title='bbox 1059 649 1173 693; x_wconf 73' lang='lat' dir='ltr'><strong>summo</strong></span> <span class='ocrx_word' id='word_1_26' title='bbox 1205 633 1348 697; x_wconf 79' lang='lat' dir='ltr'><strong>intumum</strong></span> 
     </span>
     <span class='ocr_line' id='line_1_4' title="bbox 203 724 1348 809; baseline 0.004 -18"><span class='ocrx_word' id='word_1_27' title='bbox 203 726 322 792; x_wconf 87' lang='lat' dir='ltr'><strong>Pseud.</strong></span> <span class='ocrx_word' id='word_1_28' title='bbox 345 724 405 805; x_wconf 89' lang='lat'>111,</span> <span class='ocrx_word' id='word_1_29' title='bbox 434 730 463 800; x_wconf 83' lang='lat'><strong>2,</strong></span> <span class='ocrx_word' id='word_1_30' title='bbox 486 728 543 789; x_wconf 81' lang='lat'><strong>82:</strong></span> <span class='ocrx_word' id='word_1_31' title='bbox 567 727 682 786; x_wconf 78' lang='lat' dir='ltr'><strong>Fecisse</strong></span> <span class='ocrx_word' id='word_1_32' title='bbox 703 744 808 788; x_wconf 82' lang='lat' dir='ltr'><strong>rossus</strong></span> <span class='ocrx_word' id='word_1_33' title='bbox 831 746 867 789; x_wconf 80' lang='lat' dir='ltr'><strong>eo</strong></span> <span class='ocrx_word' id='word_1_34' title='bbox 888 748 956 792; x_wconf 80' lang='lat' dir='ltr'><strong>sene</strong></span> <span class='ocrx_word' id='word_1_35' title='bbox 971 730 1237 792; x_wconf 84' lang='lat' dir='ltr'><strong>adulescentulum.</strong></span> <span class='ocrx_word' id='word_1_36' title='bbox 1258 728 1348 809; x_wconf 82' lang='lat' dir='ltr'><strong>1v,o</strong></span> 
     </span>
     <span class='ocr_line' id='line_1_5' title="bbox 207 823 1348 906; baseline 0.004 -18"><span class='ocrx_word' id='word_1_37' title='bbox 207 828 263 888; x_wconf 83' lang='grc' dir='ltr'><strong>1οε</strong></span> <span class='ocrx_word' id='word_1_38' title='bbox 287 826 339 885; x_wconf 84' lang='lat' dir='ltr'><strong>Set</strong></span> <span class='ocrx_word' id='word_1_39' title='bbox 362 841 463 884; x_wconf 88' lang='lat' dir='ltr'><strong>eoenm</strong></span> <span class='ocrx_word' id='word_1_40' title='bbox 487 826 536 900; x_wconf 88' lang='lat' dir='ltr'><strong>qni</strong></span> <span class='ocrx_word' id='word_1_41' title='bbox 559 840 595 882; x_wconf 74' lang='lat' dir='ltr'><strong>ee</strong></span> <span class='ocrx_word' id='word_1_42' title='bbox 615 824 727 883; x_wconf 75' lang='lat' dir='ltr'><strong>incerto</strong></span> <span class='ocrx_word' id='word_1_43' title='bbox 750 823 842 895; x_wconf 73' lang='lat' dir='ltr'><strong>foetet</strong></span> <span class='ocrx_word' id='word_1_44' title='bbox 861 830 934 889; x_wconf 88' lang='lat' dir='ltr'><strong>mihi</strong></span> <span class='ocrx_word' id='word_1_45' title='bbox 956 829 1035 906; x_wconf 88' lang='lat' dir='ltr'><strong>qnod</strong></span> <span class='ocrx_word' id='word_1_46' title='bbox 1055 843 1167 903; x_wconf 87' lang='lat' dir='ltr'><strong>quaero</strong></span> <span class='ocrx_word' id='word_1_47' title='bbox 1190 826 1348 892; x_wconf 79' lang='lat' dir='ltr'><strong>certina}</strong></span> 
     </span>
     <span class='ocr_line' id='line_1_6' title="bbox 206 919 1348 1006; baseline 0.003 -19"><span class='ocrx_word' id='word_1_48' title='bbox 206 927 235 1001; x_wconf 85' lang='lat'><strong>3,</strong></span> <span class='ocrx_word' id='word_1_49' title='bbox 258 924 313 985; x_wconf 84' lang='lat'><strong>90:</strong></span> <span class='ocrx_word' id='word_1_50' title='bbox 337 923 429 982; x_wconf 91' lang='lat' dir='ltr'><strong>Immo</strong></span> <span class='ocrx_word' id='word_1_51' title='bbox 452 923 500 981; x_wconf 79' lang='lat' dir='ltr'><strong>vin</strong></span> <span class='ocrx_word' id='word_1_52' title='bbox 517 922 607 982; x_wconf 88' lang='lat' dir='ltr'><strong>etiam</strong></span> <span class='ocrx_word' id='word_1_53' title='bbox 623 927 654 980; x_wconf 90' lang='lat' dir='ltr'><strong>te</strong></span> <span class='ocrx_word' id='word_1_54' title='bbox 669 919 777 981; x_wconf 85' lang='lat' dir='ltr'><strong>faciam</strong></span> <span class='ocrx_word' id='word_1_55' title='bbox 801 941 837 983; x_wconf 76' lang='lat' dir='ltr'><strong>eo</strong></span> <span class='ocrx_word' id='word_1_56' title='bbox 852 926 927 986; x_wconf 77' lang='lat' dir='ltr'><strong>laeto</strong></span> <span class='ocrx_word' id='word_1_57' title='bbox 939 928 1101 986; x_wconf 83' lang='lat' dir='ltr'><strong>laetantem</strong></span> <span class='ocrx_word' id='word_1_58' title='bbox 1116 925 1235 1001; x_wconf 76' lang='lat' dir='ltr'><strong>magis?</strong></span> <span class='ocrx_word' id='word_1_59' title='bbox 1246 922 1348 1006; x_wconf 87' lang='lat' dir='ltr'><strong>Amph</strong></span> 
     </span>
     <span class='ocr_line' id='line_1_7' title="bbox 203 1017 1346 1098; baseline 0.004 -18"><span class='ocrx_word' id='word_1_60' title='bbox 203 1017 281 1098; x_wconf 86' lang='lat' dir='ltr'><strong>prol.</strong></span> <span class='ocrx_word' id='word_1_61' title='bbox 320 1035 347 1080; x_wconf 84' lang='lat' dir='ltr'><strong>v.</strong></span> <span class='ocrx_word' id='word_1_62' title='bbox 377 1022 430 1081; x_wconf 77' lang='lat'><strong>54:</strong></span> <span class='ocrx_word' id='word_1_63' title='bbox 468 1017 575 1078; x_wconf 80' lang='lat' dir='ltr'><strong>faciam</strong></span> <span class='ocrx_word' id='word_1_64' title='bbox 606 1034 661 1093; x_wconf 82' lang='lat' dir='ltr'><strong>ego</strong></span> <span class='ocrx_word' id='word_1_65' title='bbox 683 1035 720 1076; x_wconf 80' lang='lat' dir='ltr'><strong>ee</strong></span> <span class='ocrx_word' id='word_1_66' title='bbox 742 1022 896 1094; x_wconf 80' lang='lat' dir='ltr'><strong>tropoedio</strong></span> <span class='ocrx_word' id='word_1_67' title='bbox 918 1022 1079 1083; x_wconf 72' lang='lat' dir='ltr'><strong>Comoedia</strong></span> <span class='ocrx_word' id='word_1_68' title='bbox 1096 1028 1130 1082; x_wconf 89' lang='lat' dir='ltr'><strong>ut</strong></span> <span class='ocrx_word' id='word_1_69' title='bbox 1158 1024 1198 1083; x_wconf 91' lang='lat' dir='ltr'><strong>sit</strong></span> <span class='ocrx_word' id='word_1_70' title='bbox 1225 1025 1346 1085; x_wconf 81' lang='lat' dir='ltr'><strong>omnibu</strong></span> 
     </span>
     <span class='ocr_line' id='line_1_8' title="bbox 204 1113 1344 1192; baseline 0.005 -15"><span class='ocrx_word' id='word_1_71' title='bbox 204 1118 298 1177; x_wconf 92' lang='lat' dir='ltr'><strong>isdem</strong></span> <span class='ocrx_word' id='word_1_72' title='bbox 315 1117 459 1177; x_wconf 83' lang='lat' dir='ltr'><strong>versibus.</strong></span> <span class='ocrx_word' id='word_1_73' title='bbox 483 1113 507 1190; x_wconf 91' lang='grc' dir='ltr'><strong>Ι,</strong></span> <span class='ocrx_word' id='word_1_74' title='bbox 526 1118 553 1192; x_wconf 96' lang='grc'><strong>1,</strong></span> <span class='ocrx_word' id='word_1_75' title='bbox 573 1117 646 1177; x_wconf 86' lang='grc'><strong>149;</strong></span> <span class='ocrx_word' id='word_1_76' title='bbox 675 1115 821 1188; x_wconf 81' lang='lat' dir='ltr'><strong>Quinetns</strong></span> <span class='ocrx_word' id='word_1_77' title='bbox 833 1119 905 1190; x_wconf 73' lang='lat' dir='ltr'><strong>siem</strong></span> <span class='ocrx_word' id='word_1_78' title='bbox 919 1138 934 1179; x_wconf 86' lang='lat' dir='ltr'><strong>e</strong></span> <span class='ocrx_word' id='word_1_79' title='bbox 950 1120 1046 1181; x_wconf 78' lang='lat' dir='ltr'><strong>Sosio.</strong></span> <span class='ocrx_word' id='word_1_80' title='bbox 1076 1116 1192 1181; x_wconf 81' lang='lat' dir='ltr'><strong>Pseud.</strong></span> <span class='ocrx_word' id='word_1_81' title='bbox 1218 1136 1247 1181; x_wconf 83' lang='lat' dir='ltr'><strong>v.</strong></span> <span class='ocrx_word' id='word_1_82' title='bbox 1263 1123 1344 1185; x_wconf 79' lang='lat'><strong>123⁷</strong></span> 
     </span>
     <span class='ocr_line' id='line_1_9' title="bbox 204 1212 1347 1296; baseline 0.006 -21"><span class='ocrx_word' id='word_1_83' title='bbox 204 1216 353 1275; x_wconf 85' lang='lat' dir='ltr'><strong>Certumst</strong></span> <span class='ocrx_word' id='word_1_84' title='bbox 364 1216 404 1273; x_wconf 92' lang='lat' dir='ltr'><strong>mi</strong></span> <span class='ocrx_word' id='word_1_85' title='bbox 419 1215 498 1273; x_wconf 87' lang='lat' dir='ltr'><strong>hune</strong></span> <span class='ocrx_word' id='word_1_86' title='bbox 513 1213 706 1273; x_wconf 76' lang='lat' dir='ltr'><strong>emortualem</strong></span> <span class='ocrx_word' id='word_1_87' title='bbox 719 1212 818 1283; x_wconf 75' lang='lat' dir='ltr'><strong>soem</strong></span> <span class='ocrx_word' id='word_1_88' title='bbox 832 1233 869 1274; x_wconf 79' lang='lat' dir='ltr'><strong>ee</strong></span> <span class='ocrx_word' id='word_1_89' title='bbox 880 1218 977 1276; x_wconf 72' lang='lat' dir='ltr'><strong>oowls‘</strong></span> <span class='ocrx_word' id='word_1_90' title='bbox 997 1217 1052 1279; x_wconf 80' lang='lat' dir='ltr'><strong>dte.</strong></span> <span class='ocrx_word' id='word_1_91' title='bbox 1074 1213 1190 1279; x_wconf 86' lang='lat' dir='ltr'><strong>Pseud.</strong></span> <span class='ocrx_word' id='word_1_92' title='bbox 1219 1214 1245 1294; x_wconf 88' lang='grc' dir='ltr'><strong>Ι,</strong></span> <span class='ocrx_word' id='word_1_93' title='bbox 1260 1220 1291 1296; x_wconf 87' lang='grc'><strong>2,</strong></span> <span class='ocrx_word' id='word_1_94' title='bbox 1308 1222 1347 1284; x_wconf 84' lang='grc'><strong>59</strong></span> 
     </span>
     <span class='ocr_line' id='line_1_10' title="bbox 204 1310 1347 1393; baseline 0.003 -20"><span class='ocrx_word' id='word_1_95' title='bbox 204 1330 310 1389; x_wconf 88' lang='lat' dir='ltr'><strong>meque</strong></span> <span class='ocrx_word' id='word_1_96' title='bbox 329 1319 362 1372; x_wconf 88' lang='lat' dir='ltr'><strong>ut</strong></span> <span class='ocrx_word' id='word_1_97' title='bbox 376 1311 531 1388; x_wconf 82' lang='lat' dir='ltr'><strong>praedicet</strong></span> <span class='ocrx_word' id='word_1_98' title='bbox 546 1312 665 1371; x_wconf 70' lang='lat' dir='ltr'><strong>neom</strong></span> <span class='ocrx_word' id='word_1_99' title='bbox 680 1328 716 1370; x_wconf 78' lang='lat' dir='ltr'><strong>eo</strong></span> <span class='ocrx_word' id='word_1_100' title='bbox 726 1312 870 1374; x_wconf 73' lang='lat' dir='ltr'><strong>Ballione</strong></span> <span class='ocrx_word' id='word_1_101' title='bbox 884 1331 983 1390; x_wconf 82' lang='lat' dir='ltr'><strong>regem</strong></span> <span class='ocrx_word' id='word_1_102' title='bbox 1000 1316 1156 1376; x_wconf 83' lang='lat' dir='ltr'><strong>lesionem.</strong></span> <span class='ocrx_word' id='word_1_103' title='bbox 1176 1310 1272 1378; x_wconf 73' lang='lat' dir='ltr'><strong>Most.</strong></span> <span class='ocrx_word' id='word_1_104' title='bbox 1289 1313 1317 1393; x_wconf 96' lang='grc' dir='ltr'><strong>Ι,</strong></span> <span class='ocrx_word' id='word_1_105' title='bbox 1335 1323 1347 1376; x_wconf 93' lang='grc'><strong>1</strong></span> 
     </span>
     <span class='ocr_line' id='line_1_11' title="bbox 205 1408 1347 1491; baseline 0.003 -18"><span class='ocrx_word' id='word_1_106' title='bbox 205 1413 261 1473; x_wconf 83' lang='grc' dir='ltr'><strong>8οε</strong></span> <span class='ocrx_word' id='word_1_107' title='bbox 278 1412 381 1470; x_wconf 86' lang='lat' dir='ltr'><strong>erilem</strong></span> <span class='ocrx_word' id='word_1_108' title='bbox 396 1409 488 1471; x_wconf 88' lang='lat' dir='ltr'><strong>filium</strong></span> <span class='ocrx_word' id='word_1_109' title='bbox 508 1409 602 1469; x_wconf 83' lang='lat' dir='ltr'><strong>Video</strong></span> <span class='ocrx_word' id='word_1_110' title='bbox 615 1416 787 1483; x_wconf 85' lang='lat' dir='ltr'><strong>corruptum</strong></span> <span class='ocrx_word' id='word_1_111' title='bbox 803 1412 846 1470; x_wconf 90' lang='lat' dir='ltr'><strong>ita</strong></span> <span class='ocrx_word' id='word_1_112' title='bbox 858 1411 1088 1474; x_wconf 75' lang='lat' dir='ltr'><strong>eeodtelesoeote</strong></span> <span class='ocrx_word' id='word_1_113' title='bbox 1109 1416 1238 1485; x_wconf 72' lang='lat' dir='ltr'><strong>optumo.</strong></span> <span class='ocrx_word' id='word_1_114' title='bbox 1260 1408 1347 1491; x_wconf 83' lang='lat' dir='ltr'>Iv,1</span> 
     </span>
     <span class='ocr_line' id='line_1_12' title="bbox 206 1502 1348 1588; baseline 0.004 -18"><span class='ocrx_word' id='word_1_115' title='bbox 206 1511 243 1571; x_wconf 84' lang='lat'><strong>8:</strong></span> <span class='ocrx_word' id='word_1_116' title='bbox 268 1513 387 1585; x_wconf 83' lang='lat' dir='ltr'><strong>Augent</strong></span> <span class='ocrx_word' id='word_1_117' title='bbox 407 1526 443 1569; x_wconf 81' lang='lat' dir='ltr'><strong>eo</strong></span> <span class='ocrx_word' id='word_1_118' title='bbox 459 1507 609 1584; x_wconf 74' lang='lat' dir='ltr'><strong>poetilio,</strong></span> <span class='ocrx_word' id='word_1_119' title='bbox 631 1502 715 1582; x_wconf 90' lang='lat' dir='ltr'><strong>quod</strong></span> <span class='ocrx_word' id='word_1_120' title='bbox 738 1503 884 1584; x_wconf 84' lang='lat' dir='ltr'><strong>Kampm.</strong></span> <span class='ocrx_word' id='word_1_121' title='bbox 909 1505 949 1571; x_wconf 93' lang='lat' dir='ltr'><strong>de</strong></span> <span class='ocrx_word' id='word_1_122' title='bbox 971 1510 1030 1569; x_wconf 82' lang='lat' dir='ltr'><strong>EX</strong></span> <span class='ocrx_word' id='word_1_123' title='bbox 1050 1523 1161 1588; x_wconf 79' lang='lat' dir='ltr'><strong>praep.</strong></span> <span class='ocrx_word' id='word_1_124' title='bbox 1177 1526 1241 1574; x_wconf 85' lang='lat' dir='ltr'><strong>usu</strong></span> <span class='ocrx_word' id='word_1_125' title='bbox 1256 1508 1348 1574; x_wconf 83' lang='lat' dir='ltr'><strong>Plant</strong></span> 
     </span>
     <span class='ocr_line' id='line_1_13' title="bbox 206 1602 1348 1687; baseline 0.001 -19"><span class='ocrx_word' id='word_1_126' title='bbox 206 1621 236 1685; x_wconf 87' lang='lat' dir='ltr'><strong>p.</strong></span> <span class='ocrx_word' id='word_1_127' title='bbox 264 1609 302 1669; x_wconf 89' lang='lat'><strong>18</strong></span> <span class='ocrx_word' id='word_1_128' title='bbox 326 1604 477 1684; x_wconf 84' lang='lat' dir='ltr'><strong>explicet:</strong></span> <span class='ocrx_word' id='word_1_129' title='bbox 502 1605 543 1683; x_wconf 88' lang='lat' dir='ltr'><strong>„i.</strong></span> <span class='ocrx_word' id='word_1_130' title='bbox 567 1622 594 1668; x_wconf 93' lang='lat' dir='ltr'><strong>e.</strong></span> <span class='ocrx_word' id='word_1_131' title='bbox 618 1620 636 1668; x_wconf 87' lang='lat' dir='ltr'><strong>e</strong></span> <span class='ocrx_word' id='word_1_132' title='bbox 662 1620 761 1683; x_wconf 80' lang='lat' dir='ltr'><strong>parvo</strong></span> <span class='ocrx_word' id='word_1_133' title='bbox 792 1621 944 1685; x_wconf 78' lang='lat' dir='ltr'><strong>magnum</strong></span> <span class='ocrx_word' id='word_1_134' title='bbox 966 1602 1116 1669; x_wconf 84' lang='lat' dir='ltr'><strong>iaciunt.“</strong></span> <span class='ocrx_word' id='word_1_135' title='bbox 1146 1603 1244 1671; x_wconf 84' lang='lat' dir='ltr'><strong>llere.</strong></span> <span class='ocrx_word' id='word_1_136' title='bbox 1269 1605 1309 1687; x_wconf 85' lang='lat' dir='ltr'><strong>V,</strong></span> <span class='ocrx_word' id='word_1_137' title='bbox 1331 1613 1348 1669; x_wconf 85' lang='grc'>2</span> 
     </span>
     <span class='ocr_line' id='line_1_14' title="bbox 211 1700 1348 1779; baseline 0.004 -14"><span class='ocrx_word' id='word_1_138' title='bbox 211 1706 265 1766; x_wconf 86' lang='lat'><strong>15:</strong></span> <span class='ocrx_word' id='word_1_139' title='bbox 288 1700 434 1765; x_wconf 87' lang='lat' dir='ltr'><strong>Eundem</strong></span> <span class='ocrx_word' id='word_1_140' title='bbox 456 1703 662 1775; x_wconf 70' lang='lat' dir='ltr'><strong>eooonfidettte</strong></span> <span class='ocrx_word' id='word_1_141' title='bbox 682 1710 814 1764; x_wconf 85' lang='lat' dir='ltr'><strong>actutum</strong></span> <span class='ocrx_word' id='word_1_142' title='bbox 835 1704 1017 1765; x_wconf 79' lang='lat' dir='ltr'><strong>diffidentem</strong></span> <span class='ocrx_word' id='word_1_143' title='bbox 1035 1701 1103 1775; x_wconf 81' lang='lat' dir='ltr'><strong>(int.</strong></span> <span class='ocrx_word' id='word_1_144' title='bbox 1116 1703 1215 1779; x_wconf 84' lang='lat' dir='ltr'><strong>facis).</strong></span> <span class='ocrx_word' id='word_1_145' title='bbox 1233 1701 1348 1769; x_wconf 83' lang='lat' dir='ltr'><strong>Terent</strong></span> 
     </span>
     <span class='ocr_line' id='line_1_15' title="bbox 205 1798 1347 1877; baseline 0.004 -14"><span class='ocrx_word' id='word_1_146' title='bbox 205 1798 284 1863; x_wconf 89' lang='lat' dir='ltr'><strong>Hec.</strong></span> <span class='ocrx_word' id='word_1_147' title='bbox 327 1798 369 1877; x_wconf 84' lang='lat' dir='ltr'><strong>V,</strong></span> <span class='ocrx_word' id='word_1_148' title='bbox 402 1802 435 1877; x_wconf 93' lang='grc'><strong>1,</strong></span> <span class='ocrx_word' id='word_1_149' title='bbox 463 1803 518 1862; x_wconf 89' lang='lat'><strong>30:</strong></span> <span class='ocrx_word' id='word_1_150' title='bbox 564 1801 589 1859; x_wconf 87' lang='lat' dir='ltr'><strong>si</strong></span> <span class='ocrx_word' id='word_1_151' title='bbox 617 1807 698 1860; x_wconf 81' lang='lat' dir='ltr'><strong>esset</strong></span> <span class='ocrx_word' id='word_1_152' title='bbox 727 1803 787 1863; x_wconf 85' lang='lat' dir='ltr'><strong>alia</strong></span> <span class='ocrx_word' id='word_1_153' title='bbox 818 1819 854 1862; x_wconf 77' lang='lat' dir='ltr'><strong>ee</strong></span> <span class='ocrx_word' id='word_1_154' title='bbox 884 1802 938 1863; x_wconf 80' lang='lat' dir='ltr'><strong>ltoo</strong></span> <span class='ocrx_word' id='word_1_155' title='bbox 968 1805 1105 1876; x_wconf 77' lang='lat' dir='ltr'><strong>quaestu,</strong></span> <span class='ocrx_word' id='word_1_156' title='bbox 1139 1799 1168 1864; x_wconf 93' lang='lat' dir='ltr'><strong>h.</strong></span> <span class='ocrx_word' id='word_1_157' title='bbox 1202 1818 1229 1866; x_wconf 90' lang='lat' dir='ltr'><strong>e.</strong></span> <span class='ocrx_word' id='word_1_158' title='bbox 1268 1800 1347 1867; x_wconf 89' lang='lat' dir='ltr'><strong>huiu</strong></span> 
     </span>
     <span class='ocr_line' id='line_1_16' title="bbox 205 1892 1347 1977; baseline 0.002 -18"><span class='ocrx_word' id='word_1_159' title='bbox 205 1901 372 1975; x_wconf 85' lang='lat' dir='ltr'><strong>quaestus,</strong></span> <span class='ocrx_word' id='word_1_160' title='bbox 410 1912 438 1959; x_wconf 85' lang='lat' dir='ltr'><strong>v.</strong></span> <span class='ocrx_word' id='word_1_161' title='bbox 461 1892 587 1959; x_wconf 83' lang='lat' dir='ltr'><strong>Ruhnk.</strong></span> <span class='ocrx_word' id='word_1_162' title='bbox 632 1893 758 1960; x_wconf 90' lang='lat' dir='ltr'><strong>Phorm.</strong></span> <span class='ocrx_word' id='word_1_163' title='bbox 787 1898 814 1977; x_wconf 88' lang='lat'><strong>1,</strong></span> <span class='ocrx_word' id='word_1_164' title='bbox 837 1901 866 1973; x_wconf 85' lang='lat'><strong>3,</strong></span> <span class='ocrx_word' id='word_1_165' title='bbox 893 1903 948 1962; x_wconf 81' lang='lat'><strong>15:</strong></span> <span class='ocrx_word' id='word_1_166' title='bbox 986 1901 1123 1961; x_wconf 83' lang='lat' dir='ltr'><strong>conicito</strong></span> <span class='ocrx_word' id='word_1_167' title='bbox 1145 1905 1259 1975; x_wconf 86' lang='lat' dir='ltr'><strong>cetera,</strong></span> <span class='ocrx_word' id='word_1_168' title='bbox 1285 1902 1347 1975; x_wconf 80' lang='lat' dir='ltr'><strong>Qui</strong></span> 
     </span>
     <span class='ocr_line' id='line_1_17' title="bbox 204 1987 1348 2072; baseline 0.004 -16"><span class='ocrx_word' id='word_1_169' title='bbox 204 2012 261 2071; x_wconf 83' lang='lat' dir='ltr'><strong>ego</strong></span> <span class='ocrx_word' id='word_1_170' title='bbox 284 2012 320 2054; x_wconf 79' lang='lat' dir='ltr'><strong>ee</strong></span> <span class='ocrx_word' id='word_1_171' title='bbox 342 1995 399 2055; x_wconf 79' lang='lat' dir='ltr'><strong>hoo</strong></span> <span class='ocrx_word' id='word_1_172' title='bbox 419 1994 522 2068; x_wconf 75' lang='lat' dir='ltr'><strong>inopie</strong></span> <span class='ocrx_word' id='word_1_173' title='bbox 542 2010 620 2053; x_wconf 90' lang='lat' dir='ltr'><strong>nune</strong></span> <span class='ocrx_word' id='word_1_174' title='bbox 644 1997 770 2070; x_wconf 83' lang='lat' dir='ltr'><strong>capiam,</strong></span> <span class='ocrx_word' id='word_1_175' title='bbox 794 2002 825 2055; x_wconf 90' lang='lat' dir='ltr'><strong>et</strong></span> <span class='ocrx_word' id='word_1_176' title='bbox 847 1987 918 2071; x_wconf 85' lang='lat' dir='ltr'><strong>qnid</strong></span> <span class='ocrx_word' id='word_1_177' title='bbox 941 2007 972 2058; x_wconf 87' lang='lat' dir='ltr'><strong>tn</strong></span> <span class='ocrx_word' id='word_1_178' title='bbox 994 2015 1031 2058; x_wconf 76' lang='lat' dir='ltr'><strong>ee</strong></span> <span class='ocrx_word' id='word_1_179' title='bbox 1052 1999 1127 2057; x_wconf 73' lang='lat' dir='ltr'><strong>otae</strong></span> <span class='ocrx_word' id='word_1_180' title='bbox 1148 1998 1243 2072; x_wconf 79' lang='lat' dir='ltr'><strong>eopio.</strong></span> <span class='ocrx_word' id='word_1_181' title='bbox 1280 1996 1348 2061; x_wconf 85' lang='lat' dir='ltr'><strong>Eut</strong></span> 
     </span>
     <span class='ocr_line' id='line_1_18' title="bbox 203 2089 1348 2174; baseline 0.004 -20"><span class='ocrx_word' id='word_1_182' title='bbox 203 2089 247 2170; x_wconf 86' lang='lat'><strong>11,</strong></span> <span class='ocrx_word' id='word_1_183' title='bbox 275 2096 300 2168; x_wconf 95' lang='grc'><strong>1,</strong></span> <span class='ocrx_word' id='word_1_184' title='bbox 327 2094 379 2154; x_wconf 84' lang='grc'><strong>19;</strong></span> <span class='ocrx_word' id='word_1_185' title='bbox 416 2093 512 2153; x_wconf 88' lang='lat' dir='ltr'><strong>adeon</strong></span> <span class='ocrx_word' id='word_1_186' title='bbox 533 2091 668 2151; x_wconf 84' lang='lat' dir='ltr'><strong>homines</strong></span> <span class='ocrx_word' id='word_1_187' title='bbox 690 2094 866 2153; x_wconf 76' lang='lat' dir='ltr'><strong>immutarier</strong></span> <span class='ocrx_word' id='word_1_188' title='bbox 888 2096 941 2154; x_wconf 76' lang='lat' dir='ltr'><strong>Eo</strong></span> <span class='ocrx_word' id='word_1_189' title='bbox 963 2112 1071 2157; x_wconf 85' lang='lat' dir='ltr'><strong>amore.</strong></span> <span class='ocrx_word' id='word_1_190' title='bbox 1114 2092 1231 2158; x_wconf 81' lang='lat' dir='ltr'><strong>Heaut.</strong></span> <span class='ocrx_word' id='word_1_191' title='bbox 1270 2092 1348 2174; x_wconf 72' lang='lat' dir='ltr'><strong>V‚4</strong></span> 
     </span>
     <span class='ocr_line' id='line_1_19' title="bbox 204 2188 1348 2270; baseline 0.003 -20"><span class='ocrx_word' id='word_1_192' title='bbox 204 2194 238 2251; x_wconf 83' lang='lat'><strong>7:</strong></span> <span class='ocrx_word' id='word_1_193' title='bbox 262 2196 296 2250; x_wconf 89' lang='lat' dir='ltr'><strong>ut</strong></span> <span class='ocrx_word' id='word_1_194' title='bbox 318 2196 350 2249; x_wconf 88' lang='lat' dir='ltr'><strong>tu</strong></span> <span class='ocrx_word' id='word_1_195' title='bbox 373 2205 409 2249; x_wconf 77' lang='lat' dir='ltr'><strong>eo</strong></span> <span class='ocrx_word' id='word_1_196' title='bbox 429 2195 587 2264; x_wconf 86' lang='lat' dir='ltr'><strong>meatque</strong></span> <span class='ocrx_word' id='word_1_197' title='bbox 611 2189 773 2249; x_wconf 77' lang='lat' dir='ltr'><strong>leonatus</strong></span> <span class='ocrx_word' id='word_1_198' title='bbox 797 2207 839 2252; x_wconf 88' lang='lat' dir='ltr'><strong>es.</strong></span> <span class='ocrx_word' id='word_1_199' title='bbox 864 2188 999 2270; x_wconf 85' lang='lat' dir='ltr'><strong>Adelph.</strong></span> <span class='ocrx_word' id='word_1_200' title='bbox 1021 2190 1047 2270; x_wconf 93' lang='grc' dir='ltr'>Ι,</span> <span class='ocrx_word' id='word_1_201' title='bbox 1074 2196 1100 2269; x_wconf 96' lang='grc'><strong>1,</strong></span> <span class='ocrx_word' id='word_1_202' title='bbox 1127 2195 1179 2254; x_wconf 85' lang='lat'><strong>15:</strong></span> <span class='ocrx_word' id='word_1_203' title='bbox 1204 2196 1305 2269; x_wconf 87' lang='lat' dir='ltr'><strong>Atque</strong></span> <span class='ocrx_word' id='word_1_204' title='bbox 1327 2210 1348 2254; x_wconf 77' lang='lat' dir='ltr'><strong>e</strong></span> 
     </span>
     <span class='ocr_line' id='line_1_20' title="bbox 202 2285 1348 2367; baseline 0.002 -21"><span class='ocrx_word' id='word_1_205' title='bbox 202 2303 249 2346; x_wconf 86' lang='lat' dir='ltr'><strong>me</strong></span> <span class='ocrx_word' id='word_1_206' title='bbox 270 2287 319 2345; x_wconf 89' lang='lat' dir='ltr'><strong>hie</strong></span> <span class='ocrx_word' id='word_1_207' title='bbox 342 2293 431 2348; x_wconf 88' lang='lat' dir='ltr'><strong>natus</strong></span> <span class='ocrx_word' id='word_1_208' title='bbox 454 2304 512 2346; x_wconf 93' lang='lat' dir='ltr'><strong>non</strong></span> <span class='ocrx_word' id='word_1_209' title='bbox 536 2291 592 2357; x_wconf 89' lang='lat' dir='ltr'><strong>est,</strong></span> <span class='ocrx_word' id='word_1_210' title='bbox 617 2286 670 2345; x_wconf 86' lang='lat' dir='ltr'><strong>sed</strong></span> <span class='ocrx_word' id='word_1_211' title='bbox 692 2285 793 2357; x_wconf 73' lang='lat' dir='ltr'><strong>fratre</strong></span> <span class='ocrx_word' id='word_1_212' title='bbox 814 2304 850 2347; x_wconf 76' lang='lat' dir='ltr'><strong>eo</strong></span> <span class='ocrx_word' id='word_1_213' title='bbox 872 2306 946 2348; x_wconf 84' lang='lat' dir='ltr'><strong>meo.</strong></span> <span class='ocrx_word' id='word_1_214' title='bbox 991 2288 1089 2353; x_wconf 84' lang='lat' dir='ltr'><strong>Andr.</strong></span> <span class='ocrx_word' id='word_1_215' title='bbox 1113 2286 1139 2365; x_wconf 95' lang='grc' dir='ltr'>Ι,</span> <span class='ocrx_word' id='word_1_216' title='bbox 1159 2293 1185 2367; x_wconf 91' lang='grc'><strong>1,</strong></span> <span class='ocrx_word' id='word_1_217' title='bbox 1213 2293 1266 2353; x_wconf 84' lang='grc' dir='ltr'><strong>1οτ</strong></span> <span class='ocrx_word' id='word_1_218' title='bbox 1290 2292 1348 2352; x_wconf 75' lang='lat' dir='ltr'><strong>Fer</strong></span> 
     </span>
     <span class='ocr_line' id='line_1_21' title="bbox 201 2381 1348 2463; baseline 0.006 -20"><span class='ocrx_word' id='word_1_219' title='bbox 201 2400 237 2443; x_wconf 79' lang='lat' dir='ltr'><strong>ex</strong></span> <span class='ocrx_word' id='word_1_220' title='bbox 258 2400 342 2446; x_wconf 80' lang='lat' dir='ltr'><strong>servo</strong></span> <span class='ocrx_word' id='word_1_221' title='bbox 363 2392 396 2444; x_wconf 87' lang='lat' dir='ltr'><strong>ut</strong></span> <span class='ocrx_word' id='word_1_222' title='bbox 418 2401 500 2445; x_wconf 82' lang='lat' dir='ltr'><strong>esses</strong></span> <span class='ocrx_word' id='word_1_223' title='bbox 524 2384 651 2444; x_wconf 87' lang='lat' dir='ltr'><strong>libertus</strong></span> <span class='ocrx_word' id='word_1_224' title='bbox 674 2384 759 2461; x_wconf 79' lang='lat' dir='ltr'><strong>milri¹</strong></span> <span class='ocrx_word' id='word_1_225' title='bbox 797 2381 829 2445; x_wconf 86' lang='lat' dir='ltr'><strong>h.</strong></span> <span class='ocrx_word' id='word_1_226' title='bbox 853 2400 880 2447; x_wconf 91' lang='lat' dir='ltr'><strong>e.</strong></span> <span class='ocrx_word' id='word_1_227' title='bbox 909 2401 1006 2463; x_wconf 90' lang='lat' dir='ltr'><strong>quum</strong></span> <span class='ocrx_word' id='word_1_228' title='bbox 1029 2389 1103 2449; x_wconf 85' lang='lat' dir='ltr'><strong>ente</strong></span> <span class='ocrx_word' id='word_1_229' title='bbox 1126 2402 1239 2449; x_wconf 85' lang='lat' dir='ltr'><strong>servus</strong></span> <span class='ocrx_word' id='word_1_230' title='bbox 1263 2403 1348 2451; x_wconf 65' lang='lat' dir='ltr'><strong>esse:</strong></span> 
     </span>
     <span class='ocr_line' id='line_1_22' title="bbox 201 2476 1348 2561; baseline 0.003 -19"><span class='ocrx_word' id='word_1_231' title='bbox 201 2483 239 2544; x_wconf 87' lang='lat' dir='ltr'><strong>ut</strong></span> <span class='ocrx_word' id='word_1_232' title='bbox 262 2478 343 2560; x_wconf 84' lang='lat' dir='ltr'><strong>expl.</strong></span> <span class='ocrx_word' id='word_1_233' title='bbox 366 2478 492 2544; x_wconf 88' lang='lat' dir='ltr'><strong>Ruhnk.</strong></span> <span class='ocrx_word' id='word_1_234' title='bbox 517 2476 651 2558; x_wconf 81' lang='lat' dir='ltr'><strong>Adelph.</strong></span> <span class='ocrx_word' id='word_1_235' title='bbox 667 2476 705 2555; x_wconf 80' lang='lat' dir='ltr'><strong>V,</strong></span> <span class='ocrx_word' id='word_1_236' title='bbox 721 2483 750 2560; x_wconf 87' lang='lat'><strong>9,</strong></span> <span class='ocrx_word' id='word_1_237' title='bbox 768 2484 822 2545; x_wconf 87' lang='lat'><strong>31:</strong></span> <span class='ocrx_word' id='word_1_238' title='bbox 846 2482 879 2543; x_wconf 89' lang='lat' dir='ltr'><strong>ld</strong></span> <span class='ocrx_word' id='word_1_239' title='bbox 895 2501 953 2544; x_wconf 89' lang='lat' dir='ltr'><strong>non</strong></span> <span class='ocrx_word' id='word_1_240' title='bbox 968 2484 1037 2556; x_wconf 68' lang='lat' dir='ltr'><strong>fiere·</strong></span> <span class='ocrx_word' id='word_1_241' title='bbox 1051 2500 1087 2544; x_wconf 75' lang='lat' dir='ltr'><strong>ee</strong></span> <span class='ocrx_word' id='word_1_242' title='bbox 1101 2499 1174 2544; x_wconf 81' lang='lat' dir='ltr'><strong>vero</strong></span> <span class='ocrx_word' id='word_1_243' title='bbox 1184 2484 1248 2544; x_wconf 82' lang='lat' dir='ltr'><strong>vito</strong></span> <span class='ocrx_word' id='word_1_244' title='bbox 1264 2501 1348 2561; x_wconf 81' lang='lat' dir='ltr'><strong>nequ</strong></span> 
     </span>
     <span class='ocr_line' id='line_1_23' title="bbox 205 2579 1348 2655; baseline 0.002 -16"><span class='ocrx_word' id='word_1_245' title='bbox 205 2581 281 2640; x_wconf 82' lang='lat' dir='ltr'><strong>odeo</strong></span> <span class='ocrx_word' id='word_1_246' title='bbox 310 2599 331 2639; x_wconf 81' lang='lat' dir='ltr'><strong>e</strong></span> <span class='ocrx_word' id='word_1_247' title='bbox 344 2596 436 2653; x_wconf 79' lang='lat' dir='ltr'><strong>oepeo</strong></span> <span class='ocrx_word' id='word_1_248' title='bbox 459 2584 490 2638; x_wconf 89' lang='lat' dir='ltr'><strong>et</strong></span> <span class='ocrx_word' id='word_1_249' title='bbox 511 2581 594 2654; x_wconf 81' lang='lat' dir='ltr'><strong>boreo,</strong></span> <span class='ocrx_word' id='word_1_250' title='bbox 615 2579 674 2638; x_wconf 88' lang='lat' dir='ltr'><strong>Sed</strong></span> <span class='ocrx_word' id='word_1_251' title='bbox 689 2595 725 2638; x_wconf 78' lang='lat' dir='ltr'><strong>eo</strong></span> <span class='ocrx_word' id='word_1_252' title='bbox 741 2580 933 2648; x_wconf 73' lang='lat' dir='ltr'><strong>adsentottdo</strong></span> <span class='ocrx_word' id='word_1_253' title='bbox 962 2581 1182 2655; x_wconf 78' lang='lat' dir='ltr'><strong>tndelpendoet</strong></span> <span class='ocrx_word' id='word_1_254' title='bbox 1198 2583 1348 2655; x_wconf 78' lang='lat' dir='ltr'><strong>torpiend-</strong></span> 
     </span>
    </p>

    <p class='ocr_par' dir='ltr' id='par_1_4' title="bbox 199 2674 1348 3537">
     <span class='ocr_line' id='line_1_24' title="bbox 285 2674 1348 2750; baseline 0.004 -13"><span class='ocrx_word' id='word_1_255' title='bbox 285 2677 354 2738; x_wconf 80' lang='lat' dir='ltr'><strong>All.</strong></span> <span class='ocrx_word' id='word_1_256' title='bbox 383 2677 508 2750; x_wconf 73' lang='lat' dir='ltr'><strong>eripieris</strong></span> <span class='ocrx_word' id='word_1_257' title='bbox 534 2696 600 2737; x_wconf 82' lang='lat' dir='ltr'><strong>eom</strong></span> <span class='ocrx_word' id='word_1_258' title='bbox 622 2678 841 2750; x_wconf 74' lang='lat' dir='ltr'><strong>praepositione</strong></span> <span class='ocrx_word' id='word_1_259' title='bbox 868 2678 908 2736; x_wconf 85' lang='lat' dir='ltr'><strong>de</strong></span> <span class='ocrx_word' id='word_1_260' title='bbox 930 2678 1110 2739; x_wconf 70' lang='lat' dir='ltr'><strong>coniunctae.</strong></span> <span class='ocrx_word' id='word_1_261' title='bbox 1156 2674 1238 2740; x_wconf 86' lang='lat' dir='ltr'><strong>Cato</strong></span> <span class='ocrx_word' id='word_1_262' title='bbox 1264 2674 1348 2741; x_wconf 65' lang='lat' dir='ltr'><strong>Pel</strong></span> 
     </span>
     <span class='ocr_line' id='line_1_25' title="bbox 204 2776 1348 2852; baseline -0.002 -14"><span class='ocrx_word' id='word_1_263' title='bbox 204 2792 229 2838; x_wconf 90' lang='lat' dir='ltr'><strong>c.</strong></span> <span class='ocrx_word' id='word_1_264' title='bbox 256 2779 288 2838; x_wconf 91' lang='lat'><strong>1:</strong></span> <span class='ocrx_word' id='word_1_265' title='bbox 329 2777 374 2835; x_wconf 87' lang='lat' dir='ltr'><strong>De</strong></span> <span class='ocrx_word' id='word_1_266' title='bbox 401 2777 537 2836; x_wconf 84' lang='lat' dir='ltr'><strong>omnibus</strong></span> <span class='ocrx_word' id='word_1_267' title='bbox 564 2776 643 2850; x_wconf 81' lang='lat' dir='ltr'><strong>agris</strong></span> <span class='ocrx_word' id='word_1_268' title='bbox 671 2776 841 2850; x_wconf 90' lang='lat' dir='ltr'><strong>optimoque</strong></span> <span class='ocrx_word' id='word_1_269' title='bbox 874 2776 941 2835; x_wconf 91' lang='lat' dir='ltr'><strong>loeo</strong></span> <span class='ocrx_word' id='word_1_270' title='bbox 975 2777 999 2835; x_wconf 88' lang='lat' dir='ltr'><strong>si</strong></span> <span class='ocrx_word' id='word_1_271' title='bbox 1029 2778 1136 2836; x_wconf 89' lang='lat' dir='ltr'><strong>emeris</strong></span> <span class='ocrx_word' id='word_1_272' title='bbox 1165 2777 1273 2850; x_wconf 82' lang='lat' dir='ltr'><strong>iugera</strong></span> <span class='ocrx_word' id='word_1_273' title='bbox 1299 2793 1348 2852; x_wconf 69' lang='lat' dir='ltr'><strong>ngr</strong></span> 
     </span>
     <span class='ocr_line' id='line_1_26' title="bbox 203 2866 1348 2951; baseline 0.001 -18"><span class='ocrx_word' id='word_1_274' title='bbox 203 2882 333 2951; x_wconf 82' lang='lat' dir='ltr'><strong>eentum,</strong></span> <span class='ocrx_word' id='word_1_275' title='bbox 358 2874 445 2933; x_wconf 85' lang='lat' dir='ltr'><strong>vinea</strong></span> <span class='ocrx_word' id='word_1_276' title='bbox 467 2879 514 2932; x_wconf 89' lang='lat' dir='ltr'><strong>est</strong></span> <span class='ocrx_word' id='word_1_277' title='bbox 534 2875 639 2946; x_wconf 82' lang='lat' dir='ltr'><strong>prime.</strong></span> <span class='ocrx_word' id='word_1_278' title='bbox 678 2867 712 2932; x_wconf 87' lang='lat' dir='ltr'><strong>C.</strong></span> <span class='ocrx_word' id='word_1_279' title='bbox 739 2873 792 2932; x_wconf 84' lang='lat'><strong>17:</strong></span> <span class='ocrx_word' id='word_1_280' title='bbox 816 2888 916 2931; x_wconf 91' lang='lat' dir='ltr'><strong>semen</strong></span> <span class='ocrx_word' id='word_1_281' title='bbox 939 2871 975 2930; x_wconf 85' lang='lat' dir='ltr'><strong>de</strong></span> <span class='ocrx_word' id='word_1_282' title='bbox 996 2888 1140 2949; x_wconf 74' lang='lat' dir='ltr'><strong>cupresso,</strong></span> <span class='ocrx_word' id='word_1_283' title='bbox 1162 2871 1199 2930; x_wconf 78' lang='lat' dir='ltr'><strong>de</strong></span> <span class='ocrx_word' id='word_1_284' title='bbox 1215 2874 1304 2946; x_wconf 80' lang='lat' dir='ltr'><strong>pino.</strong></span> <span class='ocrx_word' id='word_1_285' title='bbox 1328 2866 1348 2934; x_wconf 76' lang='grc' dir='ltr'>ί</span> 
     </span>
     <span class='ocr_line' id='line_1_27' title="bbox 207 2965 1348 3043; baseline 0 -10"><span class='ocrx_word' id='word_1_286' title='bbox 207 2972 283 3033; x_wconf 84' lang='lat' dir='ltr'><strong>loe:</strong></span> <span class='ocrx_word' id='word_1_287' title='bbox 307 2972 376 3030; x_wconf 87' lang='lat' dir='ltr'><strong>Vini</strong></span> <span class='ocrx_word' id='word_1_288' title='bbox 400 2973 561 3030; x_wconf 83' lang='lat' dir='ltr'><strong>sextarium</strong></span> <span class='ocrx_word' id='word_1_289' title='bbox 584 2970 619 3028; x_wconf 85' lang='lat' dir='ltr'><strong>de</strong></span> <span class='ocrx_word' id='word_1_290' title='bbox 641 2986 673 3028; x_wconf 90' lang='lat' dir='ltr'><strong>eo</strong></span> <span class='ocrx_word' id='word_1_291' title='bbox 694 2968 773 3041; x_wconf 82' lang='lat' dir='ltr'><strong>vitto,</strong></span> <span class='ocrx_word' id='word_1_292' title='bbox 796 2968 874 3043; x_wconf 89' lang='lat' dir='ltr'><strong>quod</strong></span> <span class='ocrx_word' id='word_1_293' title='bbox 897 2970 979 3029; x_wconf 84' lang='lat' dir='ltr'><strong>voles</strong></span> <span class='ocrx_word' id='word_1_294' title='bbox 1004 2971 1142 3043; x_wconf 77' lang='lat' dir='ltr'><strong>experiri</strong></span> <span class='ocrx_word' id='word_1_295' title='bbox 1167 2965 1299 3032; x_wconf 66' lang='lat'>0157:</span> <span class='ocrx_word' id='word_1_296' title='bbox 1323 2970 1348 3032; x_wconf 83' lang='lat' dir='ltr'>E</span> 
     </span>
     <span class='ocr_line' id='line_1_28' title="bbox 202 3065 1348 3144; baseline 0.001 -17"><span class='ocrx_word' id='word_1_297' title='bbox 202 3070 329 3144; x_wconf 91' lang='lat' dir='ltr'><strong>primum</strong></span> <span class='ocrx_word' id='word_1_298' title='bbox 354 3069 444 3143; x_wconf 89' lang='lat' dir='ltr'><strong>seito,</strong></span> <span class='ocrx_word' id='word_1_299' title='bbox 479 3067 515 3127; x_wconf 82' lang='lat' dir='ltr'><strong>de</strong></span> <span class='ocrx_word' id='word_1_300' title='bbox 536 3068 670 3126; x_wconf 81' lang='lat' dir='ltr'><strong>omnious</strong></span> <span class='ocrx_word' id='word_1_301' title='bbox 698 3065 837 3125; x_wconf 69' lang='grc' dir='ltr'><strong>ὺναεείεἱε</strong></span> <span class='ocrx_word' id='word_1_302' title='bbox 863 3066 945 3124; x_wconf 87' lang='lat' dir='ltr'><strong>nulla</strong></span> <span class='ocrx_word' id='word_1_303' title='bbox 975 3074 1021 3126; x_wconf 86' lang='lat' dir='ltr'><strong>est</strong></span> <span class='ocrx_word' id='word_1_304' title='bbox 1043 3067 1207 3126; x_wconf 90' lang='lat' dir='ltr'><strong>illiusmodi</strong></span> <span class='ocrx_word' id='word_1_305' title='bbox 1227 3069 1348 3128; x_wconf 81' lang='lat' dir='ltr'><strong>medies</strong></span> 
     </span>
     <span class='ocr_line' id='line_1_29' title="bbox 202 3157 1347 3241; baseline -0.002 -17"><span class='ocrx_word' id='word_1_306' title='bbox 202 3167 375 3228; x_wconf 87' lang='lat' dir='ltr'><strong>mentosior.</strong></span> <span class='ocrx_word' id='word_1_307' title='bbox 398 3161 431 3226; x_wconf 87' lang='lat' dir='ltr'><strong>O.</strong></span> <span class='ocrx_word' id='word_1_308' title='bbox 451 3166 485 3227; x_wconf 89' lang='lat'><strong>5:</strong></span> <span class='ocrx_word' id='word_1_309' title='bbox 502 3166 681 3225; x_wconf 81' lang='lat' dir='ltr'><strong>sieilimente</strong></span> <span class='ocrx_word' id='word_1_310' title='bbox 697 3157 889 3235; x_wconf 67' lang='lat' dir='ltr'><strong>(exornaret)</strong></span> <span class='ocrx_word' id='word_1_311' title='bbox 904 3162 1046 3234; x_wconf 83' lang='lat' dir='ltr'><strong>deproto.</strong></span> <span class='ocrx_word' id='word_1_312' title='bbox 1070 3159 1172 3224; x_wconf 86' lang='lat' dir='ltr'><strong>Plaut.</strong></span> <span class='ocrx_word' id='word_1_313' title='bbox 1192 3161 1265 3225; x_wconf 92' lang='lat' dir='ltr'><strong>Aul.</strong></span> <span class='ocrx_word' id='word_1_314' title='bbox 1281 3161 1347 3241; x_wconf 76' lang='lat' dir='ltr'><strong>pro</strong></span> 
     </span>
     <span class='ocr_line' id='line_1_30' title="bbox 201 3256 1348 3336; baseline -0.004 -11"><span class='ocrx_word' id='word_1_315' title='bbox 201 3278 231 3324; x_wconf 79' lang='lat' dir='ltr'><strong>v,</strong></span> <span class='ocrx_word' id='word_1_316' title='bbox 256 3264 310 3324; x_wconf 81' lang='lat'><strong>28:</strong></span> <span class='ocrx_word' id='word_1_317' title='bbox 333 3262 368 3322; x_wconf 82' lang='lat' dir='ltr'><strong>de</strong></span> <span class='ocrx_word' id='word_1_318' title='bbox 388 3280 501 3323; x_wconf 81' lang='lat' dir='ltr'><strong>sommo</strong></span> <span class='ocrx_word' id='word_1_319' title='bbox 523 3263 700 3322; x_wconf 78' lang='lat' dir='ltr'><strong>adulescens</strong></span> <span class='ocrx_word' id='word_1_320' title='bbox 723 3260 792 3320; x_wconf 86' lang='lat' dir='ltr'><strong>loeo.</strong></span> <span class='ocrx_word' id='word_1_321' title='bbox 817 3256 897 3320; x_wconf 81' lang='lat' dir='ltr'><strong>llud.</strong></span> <span class='ocrx_word' id='word_1_322' title='bbox 920 3256 975 3331; x_wconf 89' lang='lat' dir='ltr'><strong>IV,</strong></span> <span class='ocrx_word' id='word_1_323' title='bbox 1000 3264 1028 3333; x_wconf 77' lang='grc' dir='ltr'><strong>ὁ,</strong></span> <span class='ocrx_word' id='word_1_324' title='bbox 1053 3264 1087 3321; x_wconf 84' lang='grc'><strong>7;</strong></span> <span class='ocrx_word' id='word_1_325' title='bbox 1110 3261 1151 3318; x_wconf 88' lang='lat' dir='ltr'><strong>Et</strong></span> <span class='ocrx_word' id='word_1_326' title='bbox 1173 3277 1241 3319; x_wconf 86' lang='lat' dir='ltr'><strong>eam</strong></span> <span class='ocrx_word' id='word_1_327' title='bbox 1264 3262 1302 3320; x_wconf 81' lang='lat' dir='ltr'><strong>de</strong></span> <span class='ocrx_word' id='word_1_328' title='bbox 1316 3279 1348 3336; x_wconf 78' lang='lat' dir='ltr'><strong>pr</strong></span> 
     </span>
     <span class='ocr_line' id='line_1_31' title="bbox 199 3353 1348 3438; baseline 0.001 -18"><span class='ocrx_word' id='word_1_329' title='bbox 199 3377 272 3420; x_wconf 76' lang='lat' dir='ltr'><strong>nere</strong></span> <span class='ocrx_word' id='word_1_330' title='bbox 293 3367 406 3421; x_wconf 81' lang='lat' dir='ltr'><strong>sommo</strong></span> <span class='ocrx_word' id='word_1_331' title='bbox 429 3359 616 3421; x_wconf 84' lang='lat' dir='ltr'><strong>adulescenti</strong></span> <span class='ocrx_word' id='word_1_332' title='bbox 639 3357 724 3417; x_wconf 85' lang='lat' dir='ltr'><strong>dabo.</strong></span> <span class='ocrx_word' id='word_1_333' title='bbox 769 3353 842 3417; x_wconf 83' lang='lat' dir='ltr'><strong>Alia</strong></span> <span class='ocrx_word' id='word_1_334' title='bbox 864 3353 1009 3433; x_wconf 85' lang='lat' dir='ltr'><strong>exempla</strong></span> <span class='ocrx_word' id='word_1_335' title='bbox 1036 3354 1108 3418; x_wconf 89' lang='lat' dir='ltr'><strong>vide</strong></span> <span class='ocrx_word' id='word_1_336' title='bbox 1138 3370 1189 3432; x_wconf 82' lang='lat' dir='ltr'><strong>ep.</strong></span> <span class='ocrx_word' id='word_1_337' title='bbox 1213 3354 1348 3438; x_wconf 84' lang='lat' dir='ltr'><strong>Kampn</strong></span> 
     </span>
     <span class='ocr_line' id='line_1_32' title="bbox 201 3453 780 3537; baseline -0.01 -18"><span class='ocrx_word' id='word_1_338' title='bbox 201 3455 242 3519; x_wconf 88' lang='lat' dir='ltr'><strong>de</strong></span> <span class='ocrx_word' id='word_1_339' title='bbox 264 3458 320 3517; x_wconf 83' lang='lat' dir='ltr'><strong>DE</strong></span> <span class='ocrx_word' id='word_1_340' title='bbox 350 3473 460 3537; x_wconf 86' lang='lat' dir='ltr'><strong>praep.</strong></span> <span class='ocrx_word' id='word_1_341' title='bbox 485 3473 547 3520; x_wconf 90' lang='lat' dir='ltr'><strong>usu</strong></span> <span class='ocrx_word' id='word_1_342' title='bbox 568 3453 673 3518; x_wconf 89' lang='lat' dir='ltr'><strong>Plaut.</strong></span> <span class='ocrx_word' id='word_1_343' title='bbox 696 3469 726 3515; x_wconf 90' lang='lat' dir='ltr'><strong>n.</strong></span> <span class='ocrx_word' id='word_1_344' title='bbox 751 3455 780 3514; x_wconf 84' lang='lat'><strong>6.</strong></span> 
     </span>
    </p>

    <p class='ocr_par' dir='ltr' id='par_1_5' title="bbox 200 3544 1348 4414">
     <span class='ocr_line' id='line_1_33' title="bbox 287 3544 1348 3630; baseline -0.002 -14"><span class='ocrx_word' id='word_1_345' title='bbox 287 3552 359 3616; x_wconf 80' lang='lat' dir='ltr'><strong>Aet.</strong></span> <span class='ocrx_word' id='word_1_346' title='bbox 389 3556 513 3630; x_wconf 78' lang='lat' dir='ltr'><strong>oripioe&#39;s</strong></span> <span class='ocrx_word' id='word_1_347' title='bbox 539 3571 606 3614; x_wconf 81' lang='lat' dir='ltr'><strong>eam</strong></span> <span class='ocrx_word' id='word_1_348' title='bbox 623 3551 839 3626; x_wconf 77' lang='lat' dir='ltr'><strong>praepositione</strong></span> <span class='ocrx_word' id='word_1_349' title='bbox 867 3552 911 3610; x_wconf 81' lang='lat' dir='ltr'><strong>ob</strong></span> <span class='ocrx_word' id='word_1_350' title='bbox 933 3551 1112 3611; x_wconf 77' lang='lat' dir='ltr'><strong>eortiooetos.</strong></span> <span class='ocrx_word' id='word_1_351' title='bbox 1158 3544 1240 3612; x_wconf 85' lang='lat' dir='ltr'><strong>Cato</strong></span> <span class='ocrx_word' id='word_1_352' title='bbox 1265 3548 1348 3614; x_wconf 74' lang='lat' dir='ltr'><strong>uf</strong></span> 
     </span>
     <span class='ocr_line' id='line_1_34' title="bbox 201 3643 1348 3724; baseline -0.004 -8"><span class='ocrx_word' id='word_1_353' title='bbox 201 3670 227 3716; x_wconf 85' lang='lat' dir='ltr'><strong>c.</strong></span> <span class='ocrx_word' id='word_1_354' title='bbox 253 3656 308 3715; x_wconf 83' lang='lat'><strong>51:</strong></span> <span class='ocrx_word' id='word_1_355' title='bbox 331 3650 380 3712; x_wconf 79' lang='lat' dir='ltr'><strong>Ao</strong></span> <span class='ocrx_word' id='word_1_356' title='bbox 402 3654 508 3713; x_wconf 81' lang='lat' dir='ltr'><strong>arbore</strong></span> <span class='ocrx_word' id='word_1_357' title='bbox 531 3652 583 3712; x_wconf 83' lang='lat' dir='ltr'><strong>abs</strong></span> <span class='ocrx_word' id='word_1_358' title='bbox 606 3658 689 3709; x_wconf 87' lang='lat' dir='ltr'><strong>terra</strong></span> <span class='ocrx_word' id='word_1_359' title='bbox 711 3650 788 3724; x_wconf 89' lang='lat' dir='ltr'><strong>pulli</strong></span> <span class='ocrx_word' id='word_1_360' title='bbox 811 3651 860 3723; x_wconf 90' lang='lat' dir='ltr'><strong>qui</strong></span> <span class='ocrx_word' id='word_1_361' title='bbox 883 3657 1053 3708; x_wconf 85' lang='lat' dir='ltr'><strong>nascentur.</strong></span> <span class='ocrx_word' id='word_1_362' title='bbox 1076 3643 1179 3708; x_wconf 88' lang='lat' dir='ltr'><strong>Plaut.</strong></span> <span class='ocrx_word' id='word_1_363' title='bbox 1205 3643 1285 3710; x_wconf 79' lang='lat' dir='ltr'><strong>Gist.</strong></span> <span class='ocrx_word' id='word_1_364' title='bbox 1310 3646 1348 3711; x_wconf 77' lang='lat' dir='ltr'><strong>ll</strong></span> 
     </span>
     <span class='ocr_line' id='line_1_35' title="bbox 204 3739 1348 3828; baseline -0.004 -16"><span class='ocrx_word' id='word_1_365' title='bbox 204 3754 233 3828; x_wconf 96' lang='grc'><strong>1,</strong></span> <span class='ocrx_word' id='word_1_366' title='bbox 257 3751 292 3812; x_wconf 87' lang='grc'><strong>6;</strong></span> <span class='ocrx_word' id='word_1_367' title='bbox 316 3751 391 3810; x_wconf 88' lang='lat' dir='ltr'><strong>haee</strong></span> <span class='ocrx_word' id='word_1_368' title='bbox 414 3751 533 3810; x_wconf 83' lang='lat' dir='ltr'><strong>cistella</strong></span> <span class='ocrx_word' id='word_1_369' title='bbox 555 3763 693 3807; x_wconf 91' lang='lat' dir='ltr'><strong>numnam</strong></span> <span class='ocrx_word' id='word_1_370' title='bbox 716 3748 786 3805; x_wconf 87' lang='lat' dir='ltr'><strong>hine</strong></span> <span class='ocrx_word' id='word_1_371' title='bbox 810 3746 847 3804; x_wconf 79' lang='lat' dir='ltr'><strong>ob</strong></span> <span class='ocrx_word' id='word_1_372' title='bbox 868 3746 955 3805; x_wconf 79' lang='lat' dir='ltr'><strong>nobis</strong></span> <span class='ocrx_word' id='word_1_373' title='bbox 977 3742 1116 3804; x_wconf 82' lang='lat' dir='ltr'><strong>domost?</strong></span> <span class='ocrx_word' id='word_1_374' title='bbox 1139 3739 1234 3807; x_wconf 86' lang='lat' dir='ltr'><strong>Cure.</strong></span> <span class='ocrx_word' id='word_1_375' title='bbox 1251 3742 1314 3823; x_wconf 88' lang='lat'>111,</span> <span class='ocrx_word' id='word_1_376' title='bbox 1336 3761 1348 3787; x_wconf 80' lang='lat'>¹</span> 
     </span>
     <span class='ocr_line' id='line_1_36' title="bbox 202 3837 1348 3920; baseline -0.005 -12"><span class='ocrx_word' id='word_1_377' title='bbox 202 3849 258 3909; x_wconf 83' lang='lat'><strong>82:</strong></span> <span class='ocrx_word' id='word_1_378' title='bbox 294 3845 393 3907; x_wconf 80' lang='lat' dir='ltr'><strong>Credo</strong></span> <span class='ocrx_word' id='word_1_379' title='bbox 415 3845 518 3905; x_wconf 83' lang='lat' dir='ltr'><strong>hercle</strong></span> <span class='ocrx_word' id='word_1_380' title='bbox 542 3853 572 3905; x_wconf 86' lang='lat' dir='ltr'><strong>te</strong></span> <span class='ocrx_word' id='word_1_381' title='bbox 596 3860 657 3905; x_wconf 81' lang='lat' dir='ltr'><strong>ease</strong></span> <span class='ocrx_word' id='word_1_382' title='bbox 679 3844 717 3902; x_wconf 83' lang='lat' dir='ltr'><strong>oo</strong></span> <span class='ocrx_word' id='word_1_383' title='bbox 737 3843 808 3920; x_wconf 76' lang='lat' dir='ltr'><strong>illo,</strong></span> <span class='ocrx_word' id='word_1_384' title='bbox 845 3839 875 3903; x_wconf 93' lang='lat' dir='ltr'><strong>h.</strong></span> <span class='ocrx_word' id='word_1_385' title='bbox 899 3859 926 3906; x_wconf 88' lang='lat' dir='ltr'><strong>e.</strong></span> <span class='ocrx_word' id='word_1_386' title='bbox 963 3838 1141 3919; x_wconf 80' lang='lat' dir='ltr'><strong>parasitum</strong></span> <span class='ocrx_word' id='word_1_387' title='bbox 1167 3837 1256 3904; x_wconf 89' lang='lat' dir='ltr'><strong>illius</strong></span> <span class='ocrx_word' id='word_1_388' title='bbox 1281 3856 1348 3905; x_wconf 82' lang='lat' dir='ltr'><strong>esst</strong></span> 
     </span>
     <span class='ocr_line' id='line_1_37' title="bbox 200 3937 1348 4020; baseline -0.004 -14"><span class='ocrx_word' id='word_1_389' title='bbox 200 3941 319 4006; x_wconf 85' lang='lat' dir='ltr'><strong>Pseud.</strong></span> <span class='ocrx_word' id='word_1_390' title='bbox 344 3940 386 4019; x_wconf 90' lang='grc' dir='ltr'><strong>ΙΙ,</strong></span> <span class='ocrx_word' id='word_1_391' title='bbox 403 3945 432 4020; x_wconf 92' lang='grc'><strong>2,</strong></span> <span class='ocrx_word' id='word_1_392' title='bbox 449 3944 504 4005; x_wconf 84' lang='grc'><strong>22;</strong></span> <span class='ocrx_word' id='word_1_393' title='bbox 525 3946 609 4003; x_wconf 85' lang='lat' dir='ltr'><strong>Esne</strong></span> <span class='ocrx_word' id='word_1_394' title='bbox 633 3949 665 4000; x_wconf 91' lang='lat' dir='ltr'><strong>tu</strong></span> <span class='ocrx_word' id='word_1_395' title='bbox 688 3959 725 4001; x_wconf 85' lang='lat' dir='ltr'><strong>en</strong></span> <span class='ocrx_word' id='word_1_396' title='bbox 748 3958 807 4001; x_wconf 92' lang='lat' dir='ltr'><strong>non</strong></span> <span class='ocrx_word' id='word_1_397' title='bbox 830 3956 860 3999; x_wconf 84' lang='lat' dir='ltr'><strong>es</strong></span> <span class='ocrx_word' id='word_1_398' title='bbox 882 3940 920 3998; x_wconf 83' lang='lat' dir='ltr'><strong>ol&gt;</strong></span> <span class='ocrx_word' id='word_1_399' title='bbox 941 3938 994 3997; x_wconf 78' lang='lat' dir='ltr'><strong>illo</strong></span> <span class='ocrx_word' id='word_1_400' title='bbox 1014 3937 1108 3996; x_wconf 78' lang='lat' dir='ltr'><strong>milite</strong></span> <span class='ocrx_word' id='word_1_401' title='bbox 1130 3939 1348 4001; x_wconf 79' lang='lat' dir='ltr'><strong>ellaeedonis</strong></span> 
     </span>
     <span class='ocr_line' id='line_1_38' title="bbox 200 4036 1348 4114; baseline -0.004 -11"><span class='ocrx_word' id='word_1_402' title='bbox 200 4037 316 4103; x_wconf 88' lang='lat' dir='ltr'><strong>Pseud.</strong></span> <span class='ocrx_word' id='word_1_403' title='bbox 340 4055 368 4101; x_wconf 83' lang='lat' dir='ltr'><strong>v.</strong></span> <span class='ocrx_word' id='word_1_404' title='bbox 392 4041 468 4102; x_wconf 85' lang='lat'><strong>690:</strong></span> <span class='ocrx_word' id='word_1_405' title='bbox 504 4041 603 4114; x_wconf 83' lang='lat' dir='ltr'><strong>Quia</strong></span> <span class='ocrx_word' id='word_1_406' title='bbox 626 4038 727 4097; x_wconf 76' lang='lat' dir='ltr'><strong>lenone</strong></span> <span class='ocrx_word' id='word_1_407' title='bbox 752 4054 798 4097; x_wconf 91' lang='lat' dir='ltr'><strong>me</strong></span> <span class='ocrx_word' id='word_1_408' title='bbox 821 4054 879 4098; x_wconf 82' lang='lat' dir='ltr'><strong>esse</strong></span> <span class='ocrx_word' id='word_1_409' title='bbox 902 4037 971 4098; x_wconf 81' lang='lat' dir='ltr'><strong>dixi.</strong></span> <span class='ocrx_word' id='word_1_410' title='bbox 1005 4051 1035 4096; x_wconf 74' lang='lat' dir='ltr'><strong>v,</strong></span> <span class='ocrx_word' id='word_1_411' title='bbox 1065 4036 1146 4096; x_wconf 92' lang='grc'><strong>1162</strong></span> <span class='ocrx_word' id='word_1_412' title='bbox 1174 4050 1239 4110; x_wconf 88' lang='lat' dir='ltr'><strong>sq.:</strong></span> <span class='ocrx_word' id='word_1_413' title='bbox 1278 4056 1348 4112; x_wconf 75' lang='lat' dir='ltr'><strong>quar</strong></span> 
     </span>
     <span class='ocr_line' id='line_1_39' title="bbox 203 4129 1348 4213; baseline -0.003 -15"><span class='ocrx_word' id='word_1_414' title='bbox 203 4135 255 4213; x_wconf 87' lang='lat' dir='ltr'><strong>[si]</strong></span> <span class='ocrx_word' id='word_1_415' title='bbox 279 4154 299 4195; x_wconf 89' lang='lat' dir='ltr'><strong>o</strong></span> <span class='ocrx_word' id='word_1_416' title='bbox 312 4137 488 4197; x_wconf 81' lang='lat' dir='ltr'><strong>Moeedom&#39;o</strong></span> <span class='ocrx_word' id='word_1_417' title='bbox 502 4136 602 4196; x_wconf 79' lang='lat' dir='ltr'><strong>Milite</strong></span> <span class='ocrx_word' id='word_1_418' title='bbox 628 4139 708 4197; x_wconf 80' lang='lat' dir='ltr'><strong>esset.</strong></span> <span class='ocrx_word' id='word_1_419' title='bbox 732 4133 884 4197; x_wconf 78' lang='lat' dir='ltr'><strong>Fortasse</strong></span> <span class='ocrx_word' id='word_1_420' title='bbox 906 4130 969 4195; x_wconf 91' lang='lat' dir='ltr'><strong>hue</strong></span> <span class='ocrx_word' id='word_1_421' title='bbox 983 4129 1124 4210; x_wconf 91' lang='lat' dir='ltr'><strong>pertinet</strong></span> <span class='ocrx_word' id='word_1_422' title='bbox 1146 4129 1243 4193; x_wconf 90' lang='lat' dir='ltr'><strong>etiam</strong></span> <span class='ocrx_word' id='word_1_423' title='bbox 1268 4131 1348 4210; x_wconf 80' lang='lat' dir='ltr'><strong>Epir</strong></span> 
     </span>
     <span class='ocr_line' id='line_1_40' title="bbox 201 4225 1348 4312; baseline -0.001 -18"><span class='ocrx_word' id='word_1_424' title='bbox 201 4230 245 4310; x_wconf 88' lang='lat'><strong>11,</strong></span> <span class='ocrx_word' id='word_1_425' title='bbox 269 4236 298 4312; x_wconf 89' lang='grc'><strong>2,</strong></span> <span class='ocrx_word' id='word_1_426' title='bbox 323 4237 379 4296; x_wconf 82' lang='lat'><strong>22:</strong></span> <span class='ocrx_word' id='word_1_427' title='bbox 404 4237 432 4294; x_wconf 85' lang='lat' dir='ltr'><strong>A</strong></span> <span class='ocrx_word' id='word_1_428' title='bbox 447 4234 558 4306; x_wconf 63' lang='lat' dir='ltr'><strong>hotone</strong></span> <span class='ocrx_word' id='word_1_429' title='bbox 580 4249 678 4294; x_wconf 76' lang='lat' dir='ltr'><strong>omnes</strong></span> <span class='ocrx_word' id='word_1_430' title='bbox 700 4233 819 4292; x_wconf 88' lang='lat' dir='ltr'><strong>remissi</strong></span> <span class='ocrx_word' id='word_1_431' title='bbox 841 4239 918 4306; x_wconf 83' lang='lat' dir='ltr'><strong>sunt,</strong></span> <span class='ocrx_word' id='word_1_432' title='bbox 942 4227 968 4291; x_wconf 88' lang='lat' dir='ltr'><strong>si</strong></span> <span class='ocrx_word' id='word_1_433' title='bbox 991 4226 1051 4291; x_wconf 88' lang='lat' dir='ltr'><strong>hoe</strong></span> <span class='ocrx_word' id='word_1_434' title='bbox 1073 4225 1157 4290; x_wconf 90' lang='lat' dir='ltr'><strong>idem</strong></span> <span class='ocrx_word' id='word_1_435' title='bbox 1174 4234 1226 4293; x_wconf 87' lang='lat' dir='ltr'><strong>est</strong></span> <span class='ocrx_word' id='word_1_436' title='bbox 1247 4236 1348 4310; x_wconf 74' lang='lat' dir='ltr'><strong>atque</strong></span> 
     </span>
     <span class='ocr_line' id='line_1_41' title="bbox 204 4323 1348 4414; baseline 0.001 -24"><span class='ocrx_word' id='word_1_437' title='bbox 204 4344 327 4408; x_wconf 91' lang='lat' dir='ltr'><strong>omnes,</strong></span> <span class='ocrx_word' id='word_1_438' title='bbox 365 4329 482 4414; x_wconf 20' lang='lat' dir='ltr'><strong>qui-ed</strong></span> <span class='ocrx_word' id='word_1_439' title='bbox 504 4328 662 4408; x_wconf 84' lang='lat' dir='ltr'><strong>legionem</strong></span> <span class='ocrx_word' id='word_1_440' title='bbox 684 4327 856 4409; x_wconf 89' lang='lat' dir='ltr'><strong>pertinent.</strong></span> <span class='ocrx_word' id='word_1_441' title='bbox 901 4325 1034 4406; x_wconf 82' lang='lat' dir='ltr'><strong>Spectet</strong></span> <span class='ocrx_word' id='word_1_442' title='bbox 1060 4323 1122 4387; x_wconf 89' lang='lat' dir='ltr'><strong>hue</strong></span> <span class='ocrx_word' id='word_1_443' title='bbox 1150 4342 1227 4405; x_wconf 89' lang='lat' dir='ltr'><strong>pars</strong></span> <span class='ocrx_word' id='word_1_444' title='bbox 1250 4341 1348 4390; x_wconf 77' lang='lat' dir='ltr'><strong>eoru!</strong></span> 
     </span>
    </p>
   </div>
   <div class='ocr_carea' id='block_1_4' title="bbox 0 0 1568 5075">
    <p class='ocr_par' dir='ltr' id='par_1_6' title="bbox 0 0 1568 5075">
     <span class='ocr_line' id='line_1_42' title="bbox 0 0 1568 5075; baseline 0 0"><span class='ocrx_word' id='word_1_445' title='bbox 0 0 1568 5075; x_wconf 95' lang='lat' dir='ltr'><strong> </strong></span> 
     </span>
    </p>
   </div>
  </div>
 </body>
</html>
