3125 5075
215 355 277 414 178
648 338 803 381 sonentur.
819 339 881 380 ΟΛΡ.
897 339 937 380 ΙΙΙ.

214 523 278 593 erit,
301 527 391 582 menn
415 519 514 582 etmut
537 516 594 583 mit
616 512 675 578 mit
698 511 859 597 norpebtf‘
897 513 964 578 Mil.
987 510 1031 592 11,
1056 518 1085 591 3,
1109 516 1167 578 28:
1202 514 1283 588 Quid
1305 515 1354 588 suo

212 636 259 678 me
281 618 393 692 nescio,
426 615 466 680 ad
489 633 518 697 q.
540 616 561 682 l.
585 613 835 679 Lindemannus:
873 617 970 692 „Esse
1001 628 1071 676 cum
1094 609 1237 675 ablativo
1259 609 1294 674 in
1314 608 1354 674 hs

212 717 376 779 structura
396 712 508 777 eadem
529 709 778 795 significatione,
814 726 878 790 qua
898 712 1014 788 facee,
1046 710 1114 790 teus·
1135 722 1206 771 eum
1230 706 1354 773 ablativ

212 809 363 889 iungitur.
411 814 486 872 Erit
505 830 551 872 me
573 810 672 891 igitur
694 806 761 872 fere
785 805 868 872 idem
890 812 941 871 est
963 805 1049 887 quod
1079 808 1130 880 fiet
1149 825 1208 880 me3
1242 807 1278 869 et
1303 801 1354 889 pti

212 904 269 970 mit
291 904 350 968 mit
373 918 438 980 nou,
461 905 602 990 peiubtebt
623 903 682 971 mit
704 901 792 969 mtt.“
836 902 929 984 Epid.
952 904 977 983 Ι,
1004 908 1033 981 2,
1057 906 1116 967 48;
1148 904 1226 978 Quid
1246 906 1354 978 itlafi·

211 1006 335 1077 fidicine
355 1006 466 1078 initur?
510 1004 595 1070 Trin.
633 1002 677 1082 11,
699 1007 730 1081 4,
761 1004 835 1066 193:
868 1005 903 1063 In
932 1004 1068 1077 ambiguo
1097 1002 1185 1062 etiam
1216 1019 1296 1062 nnnc
1327 1020 1354 1064 es

213 1103 283 1179 qnid
305 1120 340 1162 eo
362 1119 394 1161 re
415 1103 492 1177 suut,
516 1101 557 1165 ud
580 1118 609 1182 q.
632 1099 651 1163 l.
675 1098 927 1164 Lindemannus:
974 1104 1080 1178 „Esse
1110 1101 1146 1161 ut
1168 1098 1249 1171 fieri,
1272 1099 1354 1171 secet

213 1203 246 1262 et
268 1196 326 1262 soli
348 1197 485 1263 ablativo
508 1203 542 1263 et
555 1195 786 1280 praepositioni
808 1199 844 1257 de
866 1196 1080 1277 coniungitur,
1103 1212 1200 1276 quum
1217 1192 1258 1258 de
1275 1194 1353 1259 nebu

216 1292 358 1359 fortuitis
379 1312 484 1360 sermo
507 1300 570 1375 est3
594 1296 664 1357 mot
689 1290 809 1356 bertot
831 1291 952 1358 metten
973 1288 1060 1374 ioss.“
1098 1288 1183 1355 Men.
1205 1290 1250 1371 Η,
1269 1297 1299 1368 Ι,
1314 1298 1352 1356 41

212 1394 346 1466 Quidue
370 1393 436 1454 vis?
457 1390 553 1457 Most
576 1390 602 1470 Ι,
623 1395 652 1469 3,
677 1396 730 1455 74:
756 1393 833 1465 Quid
854 1393 916 1453 iltis
938 1393 1103 1465 futurumst
1123 1392 1234 1451 ceteris.
1258 1387 1319 1464 III,
1345 1395 1354 1453 Ι

214 1490 291 1552 106:
315 1491 391 1563 Quid
415 1496 475 1551 eost
489 1496 611 1563 arpenta
635 1489 772 1562 foetum?
793 1487 832 1566 V,
855 1492 884 1566 2,
906 1494 961 1551 44;
985 1491 1054 1566 quid
1076 1489 1187 1560 meriet
1208 1490 1354 1548 nunciam

212 1584 310 1650 Mero.
334 1584 359 1664 Ι,
384 1589 413 1664 2,
437 1590 494 1649 2οι
518 1587 635 1659 foribus
658 1585 757 1657 focem
779 1587 858 1646 hisee
879 1589 1005 1649 assulas.
1028 1582 1071 1661 ΙΙ,
1097 1587 1126 1663 3,
1149 1586 1205 1646 82:
1230 1586 1285 1644 Set
1301 1587 1354 1660 qui·

209 1685 264 1743 itta
286 1704 364 1746 nunc
387 1684 460 1757 fiet?
482 1682 548 1747 Mil.
565 1681 622 1756 IV,
640 1687 668 1760 l,
685 1684 742 1745 26:
770 1683 847 1756 Quid
866 1683 921 1743 itta
942 1684 1084 1756 foetemus
1106 1682 1271 1743 ooueubu'ua
1294 1700 1353 1758 qna

210 1781 339 1842 domist?
372 1779 487 1844 Pseud.
517 1778 541 1857 Ι,
568 1784 594 1858 l,
618 1783 672 1843 86:
696 1781 749 1840 Set
771 1781 841 1855 quid
867 1798 902 1839 ea
923 1782 1089 1841 drochumo
1104 1779 1291 1851 fatereris?
1313 1775 1354 1840 ΙΙ]

213 1880 239 1954 l,
267 1880 320 1939 13:
358 1878 443 1938 Nunc
466 1880 569 1940 nescio
590 1878 693 1938 hercle
717 1878 804 1937 rebus
826 1879 897 1952 quid
920 1878 1032 1949 suetum
1053 1879 1134 1937 meio.
1180 1871 1253 1938 Can.
1279 1873 1354 1954 V,4

213 1976 248 2035 6:
273 1975 349 2047 Quid
373 1974 470 2046 teeiott
493 1972 643 2048 sapione?
673 1992 701 2036 v.
726 1976 759 2036 9:
788 1976 858 2050 quin
882 1975 1039 2051 responde,
1064 1980 1114 2033 tuo
1136 1973 1207 2049 quid
1230 1973 1354 2045 suetum

205 2070 311 2143 potito.
356 2067 450 2134 Truc.
488 2068 549 2148 lv,
579 2074 613 2146 3,
644 2072 699 2133 25:
747 2070 824 2143 Quid
851 2088 883 2130 eo
913 2072 1009 2143 fecisti
1031 2069 1151 2145 puero?
1196 2066 1295 2132 Poen.
1331 2066 1354 2131 V

209 2170 245 2245 2,
277 2170 351 2231 125:
394 2170 472 2243 Quin
509 2185 577 2228 meu
612 2183 729 2243 qnoque
767 2169 825 2228 iste
858 2168 994 2242 habebit,
1040 2170 1066 2229 si
1103 2168 1173 2242 quid
1209 2185 1256 2227 me
1292 2168 1353 2240 suu

207 2262 261 2327 ubi
295 2263 441 2328 Taubm.:
485 2263 524 2341 „i
553 2280 581 2327 e.
619 2261 647 2326 si
684 2261 794 2327 obiero
832 2262 998 2327 mortem.“
1042 2262 1115 2327 Aul.
1142 2261 1198 2341 IV,
1235 2268 1284 2341 10,
1312 2268 1354 2327 46

208 2369 269 2422 tum
299 2380 345 2421 me
373 2363 469 2435 sociat
498 2362 576 2438 quod
614 2364 675 2422 voit
711 2378 835 2436 magnus
868 2363 1023 2438 Iuppiter,
1060 2359 1114 2424 ubi
1146 2358 1198 2423 vel
1235 2366 1354 2440 propte

209 2456 448 2522 similitudinem
483 2456 678 2538 reliquorum
714 2454 930 2535 exemplorum
956 2476 1002 2518 nu
1028 2475 1087 2538 pro
1116 2455 1272 2526 ablativo,
1305 2475 1346 2522 no

207 2572 266 2634 pro
297 2555 479 2620 accusativo
502 2553 684 2619 habendum
707 2560 766 2618 est.
813 2552 929 2619 Caecil.
958 2553 1037 2620 Stat
1066 2553 1208 2619 Plocium
1246 2553 1287 2619 fr.
1318 2558 1354 2621 15

208 2655 285 2727 Quid
309 2655 362 2713 tuoe
384 2654 521 2725 futurum
549 2653 694 2714 oosontost
714 2651 781 2714 -?
805 2650 931 2717 Terent.
957 2651 1052 2716 Andr.
1075 2650 1132 2730 lv,
1157 2657 1186 2731 2,
1211 2657 1265 2717 26:
1292 2657 1348 2730 Qui

206 2767 251 2808 me
272 2749 344 2820 fiet?
383 2746 440 2817 ΙΙΙ,
465 2752 493 2827 5,
517 2752 551 2812 8:
574 2751 638 2811 Neo
661 2751 732 2827 qnid
754 2768 800 2810 me
823 2770 900 2812 nunc
923 2752 1036 2824 fooiom
1059 2753 1129 2812 seio.
1165 2750 1284 2815 Heaut.
1308 2749 1354 2815 ΙΙΙ

209 2848 235 2923 1,
260 2849 314 2909 53:
339 2847 415 2919 Quid
438 2852 463 2906 te
485 2848 622 2919 futurum
644 2847 772 2909 censes?
794 2845 836 2922 II,
860 2851 890 2926 3,
913 2851 967 2911 76:
993 2850 1069 2922 Quid
1091 2850 1143 2909 illo
1166 2849 1289 2921 famus?

291 2940 359 3001 Abt.
387 2946 512 3017 oriptuio
538 2964 604 3006 eum
625 2964 728 3020 praep.
758 2964 801 3006 ea
831 2947 1012 3006 coniunctus.
1057 2944 1129 3009 Huc
1156 2947 1354 3025 pertinenti

207 3034 284 3112 loci,
312 3035 427 3116 quibus
456 3060 491 3102 ex
520 3048 577 3106 aut
598 3059 670 3106 curn
692 3041 845 3106 materiae
872 3041 1052 3106 nominibus
1080 3043 1221 3107 iunctum
1246 3044 1351 3110 indica

205 3131 325 3212 aliquid
347 3152 386 3198 ea
408 3138 542 3202 materia
564 3137 773 3217 compositum
799 3156 870 3203 esse
909 3138 1067 3218 (Kanrpm.
1101 3159 1131 3202 n.
1157 3140 1207 3219 5),
1245 3148 1306 3206 aut
1328 3143 1354 3209 du

207 3232 274 3292 toto
303 3229 424 3310 aliquid
452 3232 595 3312 depromi
623 3230 780 3312 signifieat
814 3240 847 3298 et
879 3253 948 3298 cunr
983 3236 1143 3315 partitivis
1177 3239 1354 3305 notionibnr

206 3322 347 3389 iunctum
371 3329 554 3406 partitivum
579 3329 641 3393 vim
662 3330 800 3410 suscipit
823 3330 982 3412 (Kampm.
1005 3351 1035 3397 n.
1061 3337 1104 3412 6),
1127 3341 1184 3399 aut
1206 3337 1354 3417 originen

205 3424 239 3485 et
261 3439 388 3487 oausam
411 3425 545 3504 indicat,
574 3442 638 3506 qua
659 3426 735 3506 quid
759 3424 897 3492 efficitur
920 3434 953 3491 et
975 3438 1165 3508 procreatur
1193 3431 1355 3515 (Kampm

204 3535 233 3579 n.
258 3519 300 3596 7),
324 3525 381 3583 aut
403 3519 575 3586 adhibetur
596 3522 637 3587 ad
659 3523 858 3589 indicandam
880 3526 1087 3590 mutationem
1111 3528 1287 3607 quandam,
1321 3532 1354 3595 itt

203 3618 314 3679 utres
338 3616 552 3682 conditionem
576 3621 644 3684 sive
667 3625 819 3686 naturam
843 3623 910 3686 sive
933 3622 1066 3687 formam
1084 3641 1177 3704 quam
1199 3623 1301 3692 habet
1315 3646 1354 3693 re

204 3707 330 3788 linquat
350 3718 408 3776 aut
431 3715 559 3778 amittat
581 3721 614 3780 et
637 3716 731 3781 aliam
755 3718 876 3798 induat,
900 3721 986 3799 quod
1008 3718 1044 3784 fit
1067 3723 1152 3802 apud
1172 3725 1275 3789 verba
1296 3745 1354 3789 esse

201 3806 307 3883 facere,
332 3811 406 3880 uteri,
428 3813 549 3873 reddere
573 3812 731 3893 (Kampm.
756 3835 785 3878 n.
811 3818 852 3889 9).
882 3815 962 3882 Cato
983 3818 1019 3881 R.
1038 3818 1075 3883 R.
1092 3838 1117 3883 c.
1145 3825 1197 3885 14:
1223 3833 1354 3888 coetero

199 3907 332 3978 parietes
361 3924 397 3965 eu
425 3908 517 3968 tatere
546 3943 583 3953 —
615 3914 717 3973 indito.
764 3914 893 3976 Caetera
922 3921 971 3977 lex
994 3920 1038 3978 nti
1068 3921 1138 3979 villa
1161 3938 1196 3978 ex
1217 3923 1298 3982 coloe
1320 3940 1354 3982 oo

200 4003 315 4077 mentis,
338 4018 397 4080 pro
420 4017 482 4082 quo
499 4003 711 4071 Schneiderus
734 4008 875 4075 scribere
898 4011 1035 4076 mavult:
1060 4015 1189 4079 Caetera
1203 4020 1254 4078 lex
1269 4021 1354 4081 vitiet

200 4098 332 4158 extales
349 4103 502 4173 cementis,
526 4099 582 4163 int.
605 4107 748 4171 structae
771 4107 880 4173 totius.
904 4108 965 4174 Ib.:
988 4113 1067 4187 pilas
1089 4129 1125 4171 ex
1148 4115 1248 4188 lapide
1263 4133 1354 4190 unqu

200 4192 268 4265 lert,
298 4191 329 4256 h.
354 4212 380 4259 e.
403 4195 514 4275 iactos,
538 4201 738 4278 compositos.
777 4201 811 4268 G.
837 4210 885 4284 15,
924 4205 1000 4283 §12
1039 4212 1189 4274 nuceriae
1212 4229 1249 4273 eu
1270 4215 1354 4283 euleu

197 4293 349 4359 cementis,
376 4294 471 4369 eittee,
499 4296 542 4355 uti
567 4296 701 4361 dominns
725 4307 824 4364 omnia
853 4307 891 4366 ad
915 4324 988 4382 opus
1011 4310 1146 4384 praebet.
1192 4305 1228 4373 Ο.
1253 4313 1287 4374 3:
1323 4313 1354 4372 Si
