3125 5075
412 351 449 388 uu
465 349 595 387 uculouu
611 350 706 387 l'uussl.
722 368 744 374 -
760 350 896 388 ncuul't'll.
1186 364 1222 422 15

183 556 298 601 irenses.
343 537 405 603 Sed
435 538 536 602 Plaut.
564 536 654 618 Capt.
682 536 725 615 ΙΙ,
757 543 783 614 1,
810 545 829 602 4
853 546 915 604 est:
959 543 1019 603 Ver
1046 544 1224 619 malperaa

183 656 188 696 r
221 637 340 699 bonust.
391 634 502 699 Naevii
529 635 695 698 Proiectae
721 635 758 698 lr.
789 640 821 699 2:
853 639 923 712 quio
949 642 1069 700 moros?
1118 637 1223 705 Plaut.

183 782 190 796 .
225 732 252 806 I,
284 736 314 807 2,
347 738 389 797 lo
422 753 514 795 moro.
566 732 631 797 Mil.
668 731 725 809 Ill,
764 742 789 807 l,
827 738 884 796 121
921 739 1079 800 nutricant.
1129 737 1224 802 Ennii

183 830 239 894 nid.
272 828 310 893 ir.
341 836 354 893 1
390 849 440 909 ap.
470 831 551 893 Non.
580 848 609 909 p.
640 835 713 908 475,
742 836 774 894 3:
819 833 865 892 lta
897 851 1004 907 sapere
1037 838 1124 909 opino
1156 855 1222 899 ense

183 947 236 990 nm.
281 928 382 991 Plaut.
404 927 516 992 Bacch.
534 945 561 988 v.
579 933 634 991 24:
658 932 881 989 PraenestInnm
904 932 991 1004 opino
1013 951 1090 994 esse.
1111 997 1117 1010 ,
1136 932 1223 997 Pers.

183 1076 189 1101 ,
216 1031 253 1089 12
278 1028 375 1102 opino,
400 1027 475 1089 item
499 1025 579 1090 llud.
603 1025 657 1103 IV,
680 1031 709 1100 8,
726 1032 756 1088 4.
802 1023 916 1089 Caecil.
941 1026 1020 1092 Stat.
1043 1029 1161 1092 Asotus
1184 1027 1223 1094 ir.

183 1123 245 1204 pud
271 1123 418 1188 Plautum
446 1124 477 1186 in
502 1123 579 1187 Ruri.
604 1123 658 1194 IV,
683 1130 712 1200 3,
736 1125 776 1186 60
803 1123 986 1187 restitutum
1015 1130 1065 1189 est
1094 1129 1226 1202 opinoa

183 1235 296 1285 manno
326 1222 366 1284 de
388 1226 439 1283 AB
463 1239 570 1301 praep.
595 1238 623 1299 p.
650 1227 688 1283 25
712 1238 770 1299 pro
802 1220 932 1301 vulgato
955 1225 1067 1299 opinor.
1112 1228 1226 1302 Opinon

205 1323 257 1382 cst
279 1317 389 1397 Amph
417 1319 457 1397 ΙΙ,
483 1325 510 1396 l,
535 1324 583 1382 24.
629 1318 727 1382 Naev.
752 1318 822 1382 bell.
847 1318 925 1383 Pun.
948 1318 968 1382 I.
986 1319 1047 1384 VH
1068 1337 1119 1401 ap.
1142 1320 1224 1387 Nou.

183 1422 205 1488 l,
238 1420 289 1479 lo:
334 1419 367 1477 Id
395 1436 509 1493 qnoque
533 1421 695 1492 paciscunt.
724 1416 764 1480 ib.
795 1420 931 1493 pacicclt.
977 1417 1081 1482 Plaut.
1112 1419 1225 1484 Bacch.

184 1539 193 1592 ·,
210 1518 282 1591 870,
299 1518 357 1578 871
376 1519 504 1591 pacisce.
549 1514 647 1578 Naev-
663 1513 827 1578 Proiectus
847 1511 885 1577 Ir.
904 1520 936 1578 l:
960 1521 1087 1592 populun
1102 1520 1225 1596 patitur,

183 1615 238 1673 aas
273 1611 457 1685 (Diomedes
492 1611 515 1688 Ι,
550 1629 579 1690 p.
616 1617 676 1677 395
710 1611 759 1674 P.:
793 1612 869 1675 itera
903 1616 986 1689 patio
1020 1612 1161 1679 Naevius
1194 1615 1226 1679 in

183 1710 244 1782 rto).
287 1709 389 1773 Plaut.
414 1710 524 1789 Amph.
550 1710 573 1784 Ι,
601 1717 625 1784 1,
651 1710 691 1772 23
713 1713 830 1785 polivit.
876 1710 956 1774 Ena.
980 1710 1112 1775 Achillis
1133 1711 1170 1775 fr.
1195 1717 1224 1789 9,

192 1812 351 1884 praeliant.
396 1808 499 1871 Plaut.
523 1807 588 1871 Mil.
612 1807 666 1886 IV,
683 1813 711 1876 8,
732 1813 781 1871 13:
816 1827 951 1884 opsecro,
984 1812 1056 1872 licet
1078 1814 1228 1887 conplecti

183 1925 269 1983 qnam
280 1908 456 1979 prosim?
499 1906 591 1968 Ennii
609 1904 818 1982 cresphontis
836 1903 874 1969 lr.
894 1912 924 1970 l:
949 1910 1029 1969 inter
1044 1927 1076 1969 se
1090 1910 1225 1971 sontum.

217 2001 287 2067 Coo.
321 2002 358 2079 ΙΙ,
389 2006 418 2080 6,
445 2009 500 2068 43;
536 2015 599 2064 tute
631 2006 713 2064 corti.
757 2002 823 2067 tul.
852 2002 894 2077 ΙΙ,
924 2008 953 2083 2,
986 2008 1024 2067 17
1053 2010 1224 2068 tumultuas.

194 2098 358 2165 Eumenid.
378 2098 417 2164 fr.
436 2106 467 2164 3:
492 2105 557 2163 Nisi
579 2111 697 2185 patrem
719 2110 854 2162 materno
878 2105 1021 2178 sangnine
1043 2104 1227 2165 exanclando

183 2217 255 2260 rem.
300 2194 380 2260 Cato
403 2197 440 2259 u.
457 2197 493 2261 R.
518 2215 543 2262 c.
568 2201 608 2261 96
632 2206 665 2261 et
693 2201 749 2261 107
773 2203 807 2262 ct
833 2202 893 2263 123
915 2204 1001 2261 ntito.
1045 2198 1147 2262 Plaut.
1160 2199 1226 2264 Mil.

197 2298 236 2358 14
259 2314 356 2373 vagas.
400 2295 513 2360 Bacch.
538 2314 566 2360 v.
592 2299 653 2359 173
677 2313 787 2358 cancro
807 2320 850 2349 =
872 2313 1014 2359 veneror.

183 2393 308 2472 lenique
331 2392 443 2472 loquar
465 2395 504 2457 cle
527 2394 631 2458 verbis
646 2397 893 2468 impersonalibus
907 2395 1031 2458 activae
1046 2391 1168 2460 lormac
1188 2399 1227 2468 (v.

183 2491 332 2555 riversunr
369 2492 408 2555 de
446 2491 497 2556 his
535 2490 714 2556 hilchelsen.
753 2492 793 2556 de
829 2492 954 2557 casibus
991 2511 1019 2572 p.
1059 2498 1098 2557 58
1136 2496 1228 2574 eqo).

183 2607 222 2653 rm
249 2589 322 2666 duo,
351 2593 488 2652 maerere
516 2590 600 2669 apud
624 2588 759 2653 Ennium
790 2592 953 2665 erpellere
973 2591 1057 2670 apuli
1081 2591 1228 2655 Plautum

183 2687 311 2749 rentium
335 2705 557 2766 nonnunquam
581 2705 656 2751 vare
679 2696 754 2751 sunt
775 2688 963 2768 personalia.
1008 2689 1101 2753 Ennii
1124 2689 1227 2753 arnnal.

183 2784 381 2859 itPriscIou.
406 2785 493 2862 vul,
516 2803 545 2865 p.
569 2790 631 2849 824
655 2785 715 2856 Ph:
745 2789 892 2864 cogabant
918 2791 1012 2849 hostis
1035 2793 1228 2849 lacrimantes

183 2891 321 2945 rorarent.
366 2883 460 2946 Ennii
482 2890 564 2963 trag.
584 2885 696 2963 lragrn.
714 2885 833 2949 liccub.
853 2890 871 2947 5
895 2892 947 2956 l:
963 2903 992 2947 v.
1009 2889 1071 2949 232
1086 2882 1228 2957 Vahlen.)

183 2996 227 3044 uu.
243 2997 275 3059 p.
291 2986 363 3054 474,
381 2984 434 3044 30:
456 2984 589 3042 miserete
603 2985 695 3042 anuis.
728 2980 830 3044 I’Iaut.
848 2980 917 3045 One.
934 2981 971 3061 V,
988 2987 1017 3060 2,
1034 2988 1067 3047 3;
1090 2987 1136 3044 Ita
1151 3004 1229 3045 nuuc

189 3088 278 3156 atquc
297 3083 340 3139 ita
355 3098 432 3138 nnnc
448 3098 550 3154 paveo.
595 3077 646 3141 Sic
666 3078 778 3142 scribIt
793 3078 889 3141 ctiam
904 3079 1129 3143 Fleckeisenna
1144 3080 1230 3160 apud

183 3176 267 3240 itiam
278 3175 373 3239 hadr.
383 3175 437 3252 IV,
449 3183 474 3252 1,
487 3182 538 3239 13:
560 3183 599 3236 At
615 3188 712 3236 umen
729 3177 787 3235 ‘ubi
800 3177 903 3238 lidcet'
919 3182 945 3238 ei
960 3196 1057 3253 rogen,
1069 3180 1109 3238 nil
1117 3179 1232 3252 pauent

183 3276 226 3337 lot
255 3283 355 3351 opnat:
393 3277 456 3336 illic
480 3277 529 3336 nbi
552 3277 592 3335 nil
616 3282 713 3350 opust,
742 3277 784 3335 ibi
805 3283 955 3338 rorent-w.
999 3273 1095 3337 allud
1121 3283 1182 3353 cst,
1204 3276 1232 3340 ui

200 3370 257 3437 illa
279 3370 427 3437 affectum
447 3371 656 3451 exprimentia
664 3372 767 3448 podet,
779 3374 870 3446 pleat,
880 3374 1013 3447 poenitet
1026 3388 1089 3434 non
1103 3371 1230 3452 qudem

183 3486 276 3534 uacua
291 3472 359 3550 lpsa
373 3470 532 3546 dicuntur,
548 3487 629 3548 quoe
645 3466 761 3532 affectu
776 3468 830 3532 illo
847 3469 997 3550 tangitur,
1013 3468 1069 3534 aed
1086 3469 1119 3532 in
1134 3469 1231 3534 tertIa

183 3584 221 3632 na
242 3570 348 3648 posita
369 3566 489 3631 habent
504 3571 609 3630 aaran
626 3566 959 3648 subiectomaliqnod,
982 3567 1066 3647 cuod
1081 3565 1231 3633 affectum

205 3669 340 3744 moreat,
374 3664 413 3729 de
445 3681 508 3744 quo
541 3663 672 3729 uterina
705 3665 738 3729 iu
770 3665 963 3731 nomInativo
990 3665 1232 3747 disputavimus,

183 3762 284 3828 ‚ictum
313 3768 363 3827 est
391 3762 493 3826 Plaut.
521 3761 618 3826 Stich.
654 3763 678 3842 Ι,
712 3770 738 3844 l,
771 3770 825 3829 51:
870 3768 911 3827 Et
939 3783 986 3825 mc
1013 3766 1132 3840 quidem
1161 3766 1234 3826 hacc

183 3865 213 3924 io
239 3882 317 3923 nuuc
344 3881 400 3923 non
424 3863 563 3935 comitet.
615 3859 731 3926 Pseud.
761 3862 787 3939 Ι,
816 3868 846 3942 3,
871 3869 927 3925 cl:
970 3865 1068 3925 Nimio
1098 3865 1128 3923 ill
1156 3863 1234 3938 qaod

192 3961 313 4023 lucillae
335 3959 431 4021 fertur
453 3980 540 4036 quam
562 3963 629 4021 illut
651 3962 732 4035 quoa
744 3963 835 4036 pipec.
879 3959 1007 4023 'Iacent
1028 3958 1160 4040 Adelph.
1176 3960 1232 4038 lv,

189 4078 200 4124 τ
249 4061 314 4120 Non
349 4068 380 4118 tc
413 4060 483 4118 hacc
512 4058 648 4132 pudenti
693 4058 735 4122 Et
764 4061 810 4122 ric
844 4058 963 4122 dictum
992 4065 1044 4122 cat
1070 4076 1091 4121 a
1118 4056 1232 4122 Plauto

183 4156 198 4219 l.
226 4152 282 4232 IV,
315 4160 341 4231 Ι,
370 4158 423 4218 24;
453 4162 577 4217 anctos
604 4158 652 4217 hic
682 4160 777 4218 actiae
804 4174 850 4218 mc
879 4157 1032 4217 macor
1079 4152 1234 4232 Exempla

183 4250 406 4334 impersonalis
428 4252 508 4317 haec
529 4258 632 4317 sunto.
678 4250 757 4317 Cato
773 4253 811 4316 R.
827 4253 863 4317 R.
880 4271 906 4318 c.
924 4258 981 4317 54:
1004 4254 1062 4316 uu
1077 4255 1232 4324 nomentan

183 4355 270 4429 toria,
292 4351 430 4428 gum
458 4355 560 4428 parari
582 4355 697 4428 legique
720 4358 841 4429 oporte
884 4349 1013 4416 Terent
1035 4348 1151 4414 chut
1173 4348 1233 4431 ΙΙΙ,
