3125 5075
594 388 633 427 DE
648 389 742 430 10018.
755 409 779 418 -
795 389 1017 429 ΟΟΝΙΙΙΝΟΤΝΙΙΒ.
1310 398 1365 464 181

214 579 279 640 284
300 592 366 654 sq.:
398 580 491 651 Quom
513 611 554 621 —
579 581 730 639 clamaret.
775 576 832 655 IV,
855 581 890 656 8,
914 582 969 642 67:
999 597 1086 653 wiri
1116 582 1189 640 liaeo
1218 582 1267 640 hie
1290 578 1371 640 taeta

214 677 354 736 adhunc
378 677 619 748 [aeiaimodum.
665 674 806 753 Mil.1v‚
830 679 859 752 8,
885 680 923 738 16
946 692 1007 755 sq.:
1036 680 1111 737 Nam
1143 680 1184 739 nil
1206 680 1313 752 miror,
1344 678 1371 737 si

214 775 354 834 lubenter
382 807 424 817 —
453 776 500 835 hie
529 794 614 852 eras,
643 776 738 851 Quom
764 794 818 850 ego
848 795 966 852 servos,
994 776 1112 851 quando
1138 778 1251 850 aeploio
1282 776 1370 848 hunc,

213 874 376 933 haume»
404 876 474 947 quia
503 875 706 948 disiungimur.
752 871 839 936 Pers.
864 871 906 948 ΙΙ,
928 880 958 942 4,
981 875 1035 935 2οε
1059 874 1190 934 Tandem
1215 882 1246 933 nt
1270 875 1368 945 liceat,

213 970 309 1045 Quom
332 986 433 1031 servos
456 974 508 1044 sis,
533 989 649 1032 servom
672 974 726 1032 tibi
749 972 826 1032 malo
850 974 960 1033 dicare.
1005 968 1099 1033 Truc.
1123 968 1150 1046 1,
1173 976 1202 1045 2,
1230 974 1280 1032 16:
1304 987 1370 1031 aim

212 1085 342 1144 peregre
365 1068 517 1145 advenias,
542 1087 635 1129 coena
658 1071 754 1129 detur.
800 1067 852 1132 Sic
869 1067 1047 1132 Goellerus.
1074 1064 1124 1147 Op
1148 1070 1295 1145 quoniam.
1320 1069 1369 1146 Ap

212 1167 271 1243 q‘m·
297 1164 377 1244 Δθρ
400 1178 516 1229 centur.
540 1163 634 1245 Vulg.
660 1172 692 1229 et
713 1165 851 1230 Pareus:
875 1185 1000 1242 peregre
1024 1187 1089 1227 eum
1113 1167 1243 1228 advenis.
1274 1163 1370 1228 Goel-

212 1259 289 1339 leri‚
312 1262 367 1341 qui
390 1263 625 1327 coniunctivum
650 1264 770 1343 posuit,
801 1264 956 1327 correctio
979 1262 1147 1327 admodum
1172 1264 1295 1327 incerta
1318 1266 1369 1326 est

211 1360 261 1423 vel
289 1370 420 1441 propter
450 1359 590 1439 reliquas
620 1360 853 1441 discrepantias
884 1362 1073 1441 scripturae.
1119 1361 1245 1425 Terent
1269 1360 1368 1424 Andr.

211 1456 249 1534 V,
272 1465 303 1535 l,
326 1461 381 1522 41:
405 1461 489 1534 Egon
515 1462 600 1520 huius
624 1463 794 1520 memorium
821 1464 921 1535 patiar
948 1479 1031 1521 meae
1056 1463 1210 1535 Voluptati
1237 1461 1367 1532 obstare,

209 1575 298 1631 quom
320 1575 376 1634 ego
405 1560 515 1630 possim
548 1561 577 1615 iu
612 1560 667 1618 hac
689 1561 894 1620 remeditari
922 1558 1018 1620 mihi?
1063 1556 1142 1621 Eun.
1168 1555 1233 1634 ΙΙΙ,
1257 1561 1287 1635 5,
1312 1559 1367 1620 18:

210 1651 304 1733 ρυοηι
327 1658 409 1731 ipsus
433 1674 477 1716 me
500 1657 583 1715 noris
605 1674 693 1731 quam
716 1660 837 1733 elegans
861 1657 1020 1718 formarum
1045 1667 1198 1733 spectator
1221 1658 1303 1716 siem.

294 1755 323 1822 o)
370 1750 546 1832 Cognatum
569 1746 688 1817 causali
712 1761 761 1817 est
782 1774 887 1829 mum,
914 1753 999 1831 quod
1022 1753 1139 1819 dicitur
1160 1755 1365 1814 murenarum.

207 1847 323 1916 Naevii
339 1835 564 1930 Gymnastious
579 1848 617 1912 fr.
635 1856 668 1913 3:
692 1855 818 1930 Edepol,
836 1855 961 1928 Cupido,
986 1872 1051 1913 eum
1073 1863 1144 1936 tarn
1156 1855 1301 1928 pausillus
1316 1853 1367 1920 sis,

208 1951 299 2036 nimis
324 1954 446 2009 multum
475 1953 564 2009 vales.
608 1946 711 2012 Plani.
736 1950 827 2030 Capt.
851 1948 907 2028 IV,
930 1956 966 2029 2,
994 1955 1070 2014 112:
1101 1953 1221 2012 dubium
1244 1950 1367 2011 habebis

207 2050 314 2120 etiam,
342 2058 444 2107 sancte
472 2068 558 2122 quom
591 2068 645 2123 ego
670 2052 764 2110 iurem
795 2047 870 2109 tibi?
915 2046 1042 2111 Terent.
1066 2048 1164 2111 Andr.
1188 2046 1231 2124 ΙΙ,
1256 2055 1284 2124 3,
1309 2050 1366 2109 20:
1464 2081 1467 2087 -

207 2151 255 2215 ut,
280 2162 366 2217 quom
388 2148 472 2219 aelii,
495 2149 550 2208 tibi
572 2151 636 2207 iure
660 2150 749 2207 irasci
773 2168 830 2208 nou
855 2158 952 2223 queat.

293 2245 343 2305 25.
389 2243 574 2312 coniunctio
598 2239 736 2308 causalis
751 2246 914 2319 quodcum
935 2242 1136 2307 coniunctivo
1152 2242 1366 2322 coniungitur,

206 2336 234 2401 si
257 2356 355 2403 causa
377 2335 565 2415 exprimitur
589 2361 649 2406 non
673 2342 837 2418 obiectiva
862 2336 918 2406 sed
941 2341 1084 2420 pendeus
1110 2340 1363 2420 excogitatione

204 2436 343 2500 subiecti
366 2437 605 2519 enuntiationis,
628 2441 712 2521 quod
735 2440 776 2504 ab
800 2459 847 2515 eo,
871 2439 924 2519 qui
941 2438 1098 2518 loquitur,
1122 2439 1282 2503 diversum
1306 2448 1365 2501 est.

181 2532 257 2600 'sic
278 2532 374 2599 Plaut
406 2534 495 2600 Asin.
520 2536 578 2616 111,
604 2545 632 2616 2,
657 2545 715 2604 37:
739 2542 788 2600 ubi
812 2542 960 2616 hospitem
984 2541 1169 2612 inclamarit,
1192 2535 1277 2616 Quod
1299 2555 1366 2597 sesa

203 2644 331 2710 apsente
354 2637 425 2695 mihi
454 2637 541 2696 fidem
571 2641 681 2699 habore
709 2642 858 2702 uolatioset.
905 2637 1057 2702 Similiter
1087 2645 1138 2701 est
1160 2635 1364 2716 explicandus

204 2731 425 2796 coniunctivus
449 2742 522 2813 post
544 2738 622 2810 qaod
643 2737 768 2815 positus
796 2755 985 2817 praegresso
1010 2736 1107 2799 verbo
1131 2734 1249 2799 sciendi
1274 2733 1360 2798 asin.

203 2826 237 2908 Ι,
263 2834 296 2907 1,
321 2834 376 2894 37:
406 2835 552 2908 Equidem
581 2837 640 2895 seio
672 2840 729 2896 iarn
754 2829 832 2897 filius
862 2838 941 2911 quod
969 2842 1048 2896 amet
1075 2854 1157 2896 meus
1181 2838 1280 2896 lstauo
1303 2850 1363 2892 me·

204 2931 357 3004 retritum,
380 2929 505 3010 dequo
528 2931 600 2993 vide
624 2931 740 3012 Reisig.
764 2952 792 3012 p.
819 2938 879 2997 602
896 2951 942 3012 sq.
982 2933 1178 3013 Praegressa
1192 2929 1363 3011 negatione

203 3023 365 3107 signifieat
387 3028 608 3092 coniunctivus
632 3047 759 3094 causam
783 3029 869 3094 illam
897 3050 959 3095 nou
989 3050 1028 3095 ex
1056 3030 1206 3108 veritate,
1238 3028 1295 3092 sed
1325 3045 1365 3089 eu

204 3125 399 3204 cogitatione
423 3130 549 3188 tantum
572 3144 760 3206 suspensum
786 3147 864 3192 esse.
910 3129 1025 3210 Amph.
1049 3127 1082 3205 1,
1106 3135 1134 3204 3,
1157 3135 1256 3205 asu:
1288 3128 1365 3200 Quid

201 3225 282 3284 istue
305 3232 361 3298 est,
384 3228 423 3284 mi
448 3228 500 3296 vir,
525 3231 641 3301 negoti,
665 3228 744 3300 quod
775 3237 806 3286 tu
830 3236 890 3288 tam
914 3231 1011 3288 subito
1035 3230 1120 3289 domo
1143 3222 1262 3288 abeas?
1308 3222 1362 3287 IU.

202 3321 322 3397 Edepol
345 3324 420 3383 haut
440 3325 518 3396 qood
540 3327 584 3383 tui
606 3344 651 3384 me
677 3343 772 3400 neque
796 3326 874 3386 domi
897 3327 1067 3386 distaedeat.

291 3421 340 3483 26.
386 3419 435 3484 De
458 3420 659 3502 quadruplici
682 3419 914 3502 significatione
940 3421 1168 3487 coniunctionis
1198 3422 1268 3481 dum
1290 3417 1362 3482 vide

202 3532 287 3595 quae
315 3517 379 3594 §7
411 3518 624 3598 exposuimus.
675 3517 830 3583 Omnibus
858 3528 966 3585 autem
995 3519 1044 3583 his
1079 3515 1364 3599 significationibus

203 3612 302 3678 etiam
326 3633 397 3680 oum
421 3617 622 3681 coniunctivo
646 3618 794 3698 coniungi
811 3624 926 3697 potest.
958 3618 991 3695 a)
1008 3617 1041 3682 Si
1058 3614 1216 3698 siguificat
1239 3615 1363 3678 initium

201 3712 345 3791 aequalis
365 3712 500 3778 actionis
522 3714 691 3794 (mitrato,
715 3714 838 3793 inaura),
862 3721 984 3780 tanturn
1000 3731 1209 3796 praegressus
1225 3712 1366 3792 impera·

201 3810 289 3874 tivas
316 3810 439 3878 efficere
467 3819 587 3892 potest,
616 3821 652 3877 ut
680 3816 750 3876 dam
778 3832 849 3878 cum
878 3815 1075 3881 coniunctivo
1107 3815 1264 3893 iungatur.
1310 3809 1362 3874 Sia

201 3907 282 3972 Cato
306 3910 343 3972 lt.
366 3909 403 3974 R.
427 3929 451 3975 o.
469 3916 523 3974 76:
547 3917 667 3987 operito,
691 3914 761 3974 dam
779 3918 927 3989 inspicias,
950 3918 996 3976 bis
1019 3925 1070 3974 aut
1092 3922 1147 3974 ter.

289 4007 323 4083 b)
367 4009 399 4073 Si
422 4012 492 4070 dum
508 4009 678 4074 terminum
696 4009 863 4091 significat,
888 4012 1036 4092 adquam
1054 4010 1207 4089 temporis
1223 4009 1361 4089 spatium

202 4104 331 4170 duabus
354 4107 452 4172 rebus
475 4126 638 4173 commune
664 4112 851 4189 producitur
875 4115 928 4185 i:
945 4110 1065 4174 tamdiu
1088 4126 1193 4187 quam,
1216 4106 1246 4182 io
1271 4106 1364 4190 luoqe

203 4201 278 4278 ali).
310 4205 358 4269 De
382 4206 580 4272 coniunctivo
603 4208 635 4272 in
657 4207 717 4275 hac
739 4206 970 4288 significatione
987 4207 1090 4288 posito
1106 4206 1178 4270 vide
1200 4204 1360 4270 Handium

206 4299 342 4366 Tursell.
366 4323 397 4384 p.
413 4303 457 4384 ΙΙ,
474 4310 552 4369 317:
576 4307 737 4385 „Possunt
752 4309 834 4371 duae
858 4323 909 4394 res
925 4306 1076 4386 aequales
1097 4306 1143 4370 ita
1158 4303 1303 4378 conferri,
1327 4309 1365 4367 ut

207 4399 301 4464 simul
325 4419 424 4467 nexus
446 4413 603 4483 appareat
624 4406 773 4484 interior‚.
791 4422 854 4484 quo
876 4404 981 4470 altera
995 4423 1047 4470 res
1068 4411 1126 4471 aut
1147 4402 1363 4469 conditionem
