3125 5075
441 358 531 400 CASUS
545 359 812 400 SL'BSTANTIYOBUH.
829 379 850 388 —
866 359 1004 400 ACCL'SAT.
1248 366 1312 424 287

183 535 198 614 ’,
224 539 257 614 1,
284 539 347 600 li:
371 537 492 614 lingere
514 536 571 598 hoc
593 553 682 597 nnnm
704 542 735 596 te
758 538 835 598 rolo.
878 532 960 598 Rud.
976 531 1002 612 I,
1024 536 1054 612 2,
1075 533 1131 598 36:
1154 534 1213 594 Dic
1235 531 1315 606 qood

186 651 277 710 rope.
322 631 442 700 Pseud.
464 629 491 710 l,
513 636 544 710 3,
563 636 621 697 81;
654 635 734 694 Foco
764 634 822 694 hoc
851 634 930 708 quod
960 639 991 694 te
1013 647 1171 708 rogemus,
1203 631 1311 694 Ballio.

188 733 274 796 10οε
295 733 456 806 Dicmiid,
478 749 605 808 opsecro
625 732 738 806 hercle,
760 748 864 792 rerum
887 732 975 804 serio,
999 732 1057 791 hoo
1078 727 1158 805 quod
1178 734 1208 790 te
1229 745 1311 804 rogo.

196 831 260 894 64:
293 829 367 906 quid
394 829 452 892 hoc
478 829 558 905 quod
586 843 618 889 te
640 828 733 904 rogo?
776 825 832 905 IV,
856 832 885 905 7,
908 829 963 892 94:
998 825 1158 903 Responde
1185 843 1312 903 opsecro

183 930 253 992 reio
276 929 431 990 bucnero
453 929 533 989 serio
562 927 641 1000 cuod
670 931 697 986 tc
725 944 807 1000 rope.
852 924 940 988 Pers.
962 923 1017 1004 IV,
1038 929 1068 1002 4,
1092 927 1148 988 83:
1184 927 1226 986 A:
1257 943 1313 1001 ego

183 1027 281 1088 erim
303 1031 336 1086 te
357 1042 432 1100 rogo
453 1041 530 1101 queo
551 1027 591 1086 sit
614 1033 675 1088 tue.
719 1023 835 1088 Pseud.
850 1022 876 1102 1,
895 1027 922 1101 l,
948 1026 1022 1086 114:
1044 1041 1117 1099 roge
1139 1041 1186 1085 mo
1210 1025 1313 1100 viginti

183 1125 255 1186 incr.
298 1119 416 1186 Pseud
438 1118 466 1197 Ι,
487 1125 518 1200 0,
541 1125 597 1185 6οτ
620 1125 719 1184 nullus
739 1130 788 1184 oct
810 1124 864 1185 tibi
887 1139 973 1198 quem
996 1139 1084 1198 roges
1105 1121 1241 1182 Mutuom
1264 1139 1312 1182 ur·

183 1221 294 1284 ntum?
337 1217 394 1296 Ν,
420 1224 447 1297 1,
473 1223 527 1284 10:
558 1221 636 1294 Quid
659 1240 730 1297 ergo
758 1222 838 1297 qnod
860 1223 920 1282 scis
943 1237 990 1280 mo
1013 1218 1122 1296 rogas?
1165 1216 1254 1282 Pers
1287 1217 1313 1298 1,

183 1321 259 1394 ,42;
280 1317 369 1392 Quod
390 1327 424 1378 tn
445 1335 493 1378 me
515 1335 612 1394 rogos.
655 1337 686 1382 u.
708 1323 767 1382 44:
790 1321 834 1379 Tu
856 1318 906 1379 inc
928 1319 1016 1389 idem,
1040 1315 1120 1394 qnod
1141 1335 1229 1392 rogus
1252 1334 1309 1380 mc.

183 1419 245 1482 rut·
267 1413 326 1494 Ν,
349 1419 380 1493 3,
401 1418 458 1479 27:
494 1418 553 1478 nisi
582 1418 661 1493 qnod
689 1426 719 1477 te
747 1436 829 1492 rogo.
874 1413 989 1495 Amph.
1012 1411 1056 1492 11,
1086 1417 1113 1493 l,
1137 1416 1195 1478 61:
1233 1415 1311 1477 dure

183 1517 318 1592 docum,
340 1515 400 1576 nisi
421 1515 501 1591 quod
522 1516 635 1590 rogabo
657 1522 699 1590 te,
722 1512 807 1591 [ium]
831 1515 903 1574 mihi
925 1513 1126 1588 responderis.
1159 1510 1214 1590 Ν,
1231 1515 1261 1591 2,
1278 1517 1312 1577 5:

183 1613 295 1674 :etiem
318 1613 391 1688 qnid
413 1613 518 1686 veiim,
544 1613 579 1673 id
599 1624 633 1673 tn
653 1630 700 1672 me
720 1611 832 1688 repas?
876 1609 964 1674 Asin.
987 1608 1013 1687 Ι,
1039 1612 1067 1688 l,
1093 1613 1146 1674 14:
1180 1613 1259 1688 quod
1281 1619 1312 1672 to

183 1725 262 1786 nem.
294 1705 369 1772 Ces.
383 1706 422 1787 V,
445 1712 475 1787 2,
500 1713 555 1774 13:
578 1729 644 1771 eom
666 1713 779 1772 surium
800 1730 902 1787 posco.
930 1706 1045 1773 Bacch.
1061 1707 1116 1788 IV,
1136 1715 1167 1788 4,
1187 1714 1242 1773 52:
1264 1728 1312 1770 mc

183 1811 303 1870 unroco
327 1826 441 1870 nurum
485 1803 613 1872 Curcul.
625 1807 652 1887 1,
677 1812 705 1886 l,
730 1812 785 1872 63:
807 1812 892 1871 Alius
914 1826 961 1870 mo
984 1811 1083 1885 poscit
1104 1827 1161 1883 pro
1183 1810 1237 1870 illc
1257 1810 1313 1870 tri-

183 1905 234 1968 'utu
254 1906 365 1978 minas,
389 1907 473 1968 Alius
495 1909 640 1968 talentum
662 1925 808 1982 mugnum.
851 1905 939 1971 Pers.
961 1905 1020 1986 ΠΙ,
1043 1909 1073 1982 3,
1096 1909 1151 1970 203
1174 1907 1259 1968 Leno
1280 1916 1311 1967 to

183 2011 310 2082 rgentum
332 2005 443 2078 poscit.
464 1999 559 2068 Truc.
575 2001 618 2082 ΙΙ,
640 2011 671 2082 4,
696 2008 752 2068 73:
776 2006 835 2068 Ubi
856 2008 1008 2082 quidpiam
1030 2023 1077 2066 mc
1100 2007 1213 2080 poscis.
1236 2002 1310 2067 Aul.

183 2097 209 2178 Ι,
232 2103 283 2179 10,
307 2103 366 2164 33:
389 2102 487 2162 eninm
510 2103 585 2176 euri,
606 2103 736 2179 inquom,
760 2110 791 2163 tc
814 2121 950 2179 reposco.
995 2099 1123 2166 Curcul.
1140 2099 1177 2174 V,
1200 2105 1229 2180 2,
1256 2105 1311 2165 15:

183 2215 238 2260 nur
260 2207 296 2260 tu
318 2201 465 2274 uirginem
485 2201 536 2260 die
557 2201 716 2276 reposcis?
760 2197 830 2264 Cas.
847 2199 906 2279 ΙΙΙ,
922 2204 951 2278 2,
969 2204 1003 2263 2:
1028 2207 1146 2261 ccestor
1168 2200 1209 2273 id,
1234 2199 1313 2276 quod

183 2299 267 2359 uvir
289 2303 452 2372 tantopere
474 2299 580 2359 orabat
600 2315 695 2360 meus.
738 2297 825 2362 Triu.
841 2295 884 2375 ΙΙ,
899 2303 930 2375 4,
945 2300 1002 2361 48:
1026 2299 1136 2358 vorum
1158 2297 1212 2356 icoc
1234 2296 1313 2371 quod

183 2393 213 2454 'ni
232 2413 322 2456 meus
342 2411 390 2454 mc
410 2395 510 2456 oravit
530 2397 617 2458 iilius.
662 2392 735 2459 Aul.
758 2394 816 2473 IV,
847 2400 875 2473 7,
902 2400 958 2459 15:
992 2397 1069 2456 istuc
1097 2394 1175 2471 quod
1202 2401 1233 2454 tu
1263 2411 1311 2454 me

183 2509 231 2555 ru.
253 2489 375 2557 Bacch.
390 2489 429 2571 V,
453 2497 483 2571 2,
505 2495 561 2557 82:
583 2496 668 2555 Hunc
690 2496 808 2557 renium
830 2498 890 2558 iilis
913 2495 978 2556 eine
1001 2501 1032 2554 te
1055 2509 1183 2555 exorem.
1218 2489 1311 2571 Capi„

183 2586 247 2669 ’,1,
272 2594 329 2655 17:
350 2594 448 2655 Unum
471 2610 597 2653 exorere
619 2612 671 2655 ros
693 2595 783 2654 sinite
806 2610 869 2653 nos.
906 2589 1022 2657 Bacch.
1044 2609 1073 2654 v.
1093 2593 1188 2656 1199:
1211 2593 1242 2651 id
1264 2608 1311 2651 rue

183 2698 266 2751 munt
313 2686 395 2751 Rud.
417 2687 498 2767 prol.
521 2706 551 2753 v.
574 2692 630 2753 28:
653 2691 770 2753 Idcirco
793 2708 893 2751 moneo
914 2710 966 2752 uos
988 2709 1043 2767 epo
1066 2692 1128 2751 icc.
1169 2686 1265 2753 Stich.
1284 2686 1311 2764 I,

183 2788 261 2853 .34:
297 2788 391 2861 Quem
422 2790 460 2850 ob
483 2806 547 2850 rem
568 2807 624 2865 ego
646 2798 677 2849 te
700 2790 756 2850 iroc
780 2822 820 2833 -
843 2792 961 2852 Moneo.
1007 2793 1093 2867 2,1:
1129 2788 1186 2862 Qui
1208 2794 1310 2847 munet

183 2890 367 2948 :moneatur
388 2904 508 2961 semper
529 2906 632 2949 seruos
654 2890 741 2950 homo
763 2887 896 2959 osticium
917 2906 1013 2949 ouurrr.
1058 2884 1130 2950 Aul.
1146 2883 1189 2961 ΙΙ,
1208 2888 1235 2962 1,
1252 2888 1311 2948 24:

183 2984 215 3045 rd
237 2983 298 3057 (sic
313 2980 424 3047 Herm.
442 2982 533 3047 elem.
548 2984 579 3049 d.
595 3002 635 3049 m.
652 3002 681 3063 p.
698 2984 774 3059 301)
790 2987 820 3045 id
836 2986 1017 3046 admonitum
1033 2986 1170 3046 advento.
1192 2980 1309 3047 Pseud.

202 3084 234 3159 2,
262 3084 319 3144 17:
341 3081 482 3156 Officium
495 3090 627 3145 oestrum
640 3094 674 3145 nt
688 3102 740 3145 vos
755 3085 834 3145 mulo
850 3087 978 3159 enpintis
994 3084 1209 3156 eonmonerier,
1226 3079 1313 3159 quod

183 3178 325 3243 :nonve
351 3180 586 3245 constructione
613 3183 945 3254 commeationem
972 3182 1088 3254 aliquid
1115 3184 1221 3243 ortum
1251 3183 1310 3243 est.

183 3292 237 3341 eu.
260 3274 318 3355 Ν,
341 3281 370 3353 3,
393 3280 448 3341 26;
471 3281 525 3341 ibo
547 3286 578 3340 et
600 3284 752 3341 consulum
776 3281 852 3340 hunc
875 3298 937 3340 rem
961 3280 1081 3341 umicos.
1126 3275 1197 3341 Aul.
1214 3276 1257 3354 ΙΙ,
1281 3280 1312 3357 2,

183 3376 212 3439 1:
237 3375 358 3449 Quaeso
373 3376 452 3452 qnod
467 3384 498 3437 tc
512 3379 724 3453 percontabor,
747 3395 784 3437 ne
803 3378 832 3436 id
849 3386 879 3437 tc
894 3379 997 3453 pigeat
1011 3377 1159 3452 proloqui.
1194 3373 1310 3439 Pseud.

200 3474 232 3549 5,
256 3476 317 3535 47:
341 3474 417 3534 Sunt
438 3490 514 3549 quae
536 3480 563 3535 te
584 3479 718 3537 volumus
742 3478 925 3550 percontari.
970 3470 1083 3552 Amph.
1106 3471 1185 3552 prol.
1207 3490 1235 3534 v.
1253 3476 1311 3537 38:

183 3588 238 3633 unc
259 3571 319 3632 huc
342 3574 473 3633 unimnru
494 3591 597 3635 omnes
618 3591 694 3649 qucc
717 3575 823 3649 loquer
846 3575 1005 3635 advortite.
1029 3568 1115 3634 Trin.
1133 3568 1189 3649 IV,
1207 3575 1236 3648 3,
1252 3574 1309 3637 39:

183 3684 220 3729 on
242 3668 301 3730 hoc
322 3672 445 3745 puplico
467 3672 595 3731 unimnm
620 3672 746 3732 udrorti.
791 3669 906 3734 Pseud.
929 3668 955 3748 1,
978 3674 1008 3748 2,
1034 3673 1087 3733 1οτ
1119 3672 1205 3731 Nunc
1234 3671 1311 3733 adeo

183 3782 231 3827 mc
252 3766 435 3828 edictionem
457 3769 516 3829 nisi
537 3771 665 3829 animum
688 3770 853 3830 advertetis
875 3788 987 3830 ornnes.
1030 3786 1059 3831 v.
1087 3772 1139 3832 19:
1167 3770 1223 3831 hoc
1246 3771 1310 3830 uni·

183 3880 231 3925 mn
251 3865 412 3927 advortite.
456 3881 485 3927 v.
509 3868 565 3929 23:
598 3867 745 3927 Adsistite
773 3885 876 3929 omues
905 3876 1011 3929 contre
1038 3886 1084 3929 me
1114 3876 1145 3929 et
1171 3886 1246 3943 qune
1266 3870 1311 3929 lo·

183 3978 230 4023 cm·
249 3962 401 4025 advortite
423 3966 563 4027 animum.
605 3966 635 4040 3,
657 3967 713 4027 43:
739 3966 781 4025 Et
803 3966 833 4025 id
853 3974 883 4026 ct
904 3967 961 4028 hoc
983 3967 1061 4042 quod
1085 3975 1114 4027 tc
1137 3984 1311 4027 revocemus

183 4076 265 4121 meso
286 4062 417 4121 nuimum
442 4062 586 4133 udrorte.¹
618 4058 709 4139 Cupi.
726 4059 770 4139 ΙΙ,
787 4065 816 4139 2,
841 4067 896 4128 7οε
918 4065 1005 4125 Nunc
1027 4066 1084 4125 hoc
1107 4066 1234 4125 animum
1258 4063 1310 4125 cd-

183 4162 247 4219 orte.
290 4160 404 4233 3,23;
437 4158 518 4233 Ergo
542 4159 675 4219 animum
696 4160 837 4219 advortas
859 4164 938 4235 uolo,
971 4164 1052 4235 Qnue
1080 4164 1217 4222 nuntinre
1241 4164 1311 4223 hinc

183 4258 271 4317 nroio
291 4258 321 4317 in
344 4258 475 4333 petrium
492 4257 529 4316 nd
548 4265 677 4333 putrem,
699 4255 755 4320 nbi
777 4257 931 4321 omissum
954 4263 1004 4322 est
1025 4258 1310 4323 demonstrativum

183 4362 207 4411 ⁰·
243 4350 339 4419 Mero.
354 4350 400 4431 ΙΙ,
417 4356 448 4431 2,
464 4358 524 4419 49:
547 4356 603 4417 hoc
619 4372 678 4415 non
693 4358 829 4417 uoluntas
846 4375 891 4417 mc
907 4359 1026 4432 inpulit,
1048 4354 1104 4420 ubi
1126 4357 1179 4417 irco
1194 4355 1218 4420 1.
1235 4354 1309 4421 Gnl.
