3125 5075
646 324 773 378 nutu.
801 324 866 367 cll’.
879 324 917 366 11.

365 512 468 592 [Nam]
489 514 568 590 siqui
590 514 718 591 palmam
741 514 875 573 anteat
895 513 1107 573 histrionibus:
1131 540 1177 554 -

366 610 402 677 Si
423 614 582 689 quoiquam
605 609 715 672 artiliai
738 627 792 671 seu
813 628 869 685 per
892 612 1021 683 scriptus
1044 610 1151 669 literas

371 706 431 770 Seu
451 712 501 786 qui
523 709 589 784 ipsa
611 706 746 768 amatas
766 724 819 770 seu
841 724 897 782 per
919 706 1153 789 internuntium:

371 802 440 868 diae
461 805 536 870 adeo
555 805 669 880 aediles
690 803 852 880 perfidiose
875 805 944 878 quoi
965 802 1069 864 esem:

370 902 521 980 Siraupse
543 904 639 977 agam
660 902 750 962 tasstt
769 917 830 962 esse
852 902 1005 975 luppiter,

371 1001 579 1076 Magisteatum
602 998 691 1071 paese·
713 998 771 1059 sibi
795 999 921 1058 alterive
943 996 1108 1058 enimait

200 1096 282 1168 Rud.
306 1094 345 1174 V,
369 1099 399 1175 3,
422 1098 463 1159 22
485 1109 570 1176 sqqa
605 1093 640 1155 st
666 1096 797 1156 vidulum
820 1095 906 1154 Hune
927 1093 1102 1165 redeam
1123 1095 1155 1153 iu
1178 1099 1365 1167 potestatem

201 1198 276 1269 eius,
308 1195 442 1258 iuratust
470 1192 545 1270 dare
567 1193 642 1252 Mihi
676 1193 821 1251 talentum
856 1209 991 1266 maguum
1026 1192 1159 1264 argenti,
1193 1205 1282 1267 quae
1310 1194 1365 1253 eat

203 1289 343 1376 sumptio
370 1286 477 1354 dandi.
522 1285 715 1367 Imperfectis
741 1287 920 1351 saturatio
950 1284 1080 1364 obliqua
1109 1284 1227 1350 Pseud·
1250 1284 1310 1365 lv,
1329 1289 1362 1362 e,

203 1394 239 1457 5:
263 1392 345 1463 Quas
365 1386 513 1464 praedest,
534 1386 562 1447 se'
583 1385 737 1460 eofeasem

289 1500 318 1565 g.
355 1483 590 1546 Baaaaotioues
613 1481 794 1555 temporales.
839 1478 965 1544 Terent.
990 1479 1088 1544 Andr.
1112 1477 1155 1555 11,
1178 1484 1210 1558 6,
1235 1484 1255 1544 2
1278 1496 1362 1560 aaa:

203 1582 238 1646 Hi
259 1582 290 1642 id
311 1582 481 1642 suscenseat
501 1596 595 1656 uuus,
616 1581 686 1655 quia
708 1596 767 1639 uou
789 1578 838 1638 det
864 1580 919 1639 tibi
940 1596 1061 1639 uxorem
1085 1578 1244 1646 Chremes,
1270 1577 1363 1640 Priene

203 1696 294 1756 paam
316 1684 397 1739 tuom
420 1657 453 1742 u't
475 1692 542 1750 aeae
564 1677 822 1736 aeramentorum
845 1678 883 1736 ad
905 1678 1024 1750 nuptias
1039 1675 1244 1749 perepeaeit:
1275 1677 1361 1751 lpaue

204 1777 262 1840 sibi
289 1791 356 1836 esse
379 1773 505 1848 isterius
526 1771 679 1848 amour,
709 1771 764 1836 ubi
792 1775 979 1847 perspexerit
1005 1779 1055 1836 est
1076 1770 1135 1834 lut.
1159 1770 1266 1835 exacti
1290 1789 1361 1836 aa}

203 1869 372 1946 iuuetivus.
417 1866 544 1955 Terent.
568 1864 700 1950 Adelph.
724 1866 785 1947 111,
809 1873 839 1947 3,
862 1875 918 1933 43:
951 1877 1003 1931 aut
1025 1888 1082 1931 uau
1107 1886 1160 1929 sex
1182 1872 1257 1930 toris
1280 1887 1362 1934 nea·

205 1972 286 2036 sibus
307 1967 393 2030 Prius
415 1965 590 2040 olfecissem
620 1983 707 2042 quam
730 1968 781 2026 ills
813 1969 970 2042 quiequam
992 1967 1140 2039 asperet?
1184 1963 1315 2029 Pharna
1337 1962 1362 2041 l,

205 2069 236 2146 2,
257 2068 313 2129 40:
337 2065 386 2126 hie
408 2063 574 2124 solebamus
596 2063 661 2124 iere
676 2064 854 2139 Plerumque
870 2082 936 2125 sem
951 2066 1095 2140 apperiri,
1117 2064 1191 2128 drea
1209 2064 1282 2125 iude
1305 2064 1361 2126 iret

208 2162 336 2239 domum.
381 2156 421 2224 lu
442 2157 587 2223 oratioue
610 2156 740 2239 obliqua
761 2157 866 2223 Plaut
891 2158 989 2224 Mera
1012 2158 1037 2234 Ι,
1066 2166 1091 2236 1,
1115 2163 1152 2224 61
1179 2176 1264 2239 sqq.:

375 2256 449 2322 Sese
471 2259 621 2333 extemplo
644 2274 682 2319 ex
703 2258 827 2331 ephebis
847 2262 1002 2331 postauam
1023 2255 1193 2325 amasse,

378 2355 456 2429 Nom
479 2361 513 2420 ut
534 2370 600 2440 ega,
622 2355 718 2414 amori
739 2372 835 2431 neque
859 2356 993 2415 desidiae
1014 2357 1045 2415 iu
1068 2358 1130 2417 otia

382 2453 511 2525 Operam
535 2450 663 2512 dedisse.

208 2569 238 2616 v.
261 2552 301 2614 67
323 2563 407 2639 squ:

310 2651 359 2708 67.
383 2647 532 2731 extemplo
556 2645 634 2721 iude,
656 2648 691 2705 at
710 2645 899 2717 spectavisset
918 2648 1054 2720 peplum,

308 2747 358 2805 68.
382 2744 444 2807 Rus
467 2758 567 2803 rusum
590 2740 746 2801 confestim
770 2745 848 2818 exigi
869 2745 988 2803 solitast
1009 2761 1028 2804 a
1050 2753 1136 2819 patre

309 2843 358 2911 69.
381 2839 427 2910 lbi
449 2838 542 2897 multo
564 2838 691 2910 primum
715 2855 780 2899 sese
804 2839 992 2900 familiarium

309 2939 360 2997 70.
383 2933 592 3001 Ladmaoisee,
612 2950 700 3009 paors
721 2935 797 2996 haee
819 2946 909 3010 pater
932 2939 988 2999 sibi
1010 2938 1127 3001 atoue.

213 3030 337 3102 Deinde
358 3049 387 3094 v.
411 3033 452 3094 73
475 3046 558 3109 sua:

311 3133 362 3191 73.
384 3129 543 3202 Postquam
563 3132 685 3188 recesset
706 3131 766 3190 vita
786 3134 886 3206 patrio
907 3149 1051 3208 corpore,

310 3231 360 3290 74.
383 3231 496 3303 Agrum
519 3242 551 3285 ss
574 3226 743 3287 vendidisse
766 3237 856 3303 atque
879 3246 915 3289 es
936 3233 1065 3306 pecunie

313 3328 363 3385 76.
386 3325 507 3396 Navem,
531 3328 675 3385 metretas
698 3342 773 3400 quae
797 3333 950 3388 trecentas
971 3329 1094 3403 tolleret,

318 3425 366 3482 76.
389 3421 527 3494 Parasse,
550 3425 639 3494 atque
663 3437 699 3482 ea
721 3438 753 3482 se
775 3425 884 3484 mercis
909 3436 1056 3486 vectatum
1079 3429 1208 3504 audique

316 3521 367 3580 78.
391 3517 475 3579 Adeo
497 3516 575 3589 dane,
597 3534 672 3592 quae
695 3526 756 3579 tum
779 3520 908 3590 lateret,
922 3524 1087 3596 peperisset
1107 3525 1194 3587 boue.

314 3618 363 3674 79.
387 3604 437 3672 Me
460 3614 540 3699 idem
562 3613 669 3677 decere
693 3617 729 3690 si,
752 3624 786 3677 ut
806 3617 919 3678 deceret
939 3637 996 3692 me,
1018 3621 1122 3692 [orem

215 3710 258 3778 H.
281 3709 303 3774 l.
326 3729 354 3774 v.
380 3713 419 3773 67
444 3706 547 3789 plusq-
570 3713 755 3784 samosat
783 3719 818 3778 et
846 3713 915 3779 siue
942 3715 1039 3779 dubio
1065 3717 1161 3781 etium
1191 3737 1219 3780 v.
1247 3725 1290 3784 70
1316 3720 1368 3784 im·

216 3805 296 3892 perf.
325 3808 433 3867 amaa
457 3803 498 3868 de
527 3803 666 3884 repetita
691 3808 817 3873 actione
846 3810 1048 3893 dictumest,
1082 3815 1140 3880 ssd
1156 3822 1319 3892 possum
1340 3835 1366 3880 a.

218 3904 258 3973 61
293 3921 365 4000 cum
397 3898 549 3983 perlecto,
582 3917 611 3967 v,
647 3907 687 3967 73
721 3922 793 3971 sum
825 3907 928 3989 plusq.
960 3912 1038 3976 caui.
1073 3919 1123 3976 est
1157 3915 1368 3993 coniunctum,

219 4017 409 4087 quamquam
441 3996 611 4087 ataobique
640 3997 680 4065 de
703 4020 766 4069 uua
791 4020 830 4067 ae
852 4023 916 4070 uau
936 4008 1075 4088 repetita
1097 4010 1224 4075 actious
1246 4013 1368 4078 dicitur.

219 4099 306 4166 Asin.
330 4092 506 4176 11,4,36:
539 4095 635 4179 Aibat
661 4098 795 4181 reddere,
824 4120 916 4181 paor
938 4112 1088 4183 extemplo
1114 4110 1265 4181 emersae
1286 4116 1368 4173 eet:

219 4199 294 4260 llam
317 4196 451 4274 retineri,
474 4201 508 4253 ut
530 4194 609 4268 quod
630 4194 671 4255 sit
690 4197 745 4257 sibi
768 4203 871 4275 operis
892 4205 1022 4267 locatum
1045 4207 1180 4278 eafiemet.

303 4290 333 4355 h.
370 4291 603 4359 Eaenaiatiooee
629 4293 779 4358 relativae.
825 4293 981 4364 Convenit
1008 4318 1162 4380 praeseus
1188 4322 1261 4369 cum
1284 4321 1368 4386 pree
