3125 5075
458 368 604 408 nocrulua
621 366 852 408 Pau'u'lclluauuu.
1226 377 1286 436 3⁶29

183 557 243 616 iter
265 555 394 634 ponitur
415 561 443 616 et
469 554 511 635 (v.
535 554 638 619 Hand.
661 554 710 635 ΙΙ,
740 573 770 634 p.
793 555 880 634 481).
927 555 1000 619 Ter.
1023 556 1083 621 Ad.
1108 553 1144 623 ll,
1167 558 1202 633 8,
1230 558 1285 620 34:

183 669 217 714 nc
238 654 312 714 milri
333 653 501 730 garmanu's
520 658 637 729 pariter
659 657 757 717 animo
779 660 808 715 ct
830 672 966 731 corporo.

214 766 244 813 e
286 748 469 816 Praemisso
491 751 681 831 imperativo
703 748 811 831 pergit
832 750 936 817 oratio
950 769 1008 832 per
1022 757 1051 812 cc
1070 750 1113 814 sd
1134 749 1176 829 id,
1198 748 1286 828 quod

183 863 284 927 ncops
312 852 345 913 et
372 852 462 912 certo
491 848 620 927 quidem
647 839 837 913 eventurum
867 848 919 913 ait.
965 847 1018 912 lca
1047 865 1147 914 nexus
1178 864 1287 913 rerum

183 944 331 1010 assumus
353 944 544 1011 declaratur.
582 945 649 1024 (Sic
671 945 816 1011 Handius
837 945 883 1026 11,
914 964 943 1027 p.
966 951 1052 1022 485).
1085 944 1166 1010 Cato
1189 944 1226 1008 R.
1250 944 1286 1009 R.

183 1043 217 1106 5:
240 1043 361 1104 Circum
383 1062 510 1107 coronas
533 1052 565 1106 st
587 1048 700 1106 circum
722 1048 786 1106 vias
808 1050 904 1108 ulmos
927 1048 1017 1108 serito
1046 1052 1078 1108 et
1099 1047 1210 1121 partim
1233 1061 1287 1120 po·

183 1157 227 1216 os,
249 1143 293 1204 uti
316 1141 454 1204 ironiam
475 1145 578 1205 oribus
601 1144 900 1222 eiminstriam,
931 1148 960 1204 et
985 1146 1127 1218 materia,
1156 1144 1181 1204 si
1211 1158 1287 1218 quae

183 1254 206 1300 rs
227 1240 280 1310 sit,
303 1247 412 1314 parata
433 1242 501 1303 erit.

214 1331 235 1399 i.
281 1333 354 1400 Non
380 1341 504 1402 tanturn
535 1342 645 1417 partes
675 1336 856 1402 sententiae
881 1336 1016 1402 alicuius
1045 1335 1105 1401 hac
1126 1334 1288 1416 particula

183 1430 344 1509 inlautum
376 1434 434 1498 secl
463 1432 559 1499 etiam
589 1433 767 1499 sententiae
794 1434 893 1514 ipsae.
938 1435 1044 1515 Atque
1074 1432 1288 1513 antiquissimi

183 1529 318 1610 iptores,
341 1547 478 1611 quorum
499 1550 606 1597 sermo
621 1532 760 1598 nondum
777 1537 850 1598 erat
864 1533 971 1613 aptius
990 1531 1195 1612 compositus,
1217 1547 1288 1595 sae-

183 1626 260 1694 sime
283 1634 441 1708 usurpant
469 1647 540 1694 eam
567 1631 600 1695 in
627 1630 716 1696 initio
745 1631 991 1706 sententiarum,
1021 1628 1288 1709 quemadmodum

183 1723 207 1790 it
228 1723 319 1793 Cato.
343 1727 411 1807 (Sic
433 1726 578 1794 Handius
600 1745 631 1808 p.
648 1732 732 1801 487).
764 1726 845 1793 Cato
868 1729 905 1793 R.
927 1727 964 1792 R.
988 1726 1102 1807 prael:
1126 1732 1171 1792 El
1192 1730 1288 1789 virum

183 1842 239 1884 rum
261 1843 327 1886 cum
350 1827 521 1900 laudabant,
546 1830 589 1887 ita
611 1830 782 1905 laudabant,
807 1830 914 1889 bonum
938 1829 1098 1903 agricolam
1120 1830 1287 1901 bonumque

183 1937 277 1984 onum.
329 1922 363 1990 C.
392 1928 426 1988 9:
459 1930 506 1988 Et
535 1927 565 1984 id
595 1927 702 1987 videto.
758 1923 864 1990 Plaut.
893 1923 988 1989 Most.
1016 1922 1046 2000 l,
1074 1928 1109 2001 3,
1141 1926 1199 1986 137
1223 1938 1286 2001 sq.:

183 2035 236 2090 are
259 2027 357 2082 mcum
381 2026 596 2085 coulnbitumst
617 2025 699 2083 mibi.
743 2020 854 2086 PHIL.
883 2027 928 2084 Ei
948 2022 1057 2097 edepol
1086 2024 1159 2082 milri
1181 2030 1289 2082 tecum.

183 2120 258 2180 mut
282 2117 363 2182 Eun.
387 2118 417 2200 Ι,
445 2126 479 2198 1,
505 2126 560 2186 19:
597 2125 641 2183 Ec
662 2123 740 2197 quod
768 2140 846 2182 nunc
876 2128 939 2180 tute
968 2128 1066 2181 tecum
1088 2120 1183 2180 iratus
1209 2121 1290 2194 cogi·

198 2219 274 2282 cett.

215 2332 245 2395 g.
275 2313 500 2379 Praemittitur
522 2314 568 2379 sic
590 2321 618 2375 et
640 2312 794 2379 vocabulo
810 2311 1033 2378 affirmationis
1048 2319 1132 2376 cote.
1160 2311 1288 2378 Terent.

183 2429 210 2477 m
226 2410 266 2491 V,
291 2417 327 2492 5,
348 2418 383 2476 4:
407 2414 467 2476 Sed
489 2421 575 2476 estne
598 2415 651 2474 ille
675 2421 778 2474 noster
801 2413 969 2474 Parmeno?
992 2418 1020 2473 ct
1042 2416 1118 2473 cerie
1132 2414 1215 2486 ipsus
1232 2421 1288 2472 est.

183 2507 264 2592 elpla
287 2508 322 2590 Ι,
347 2514 380 2591 1,
404 2514 458 2577 53:
482 2513 542 2575 Sed
565 2519 651 2575 estne
673 2512 723 2572 hic
745 2512 838 2588 ipsus,
862 2513 898 2571 de
923 2530 981 2587 quo
996 2511 1141 2589 agebam?
1165 2515 1193 2570 el
1215 2515 1290 2571 certo

183 2617 236 2675 nt.

198 2704 249 2771 ·lr.
293 2706 420 2771 Dicitur
442 2713 470 2768 ct
491 2706 588 2772 etiam
611 2723 670 2786 pro
699 2709 807 2784 eliam,
833 2706 873 2771 de
896 2724 960 2787 qua
981 2724 1016 2771 re
1047 2705 1178 2786 egregie
1201 2705 1289 2769 Hau·

183 2820 265 2885 ap.
289 2808 351 2870 503
374 2821 419 2883 sq.
451 2805 496 2868 sic
525 2802 683 2883 disputat:
718 2809 788 2873 „Et
815 2803 987 2883 particula,
1020 2821 1102 2884 quae
1130 2803 1229 2868 verba
1258 2809 1291 2867 et

183 2900 309 2969 utentias
330 2902 507 2982 coniungit,
540 2919 607 2965 eam
636 2901 668 2964 iu
698 2920 732 2966 se
754 2901 852 2966 habet
874 2902 936 2966 vim
959 2902 1136 2982 propriam,
1167 2899 1289 2966 utalia

183 3016 206 3067 e
230 2999 325 3070 dictis
347 2997 397 3064 vel
425 3004 501 3063 ante
524 2999 673 3079 cogitatis
695 2999 825 3063 adiiciat
848 3000 914 3064 sive
937 2998 1160 3077 conplemenci
1183 3015 1289 3076 causa,

183 3114 199 3163 o
226 3098 260 3162 iu
287 3097 427 3178 partium
455 3097 693 3175 compositione.
737 3096 824 3175 Ergo
855 3095 1020 3175 siguificat
1042 3103 1071 3157 et
1099 3098 1140 3156 od
1165 3098 1235 3165 ooo,
1263 3101 1290 3156 et

183 3199 230 3261 ul.
277 3195 366 3261 llaec
388 3213 465 3260 vero
493 3194 562 3273 ipsa
584 3196 726 3259 accessio
749 3193 797 3257 rei
825 3193 852 3257 si
875 3192 921 3256 ita
944 3192 1226 3272 designandum,
1250 3197 1288 3255 ut

183 3298 333 3361 amurca
356 3311 426 3358 esse
448 3297 618 3372 praeterea
640 3293 707 3358 sive
730 3298 861 3374 praeter
884 3289 931 3370 id,
954 3289 1040 3370 quod
1062 3290 1183 3353 dictum
1206 3288 1290 3367 cogi-

183 3408 276 3463 umre
298 3391 357 3471 sit,
389 3390 495 3456 Latini
519 3390 629 3456 dicunt
659 3394 756 3453 eliano.
781 3424 822 3434 -
846 3395 906 3467 Et,
936 3388 1021 3467 quod
1044 3387 1173 3467 copulat
1196 3391 1230 3450 et
1251 3385 1291 3449 ab

183 3490 225 3557 lic
247 3491 424 3555 sententiae
448 3489 594 3569 ponitur,
627 3507 724 3568 quum
748 3488 800 3551 uni
831 3486 926 3551 alicui
956 3485 1073 3550 nomini
1096 3483 1291 3564 peculiarem

183 3586 244 3653 icit
267 3587 536 3668 designationem,
571 3593 607 3651 ut
628 3587 671 3650 sit
691 3594 720 3649 ec
741 3587 782 3654 od
804 3588 860 3648 loc
880 3586 972 3662 illud,
1003 3587 1107 3648 mutat
1130 3582 1236 3647 locum
1260 3585 1293 3646 et

183 3689 271 3766 nnuc
293 3701 365 3751 eum
390 3692 464 3764 post
480 3685 615 3765 primum
632 3703 747 3749 nomen
764 3683 831 3748 sive
852 3686 902 3747 est
917 3681 1096 3746 coniunctio
1113 3679 1180 3744 sive
1195 3677 1291 3744 aliud.

183 3781 318 3847 trahitur
347 3784 428 3847 enirn
464 3789 492 3844 et
520 3782 560 3847 ab
596 3801 658 3846 uno
688 3783 794 3861 aliquo
823 3780 966 3858 nominc,
1000 3779 1085 3856 quod
1114 3773 1290 3856 sequtur.“

183 3870 234 3947 uit
252 3879 367 3947 deinde
389 3887 419 3942 et
440 3880 486 3946 sic
506 3881 611 3961 posito
634 3880 773 3959 priorem
805 3883 944 3958 partem,
974 3875 1025 3940 cui
1051 3875 1156 3941 ultera
1183 3892 1243 3953 per
1265 3880 1293 3934 ct

183 3982 341 4059 ungatur,
370 3980 432 4043 iam
464 3980 568 4044 animo
600 3976 650 4041 vel
673 3977 778 4041 verbis
802 3981 877 4040 ante
907 3974 1002 4039 dictis
1029 3972 1199 4038 tenendam
1221 3989 1292 4036 esse

183 4080 328 4157 nceptam.
376 4078 484 4142 Etiam
513 4095 532 4142 a
555 4076 669 4141 Plauto
699 4074 784 4161 luunc
806 4090 900 4139 usum
929 4071 1107 4152 particulae
1130 4087 1193 4134 uon
1218 4086 1291 4132 esse

183 4194 274 4241 enum
297 4176 450 4256 exempla,
474 4194 557 4256 quae
579 4175 662 4240 inira
676 4190 846 4253 ponemus,
869 4168 1130 4249 comprobabunt.
1175 4165 1293 4230 Peme-

183 4274 243 4341 rid
266 4273 494 4340 Fleckeisenus
516 4273 550 4337 iu
572 4272 675 4339 Iahnii
700 4269 804 4336 annal.
831 4273 930 4345 1851,
961 4267 1021 4333 vol.
1044 4265 1135 4344 LXI,
1160 4269 1237 4330 sect.
1266 4271 1292 4341 l,

188 4376 246 4453 oli,
274 4372 358 4452 quod
386 4372 546 4453 quomodo
570 4370 677 4437 facere
699 4368 861 4451 potuerit,
884 4365 1031 4446 equidem
1053 4382 1117 4430 non
1138 4361 1292 4443 intelligo.
