3125 5075
433 351 521 389 CASUS
536 351 805 391 auos'lAltTlvouull.
826 373 847 381 -
867 352 1030 391 Gemmeus.
1240 361 1300 416 335

145 529 187 588 ini
207 527 336 602 snpeelli
357 529 452 599 viros,
487 524 580 605 adq.
603 523 624 588 l.
647 524 803 589 Turneb.:
838 558 905 604 „—
926 529 1017 604 sunt,
1051 525 1107 605 qui
1134 525 1247 589 sedent
1268 524 1301 589 in

144 623 201 688 ine
219 627 315 702 perte
336 621 491 700 subsellii,
512 641 574 688 non
596 622 730 703 prima.“
753 620 852 687 Stich.
875 621 934 700 111,
958 628 988 702 2,
1012 628 1066 687 33:
1090 626 1155 686 Scis
1176 632 1208 684 tu
1231 626 1300 686 rned

144 738 202 782 essa
224 718 345 798 [unum]
367 723 419 782 inni
435 725 559 798 supoelli
576 727 681 785 vinnm.
718 719 1009 797 Paeoniam:
1033 724 1199 784 Trecentos
1219 739 1301 782 nnm-

143 837 199 880 nos
220 819 379 895 Philippos
400 826 504 895 portat
525 822 669 896 praesidi,
692 819 733 883 ad
755 834 785 895 q.
809 816 829 879 l.
851 817 877 882 1.
899 816 986 883 ool:
1009 820 1215 889 „Praesidium
1238 815 1302 881 ele·

144 920 250 994 gunter
270 932 330 995 pro
352 921 531 980 commeatu
546 917 614 982 sive
636 916 753 981 viatico
768 916 917 996 positum,
941 918 1025 998 quod
1047 915 1122 980 fami
1144 914 1302 980 arcendae

145 1018 197 1075 est
240 1015 367 1076 Portare
400 1013 500 1095 igitur
531 1034 669 1078 nummos
698 1017 848 1091 praesidii
881 1022 932 1079 est
968 1015 1000 1077 in
1027 1022 1239 1079 commeatum
1268 1016 1301 1077 et

148 1116 299 1191 sumptum
322 1128 431 1177 aecum
453 1110 569 1177 ferre.“
614 1114 684 1177 Aul.
710 1112 752 1191 ΙΙ,
775 1121 806 1191 4,
828 1119 884 1177 46;
913 1116 1002 1174 trium
1025 1116 1179 1174 literarum
1204 1115 1300 1186 bomo.

149 1208 208 1272 ic.
229 1206 290 1274 ior.
335 1208 429 1274 Truc.
452 1209 513 1287 ΠΙ,
535 1215 566 1289 2,
589 1215 644 1275 22:
677 1214 732 1273 AR
754 1213 832 1273 facio
855 1215 940 1274 lucri.
987 1208 1167 1287 Poeu.¹lll,
1192 1214 1220 1279 5,
1244 1212 1300 1273 26:

153 1308 193 1367 lle
214 1326 278 1369 esse
302 1311 356 1370 bos
386 1316 538 1371 trecentos
561 1312 716 1385 Philippos
743 1310 897 1381 facturam
927 1311 1011 1370 locri.
1054 1306 1170 1371 Pseud.
1194 1305 1249 1381 IV,
1271 1313 1300 1384 7,

154 1409 198 1467 ll:
227 1425 348 1482 operam
374 1404 439 1467 lace
468 1410 617 1482 conpendi
644 1426 800 1483 quaerere.
842 1404 958 1471 Bacch.
981 1406 1025 1482 ΙΙ,
1055 1411 1084 1481 2,
1108 1411 1126 1468 6
1156 1404 1300 1477 (Taubm.

158 1502 188 1564 ad
206 1501 282 1568 ond.
304 1501 348 1580 Il,
372 1507 401 1572 3,
425 1503 498 1578 50):
522 1506 676 1581 Conpendi
699 1508 791 1566 verba
811 1510 905 1567 multa
931 1508 989 1566 iarn
1013 1504 1120 1565 faciam
1144 1507 1207 1566 tibi.
1246 1505 1300 1567 Aa

159 1597 189 1676 ll,
208 1604 234 1678 2,
254 1605 313 1665 41:
336 1604 630 1664 Verbivelitationem
653 1604 719 1664 fieri
742 1606 890 1678 conpendi
913 1606 982 1666 volo
995 1628 1040 1655 =
1053 1621 1117 1665 non
1142 1601 1300 1681 usurpari,

161 1696 215 1760 volo
234 1716 291 1762 nos
313 1698 462 1764 desinere
484 1699 591 1763 verbis
613 1699 750 1763 velitari.
775 1700 863 1765 Pers.
881 1700 936 1779 IV,
961 1706 990 1778 3,
1013 1705 1047 1764 2:
1070 1703 1145 1761 Nam
1169 1720 1224 1778 ego
1246 1703 1300 1761 bo-

161 1796 196 1856 die
214 1801 355 1874 conpendi
378 1799 438 1859 feci
460 1801 545 1859 binos
566 1818 659 1874 panes
682 1802 711 1860 in
741 1802 814 1861 dies.
858 1798 984 1863 Terent.
1010 1799 1107 1861 Andr.
1131 1797 1189 1873 III,
1214 1804 1243 1875 5,
1267 1803 1301 1862 2:

163 1897 375 1972 quondoquidem
392 1906 453 1957 tam
468 1899 559 1969 iners,
583 1906 643 1958 tom
660 1901 734 1959 nulli
750 1901 857 1960 consili
873 1917 945 1972 som,
969 1916 996 1960 v.
1017 1895 1059 1960 ad
1079 1894 1109 1959 h.
1125 1895 1146 1960 l.
1163 1895 1300 1975 Ruhnk,

162 1988 214 2052 nell
233 1991 271 2071 ia
295 2006 357 2056 oon
381 1992 412 2073 lo
436 2009 493 2076 pot
517 1991 613 2056 leina
628 1989 788 2077 lliugbelt,
812 1993 882 2057 mail
905 1993 945 2070 la
969 1994 1000 2074 lo
1024 1992 1087 2071 leot
1110 1992 1215 2056 oumm
1236 1992 1298 2064 bin.

161 2092 285 2169 proprie:
308 2090 379 2153 meli
401 2089 443 2166 ia
467 2090 516 2154 eiu
531 2088 655 2169 menta>
679 2108 741 2155 ooo
763 2093 794 2173 lo
819 2110 875 2176 gor
898 2091 1003 2161 temer,
1027 2093 1045 2156 i.
1063 2112 1090 2155 e.
1111 2092 1142 2169 lo
1166 2091 1300 2178 moriger

159 2180 286 2270 illugbeit
309 2186 370 2252 bin.
416 2190 533 2254 Heaut.
557 2189 582 2267 Ι,
611 2197 634 2267 l,
661 2195 712 2255 ll:
742 2195 854 2267 Agrum
878 2194 923 2252 bis
946 2194 1117 2266 regionibus
1141 2196 1298 2253 Meliorem

158 2293 335 2364 rcqnepreti
363 2293 484 2351 maioris
507 2309 593 2351 nemo
616 2293 721 2364 babet,
755 2288 811 2367 qui
839 2306 902 2352 non
932 2295 982 2352 est
1011 2288 1170 2368 genitivus
1193 2290 1297 2369 pretii.

158 2378 240 2446 Rudd.
263 2383 306 2464 ΙΙ,
328 2405 360 2466 p.
381 2392 456 2452 183:
481 2387 633 2466 ,perinde
657 2393 765 2451 estas
789 2386 816 2449 si
839 2386 939 2465 dicos,
962 2388 1050 2465 Ager
1073 2404 1215 2450 summae
1238 2385 1299 2450 fer·

158 2478 278 2560 obtatis,
312 2482 407 2550 bomo
429 2486 537 2566 magni
561 2485 710 2566 ingenii.“
755 2484 832 2549 Hec.
858 2483 894 2564 V,
920 2490 949 2563 3,
975 2490 1006 2549 1:
1040 2504 1077 2546 ne
1105 2505 1199 2546 meam
1229 2505 1299 2549 erne

156 2596 352 2659 ascoperam
380 2587 505 2661 deputet
537 2589 623 2661 parri
655 2588 744 2662 preti.
790 2584 924 2662 Adelph.
953 2583 991 2659 V,
1023 2586 1052 2659 6,
1081 2589 1115 2646 3:
1150 2587 1298 2646 bominem

155 2685 262 2741 nunni
283 2685 378 2743 Preti.
422 2682 540 2746 Heaul.
563 2681 645 2761 prol.
662 2701 690 2746 v.
708 2687 762 2746 29:
785 2686 933 2743 Novarum
959 2679 1223 2762 [comoediarum]
1247 2687 1299 2760 qui

154 2782 293 2849 spectandi
315 2780 430 2842 faciunt
453 2784 577 2857 copiam.
623 2780 752 2844 Phorm.
776 2779 802 2859 1,
827 2786 855 2854 3,
880 2787 935 2843 ⁶24:
959 2783 1000 2841 Ut
1022 2800 1117 2856 neque
1140 2784 1213 2841 mibi
1235 2784 1298 2843 eins

154 2875 183 2934 tit
202 2881 340 2938 mittendi
362 2898 418 2939 nec
439 2881 590 2940 retinendi
614 2883 708 2955 copia.
752 2877 856 2942 Rudd.
879 2876 923 2954 II,
946 2896 975 2957 p.
1002 2884 1080 2941 ulo:
1115 2879 1299 2956 „Nonnum-

152 2985 229 3046 ooam
247 2980 282 3038 et
297 2992 370 3038 cum
389 2976 575 3054 pronomine
593 2976 746 3056 singulari
769 2975 912 3039 feminini
935 2976 1090 3054 gerundia
1112 2977 1297 3057 iunguntur.

146 3061 196 3135 Hic
220 3072 356 3137 amicam
386 3072 543 3137 Phanium
570 3076 714 3154 proxime
753 3074 915 3153 respicit.“
959 3073 1085 3138 Phorm.
1114 3075 1152 3153 V,
1181 3084 1210 3154 o,
1239 3081 1298 3140 40:

143 3173 186 3231 air
207 3182 336 3249 uterque
359 3175 414 3233 tibi
435 3181 618 3248 potestatem
641 3177 703 3234 eius
727 3175 915 3234 adhibendae
940 3176 1014 3234 dari.

215 3268 284 3333 Liv.
309 3269 450 3333 Andron.
475 3269 588 3351 Odyss.
613 3271 633 3334 l.
656 3268 710 3345 IV,
735 3275 797 3333 213
825 3287 875 3349 ap.
899 3268 996 3333 Prisc.
1021 3268 1077 3348 IV,
1101 3275 1176 3333 ola:
1208 3280 1297 3346 atque

133 3379 211 3429 ecem
233 3370 377 3431 babemus
396 3372 587 3433 mentionem.
633 3368 730 3432 Naev.
762 3369 821 3432 inc.
851 3385 927 3430 com.
956 3366 995 3429 fr.
1020 3373 1053 3430 9:
1092 3386 1158 3427 curn
1181 3369 1299 3441 arpenti

127 3467 217 3527 adest
239 3467 358 3528 oratio?
400 3463 503 3529 Plaul.
520 3466 632 3545 Amph.
654 3467 690 3544 V,
708 3473 736 3543 2,
754 3474 787 3530 o:
811 3469 940 3527 Primum
963 3468 1092 3526 omnium
1114 3469 1296 3526 Alcumenae

125 3575 253 3625 asarum
283 3565 417 3638 corporis
447 3566 531 3639 Cepi.
576 3564 689 3643 Anrph.
724 3564 804 3645 prol.
843 3584 869 3627 v.
901 3567 975 3627 108:
1012 3565 1199 3639 Usuromqne
1232 3566 1296 3623 eins

122 3665 262 3735 eorporis
290 3664 372 3737 cepit
394 3664 460 3722 sibi.
505 3660 602 3726 Poen.
624 3662 660 3741 V,
684 3671 715 3740 4,
740 3669 793 3726 15:
817 3683 902 3739 quem
926 3681 1018 3738 penes
1040 3681 1107 3735 spes
1129 3664 1206 3721 vitoe
1229 3667 1298 3721 sunt

123 3751 281 3821 hominnm
305 3763 443 3821 omniurn.
487 3759 574 3824 Pers.
596 3760 633 3838 V,
658 3770 686 3837 2,
711 3765 747 3824 8:
784 3765 859 3835 Quia
887 3763 975 3821 fidem
1005 3763 1032 3821 ei
1056 3781 1113 3820 non
1137 3763 1227 3821 habui
1250 3777 1297 3819 ar·

122 3861 227 3933 genti,
263 3877 299 3919 eo
321 3862 394 3918 mibi
418 3877 468 3919 eas
491 3863 644 3921 machinas
667 3862 810 3921 molitnst.
857 3860 949 3938 Epid.
974 3859 1016 3936 ΙΙ,
1040 3865 1069 3936 2,
1093 3864 1147 3922 97:
1180 3860 1297 3918 consul·

128 3957 207 4017 tatio
230 3957 421 4031 Nuptiarum.
466 3956 555 4019 Asin.
578 3955 637 4036 ΙΙΙ,
666 3963 691 4030 l,
717 3964 772 4021 31:
801 3961 883 4019 llaec
906 3961 969 4019 dies
993 3969 1134 4018 summast
1157 3968 1228 4032 aput
1250 3972 1298 4014 roe

122 4053 249 4128 inopiae
281 4059 460 4116 excussotlo.
505 4051 575 4119 Cas.
601 4054 640 4131 V,
674 4061 701 4131 2,
731 4060 784 4118 13:
818 4059 1000 4116 inlecebram
1030 4059 1135 4130 stupri.
1181 4051 1297 4115 Caecil.

129 4146 213 4212 Stat.
236 4147 378 4215 Plocium
403 4151 441 4214 ΙΙ.
468 4155 522 4215 16:
541 4156 683 4227 pauperia
708 4159 831 4214 tutelam
855 4173 966 4230 geram.
1000 4151 1126 4215 Terent.
1151 4149 1248 4215 Andr.
1270 4146 1287 4211 Ι

135 4249 239 4319 1,17:
275 4251 367 4323 Quasi
394 4252 618 4326 exprobratiost
647 4254 802 4312 inmemori
829 4254 964 4312 benefici.
1010 4249 1108 4313 Andr.
1132 4249 1158 4324 l,
1188 4255 1216 4323 ὁ,
1241 4252 1295 4312 26:

137 4348 238 4420 Amor,
261 4350 469 4409 misericordia
492 4350 593 4426 huius,
618 4353 787 4425 nuptiarum
814 4353 1002 4422 sollicitatio,
1028 4352 1101 4408 Tum
1122 4351 1218 4423 patris
1240 4368 1294 4424 pu·
1343 4427 1346 4433 Ι
