3125 5075
496 534 911 577 nunaussusarnurrvoauu.
1242 542 1281 599 15

122 707 232 772 deiude
254 706 399 786 Trinfl,
425 714 454 788 1,
481 714 536 773 15:
559 712 688 770 celatum
708 712 866 786 indagator
888 712 929 786 (v.
945 707 1065 789 Reisig.
1088 712 1122 772 et
1143 708 1281 773 Hessius

122 803 202 881 ll).
248 804 366 869 Pseud.
389 803 422 883 I,
455 810 487 883 l,
519 808 576 869 65:
614 809 738 870 Teneris
768 809 888 869 labellis
915 811 1020 869 molles
1050 810 1279 881 morsiunculae,

124 903 172 981 qui
193 907 246 968 est
267 901 395 967 dativus
418 901 583 968 commodi.
620 901 736 967 Pseud.
753 903 780 983 I,
804 909 833 973 5,
858 907 911 966 13:
934 912 1070 982 gestores
1085 905 1203 980 linguis,
1228 921 1280 964 au·

126 1001 233 1061 diores
257 1003 390 1062 auribus.
434 998 544 1064 Minus
565 997 698 1064 offendit
711 1000 778 1064 Mil.
795 999 855 1078 111,
882 1006 908 1079 1,
930 1004 985 1064 48:
1007 1019 1102 1077 neque
1127 1019 1182 1076 ego
1204 1002 1281 1060 oblo-

125 1102 203 1157 ector
217 1116 281 1159 sum
297 1098 387 1157 mori
401 1100 431 1157 in
449 1099 593 1172 convivio,
610 1097 758 1176 quoniam
770 1098 822 1162 hic
841 1096 937 1162 etiam
951 1096 1078 1161 dativus
1090 1094 1280 1181 incommodi

125 1193 219 1256 statui
247 1198 366 1273 potest.
411 1191 483 1257 Non
512 1199 591 1273 puto
619 1193 680 1260 huc
706 1196 869 1276 pertinere
900 1193 1027 1258 Terent.
1059 1192 1193 1273 Adelph.
1223 1192 1279 1273 IV,

126 1295 154 1367 4,
174 1294 207 1354 9:
240 1293 275 1351 id
293 1311 368 1354 anus
391 1294 433 1352 mi
453 1290 598 1353 indicium
618 1291 708 1367 iecit,
737 1292 793 1357 sed
815 1292 923 1372 potius
945 1294 975 1354 id
997 1309 1068 1356 esse
1089 1291 1280 1356 attributum

128 1404 153 1449 v.
173 1390 322 1449 indicium.
355 1386 462 1451 Etiam
483 1408 556 1451 reas
578 1394 620 1450 cst
641 1406 712 1452 cum
735 1388 876 1453 ablativo
899 1389 1112 1469 coniunctum,
1134 1392 1171 1452 ut
1192 1392 1286 1452 recte·

131 1482 200 1546 dicit
219 1483 426 1563 Luebkerus,
449 1482 512 1549 huc
533 1485 687 1565 pertinet,
715 1488 771 1551 sed
793 1485 833 1549 de
855 1485 916 1550 hoc
938 1491 1007 1550 tum
1032 1486 1157 1550 demum
1180 1501 1280 1566 agere

133 1578 287 1661 malumus,
311 1599 384 1646 cum
406 1581 447 1645 ad
469 1582 643 1647 ablativum
665 1588 857 1663 perventum
881 1582 952 1647 erit.

627 1856 700 1931 (lap.
724 1859 762 1916 Π.

394 1986 449 2050 De
472 2004 630 2052 numero
653 1988 997 2052 substantivorum.

206 2151 435 2219 Nonnullorum
472 2156 743 2220 substantivorum
779 2155 879 2236 prisci
915 2157 1090 2238 scriptores
1122 2154 1277 2235 singulari
1319 2177 1329 2193 ·

135 2255 270 2330 utuntur,
305 2268 389 2329 quae
412 2253 496 2334 apud
524 2254 721 2332 posteriores
750 2272 814 2317 non
841 2254 1046 2318 inveniuntur
1071 2252 1132 2316 nisi
1159 2251 1277 2333 plurali

134 2364 257 2411 numero.
303 2347 376 2412 Huc
398 2350 560 2429 pertinent
582 2353 662 2412 mina
685 2350 785 2429 (Fest.
807 2369 835 2415 v.
859 2354 954 2413 mina:
978 2355 1061 2412 Mina
1084 2354 1277 2427 singulariter

135 2446 183 2505 dici
201 2466 254 2521 pro
277 2466 314 2507 eo
336 2451 416 2524 quod
436 2451 533 2508 minae
556 2450 714 2523 pluraliter
737 2452 877 2521 dicimus,
913 2450 1063 2509 Curiatius
1086 2457 1192 2508 auctor
1220 2457 1276 2507 est.

134 2546 196 2604 ltarn
208 2547 246 2604 11.
264 2547 339 2606 Cato
362 2548 407 2618 in·
417 2549 554 2607 suasione
566 2591 703 2608 .......
727 2549 811 2607 mino
826 2549 890 2621 copi
904 2548 989 2606 nulla
998 2547 1103 2619 potuit.
1128 2541 1167 2607 cs.
1185 2541 1275 2606 Liou.

136 2638 229 2704 Calon.
252 2659 282 2720 p.
307 2642 380 2721 81),
403 2646 511 2704 oiiucia
531 2642 635 2708 Plaut.
658 2642 753 2707 Most.
776 2641 807 2720 Ι,
832 2648 861 2721 3,
888 2647 961 2722 107,
990 2646 1099 2704 delicia
1122 2640 1216 2704 Truc.
1240 2638 1278 2717 V,

136 2741 176 2801 29.
216 2738 295 2801 liud.
320 2737 364 2816 lI,
387 2747 418 2818 4,
445 2744 483 2805 13
509 2738 672 2812 (scheller.
696 2758 827 2820 gramm.
852 2740 906 2804 lat.
928 2758 959 2819 p.
985 2740 1051 2817 66),
1074 2742 1156 2800 aedis
1180 2737 1277 2817 signi-

138 2833 267 2899 ficatione
287 2840 390 2898 domus
414 2836 500 2900 Asin.
517 2836 542 2914 I,
567 2842 595 2914 3,
620 2842 675 2901 67;
699 2841 805 2899 Itidem
829 2841 876 2898 hic
893 2840 971 2913 apud
995 2858 1062 2898 nos:
1086 2839 1168 2897 aedis
1191 2839 1277 2896 nobis

136 2945 228 3009 meast,
254 2953 365 3010 auceps
389 2955 453 2996 sum
475 2954 540 3010 ego.
580 2934 647 3012 (Fr.
670 2934 788 2998 Florid.
811 2936 844 2997 in
866 2934 1016 2998 Laurent.
1042 2933 1122 2997 Vall.
1152 2934 1231 3013 eleg.
1254 2933 1276 2998 l.

137 3027 188 3106 iu,
213 3050 238 3095 c.
263 3037 289 3094 7.
316 3048 346 3108 p.
371 3036 431 3097 347
462 3031 607 3107 Theou).
653 3031 745 3095 Alter
770 3037 878 3095 autem
909 3031 1015 3107 locus,
1048 3031 1103 3109 qui
1132 3029 1275 3110 affertur,

138 3123 215 3191 llost.
237 3127 285 3206 H,
318 3134 356 3207 2,
386 3136 443 3208 44,
473 3147 536 3193 non
559 3131 700 3210 pertinet
722 3130 798 3208 huc,
829 3146 901 3192 narn
929 3128 972 3192 ibi
999 3146 1071 3192 cum
1098 3127 1215 3191 Bothio
1245 3134 1278 3191 et

139 3222 293 3289 ffitschelio
316 3227 518 3292 scribendum
541 3234 590 3291 est
613 3232 751 3305 caputale
773 3228 923 3288 factumst.

208 3324 289 3388 Huic
312 3324 505 3388 contrarium
528 3332 593 3401 est,
616 3325 701 3404 quod
724 3322 875 3387 nonnulla
894 3323 1108 3399 substantiva,
1131 3340 1213 3402 quae
1236 3322 1276 3386 ab

140 3417 194 3483 allis
212 3421 421 3501 scriptoribus
443 3420 597 3501 singulari
619 3439 751 3485 numero
774 3426 1002 3499 ursnrpantur,
1033 3420 1079 3482 ita
1099 3421 1205 3499 posita
1227 3436 1278 3481 re-

140 3518 304 3596 periuntur,
343 3519 433 3598 quasi
457 3526 565 3583 essent
593 3517 729 3598 pluralia
758 3523 890 3582 tanturn.
935 3516 987 3580 Sic
1010 3514 1158 3593 offendit,
1193 3515 1277 3594 quod

141 3609 203 3678 Cato
228 3615 265 3678 R.
292 3616 329 3680 R.
362 3634 387 3679 c.
413 3623 452 3679 10
481 3624 514 3679 et
544 3623 579 3681 11
609 3622 705 3680 molae
734 3637 810 3678 unae
837 3616 932 3693 dixit,
966 3631 1064 3692 quum
1087 3612 1173 3691 apud
1196 3611 1276 3675 alios

141 3712 296 3790 scriptores
319 3713 491 3794 singularis
514 3719 592 3776 mola
614 3719 710 3779 extet.
756 3713 846 3778 Adde
874 3717 970 3775 lienes
999 3710 1073 3774 ibid.
1100 3729 1124 3775 c.
1152 3716 1212 3788 167Ι
1244 3714 1278 3773 et

144 3804 173 3867 ad
190 3807 219 3871 h.
241 3810 261 3873 l.
285 3809 522 3875 Schneiderum.

211 3905 244 3968 In
272 3908 396 3987 syntaxi
424 3908 541 3988 duplex
569 3927 644 3974 usus
671 3912 837 3990 siaputoris
861 3906 1052 3986 spectandus
1082 3909 1150 3983 est,
1185 3903 1277 3976 alter,

147 4015 198 4064 corn
218 4002 480 4084 significationem
503 4006 600 4072 habet
622 4005 834 4084 collectivam,
868 4005 964 4083 alter,
999 4022 1070 4068 curn
1092 4004 1125 4066 in
1147 4000 1279 4081 pluralis

148 4101 284 4164 notionem
307 4120 342 4166 se
365 4104 530 4167 convertit.

216 4204 240 4262 1.
270 4200 320 4263 Ad
342 4203 523 4263 collectivam
545 4219 636 4265 usum
660 4199 831 4280 singularis
852 4204 998 4280 spectant
1019 4198 1099 4262 haec
1121 4195 1279 4276 exempla:

150 4287 254 4360 tatuit
276 4296 312 4360 R.
335 4316 361 4361 c.
385 4301 439 4361 16:
463 4302 605 4362 Dominus
629 4301 765 4374 lapidem,
787 4303 869 4375 ligna
891 4300 929 4358 ad
953 4299 1104 4358 fornacem
1126 4327 1168 4338 —
1190 4313 1278 4370 prae-

150 4389 191 4451 bet.
221 4393 251 4457 C.
265 4400 319 4459 35:
344 4397 460 4456 Fabam
475 4401 505 4457 in
521 4401 595 4459 locis
611 4400 717 4460 validis
737 4416 796 4457 uon
818 4399 1000 4457 calamitosis
1021 4398 1123 4456 serito.
1157 4391 1279 4455 Eodem

151 4488 246 4568 eapite:
268 4498 386 4561 viciam.
410 4497 514 4556 lentim
539 4495 630 4574 (item
653 4511 721 4574 cap.
747 4495 829 4571 116),
852 4497 1026 4571 raphanum.
1071 4487 1104 4552 Ο.
1128 4494 1146 4553 5
1169 4494 1202 4553 et
1224 4493 1279 4552 34:
