3125 5075
301 337 363 401 100
562 291 564 294 *
743 326 871 369 nuere.
904 326 969 367 ΟΑΡ.
983 326 1022 366 xt.

299 534 371 581 nem
394 514 552 596 quandam
575 518 708 595 propter
730 531 957 595 praegressum
977 512 1056 577 illud
1071 516 1166 588 suam
1185 513 1218 578 in
1234 513 1459 580 enunciatione

297 633 356 696 per
378 632 412 679 se
434 617 601 677 constante
622 628 726 690 neque
749 611 908 692 pendente
930 628 968 674 ex
993 609 1050 676 illa
1078 608 1306 690 imperfectum
1331 612 1459 679 coniun-

295 711 371 778 ctiui
391 710 530 790 positum
552 712 610 774 est.

382 808 403 872 i.
428 806 599 887 Reliquum
621 809 730 869 estut
752 804 899 883 exempla
921 804 1154 870 consecutionis
1177 810 1367 886 temporum
1390 814 1458 885 post

296 925 439 984 praerosa
473 906 645 967 beroeam
677 900 862 966 afferuntur.
907 900 1011 966 Plaut.
1042 900 1157 983 Amph.
1184 900 1210 978 Ι,
1241 908 1271 982 1,
1304 908 1349 968 50
1377 921 1455 984 squ:

292 1006 436 1067 Telebois
459 1004 540 1064 iubet
561 1003 740 1063 sententiam
761 1007 794 1060 ut
816 1001 919 1060 deone
939 1018 1036 1061 suem:
1060 1000 1093 1060 Si
1115 1002 1179 1061 sine
1202 1004 1278 1061 vict
1295 1004 1364 1064 sine
1380 1004 1456 1064 bello

292 1102 384 1162 veliet
405 1110 492 1176 rapta
514 1106 546 1159 et
568 1105 706 1173 raptores
729 1097 859 1170 tradere,
882 1098 914 1157 Si
936 1091 1232 1173 praeceperamus
1249 1091 1403 1162 redde'te:
1425 1119 1453 1161 ee

294 1201 457 1260 exercitum
488 1199 638 1271 extemplo
669 1197 786 1255 domum
816 1195 1027 1255 Reducturum.
1073 1192 1229 1258 Praesens
1260 1181 1353 1260 Trita.
1377 1197 1453 1276 prol.

292 1287 494 1373 v.14'sqq.:
736 1302 742 1310 ·
1161 1299 1168 1318 ⁴

443 1378 589 1465 Quoniam
613 1391 642 1449 ei
665 1391 714 1463 qni
737 1406 784 1449 me
807 1389 872 1448 olet
891 1392 932 1449 nit
955 1390 1038 1449 adeo
1060 1406 1127 1451 esee
1150 1392 1273 1465 relicui,

445 1488 526 1549 Dedi
549 1488 577 1546 ei
599 1501 694 1546 meam
716 1494 845 1561 gnatam,
870 1488 987 1562 quicum
1010 1492 1172 1563 egestatem
1194 1489 1306 1561 meat.

296 1585 389 1650 Ennii
417 1582 456 1649 ir.
482 1590 495 1647 l
522 1581 696 1646 Alexandri
718 1579 867 1654 (Vahlen.
891 1601 920 1645 v.
942 1586 984 1646 62
1007 1587 1103 1660 sqqd:
1137 1584 1211 1644 Tum
1242 1588 1447 1649 coniecturam

289 1686 425 1760 postulat
444 1700 548 1758 pacem
570 1691 686 1757 petens,
708 1682 756 1753 ,Ut
778 1698 810 1739 se
832 1681 963 1742 edoceret
984 1682 1145 1742 obsecrans
1165 1683 1363 1757 Apollinem,¹
1387 1688 1447 1759 Quo

291 1799 357 1843 sese
391 1782 511 1841 oortoot
548 1784 650 1837 tantae
685 1786 780 1838 sortes
815 1781 959 1838 somnium
993 1775 1036 1855 (h.
1071 1793 1099 1839 c.
1137 1777 1363 1862 somniorum),
1397 1782 1446 1846 ubi

292 1893 447 1958 praesens
474 1871 663 1939 coniunctivi
691 1877 818 1952 spectat
845 1873 885 1936 ad
908 1880 1034 1953 tempus
1054 1872 1207 1938 futurum.
1252 1871 1444 1944 Andrbmed

287 1971 325 2037 fr.
349 1978 385 2039 9:
408 1975 523 2048 corpus
546 1973 768 2046 contempletur,
791 1972 869 2032 unde
891 1978 1063 2045 corporum
1083 1976 1215 2058 reluere.
1242 1971 1445 2042 Euhemerus

288 2068 328 2136 fr.
353 2076 387 2136 3:
416 2065 549 2146 postulet
576 2077 610 2129 ut
636 2072 700 2145 ipse
727 2074 874 2143 repararet.
919 2066 957 2131 fr.
981 2072 1015 2131 8:
1049 2071 1108 2131 Ubi
1138 2072 1274 2146 luppiter
1303 2065 1443 2149 Neptuno

288 2172 443 2247 imperium
478 2169 532 2228 dot
559 2169 663 2237 maris,
697 2175 731 2226 nt
758 2170 789 2227 in
818 2165 925 2227 insulis
952 2168 1086 2227 omnibus
1115 2175 1146 2226 ct
1174 2172 1442 2252 quee'npcundem

290 2284 374 2329 marc
396 2270 464 2328 loce
485 2274 587 2327 essent
609 2265 744 2325 omnibus
764 2269 913 2338 repeteret.
961 2260 1064 2325 Plaut.
1088 2262 1202 2341 Amph.
1223 2262 1248 2341 1,
1276 2261 1304 2335 l‚'
1322 2271 1371 2346 1,70
1386 2286 1442 2348 sq.:

287 2365 440 2438 demersit,
463 2366 534 2423 victi
557 2365 617 2423 utri
640 2363 701 2421 sint
723 2379 759 2421 eo
781 2361 908 2437 proedo,
931 2361 1041 2422 Urbem
1064 2392 1106 2403 ——
1128 2365 1172 2420 uti
1194 2362 1341 2426 dedam
1374 2366 1440 2430 Aul.

285 2459 328 2536 II,
351 2468 382 2539 4,
404 2465 444 2525 39
461 2475 525 2538 sq.:
547 2461 624 2532 Infit
645 2461 687 2519 ibi
708 2462 871 2535 postulare,
894 2462 1027 2534 plorans,
1051 2460 1176 2534 eiulans,
1199 2460 1241 2520 Ut
1263 2463 1321 2522 sibi
1346 2465 1442 2525 liceret

284 2562 405 2621 miltom
438 2560 586 2620 vedarier.
645 2556 762 2621 Bacch.
788 2555 829 2633 ΙΙ,
853 2562 882 2633 3,
907 2558 960 2618 56:
996 2559 1131 2643 quondam
1158 2560 1250 2617 sentio
1280 2562 1366 2632 Quae
1394 2582 1439 2624 res

283 2661 443 2730 pererrem.
489 2672 517 2716 ι.
542 2658 599 2717 67;
629 2653 806 2726 Auferimur
835 2672 937 2713 aurum
962 2686 1001 2696 -
1026 2663 1059 2711 ut
1085 2655 1129 2713 illi
1152 2654 1181 2712 id
1205 2654 1317 2715 fectum
1340 2663 1439 2721 soisoo

283 2744 357 2814 reret.
402 2749 461 2829 111,
488 2757 513 2828 l,
538 2756 556 2815 9
581 2767 643 2829 sq.:
682 2754 805 2812 Videtur
834 2752 871 2810 ad
902 2769 948 2812 me
978 2752 1063 2810 simia
1090 2753 1292 2827 adgredirier‚
1321 2754 1437 2831 Rogare

285 2853 382 2910 scalae
405 2857 438 2909 ut
459 2849 561 2908 dureo
581 2849 707 2909 utendus
731 2851 796 2909 sibi.
841 2847 967 2911 Terent
992 2847 1071 2908 Ειιιι.
1095 2845 1155 2923 ΙΙΙ,
1180 2845 1217 2924 V,
1234 2853 1291 2911 33:
1315 2871 1437 2925 paucae,

285 2963 361 3022 quae
377 2949 487 3006 circum
510 2949 591 3006 illem
615 2950 722 3013 essem,
743 2950 881 3007 macor..
896 2943 1022 3008 fleant.
1037 2942 1095 3020 ΙΙΙ,
1115 2950 1139 3017 l,
1153 2950 1193 3008 82
1207 2960 1272 3022 sq.:
1298 2949 1434 3010 Somnum

286 3044 388 3103 bercto
412 3061 467 3120 ego
490 3046 545 3105 bec
569 3054 656 3104 nocte
680 3044 774 3104 oculis
798 3061 854 3104 nou
879 3044 938 3103 vidi
961 3045 1048 3112 meis,
1080 3045 1156 3102 Dum
1180 3045 1209 3102 id
1232 3062 1355 3116 quaero,
1386 3049 1435 3108 tibi

283 3144 333 3216 qui
361 3140 453 3201 filium
483 3144 675 3204 restituerem.
721 3138 776 3215 IV,
811 3145 837 3217 Ι,
860 3142 916 3203 38:
951 3158 1016 3199 enm
1043 3140 1107 3198 dico
1137 3151 1169 3199 ut
1196 3173 1240 3182 —
1272 3150 1434 3215 apponat

282 3234 408 3300 Phorm.
432 3235 489 3315 IV,
513 3243 542 3317 2,
566 3240 600 3300 2:
623 3240 707 3298 uenio
730 3239 767 3297 ad
791 3240 948 3310 bominem,
971 3245 1003 3296 ut
1025 3237 1151 3296 eonem
1173 3240 1337 3313 Argentum
1363 3260 1432 3317 opus

281 3351 357 3409 esse,
388 3343 419 3395 et
447 3337 477 3396 id
506 3354 564 3411 quo
594 3342 683 3411 pecto
706 3337 796 3406 fieret.
842 3331 974 3411 Adelph.
998 3331 1057 3407 ΙΙΙ,
1081 3339 1111 3410 3,
1136 3339 1188 3396 ll:
1223 3337 1349 3397 Omnem
1373 3357 1431 3399 rem

276 3433 364 3492 modo
388 3436 461 3506 seni,
494 3436 558 3507 Quo
581 3439 671 3507 pacto
693 3434 821 3508 meoet,
844 3448 1021 3492 marrenses
1043 3433 1156 3503 ordine,
1181 3430 1235 3494 ubi
1257 3451 1432 3497 ortorromee

277 3529 327 3591 eet
354 3545 507 3606 praesens
533 3545 594 3592 seo.
618 3527 856 3592 Fleckeisenum
889 3528 920 3590 iu
942 3526 1044 3590 Iahnii
1073 3526 1176 3591 annal.
1200 3526 1310 3606 philol.
1340 3535 1425 3610 1851,

279 3622 338 3685 vol.
363 3622 447 3703 LXI,
478 3623 578 3689 sectio
601 3630 627 3693 1,
656 3643 686 3704 p.
713 3629 763 3688 65.
796 3623 855 3688 Ad.
879 3623 970 3702 Η,
996 3629 1049 3688 14:
1083 3628 1150 3687 dum
1180 3628 1283 3687 sordeo
1312 3632 1374 3691 illis
1400 3639 1428 3690 ut

278 3724 546 3799 quamplurimum
571 3724 724 3791 Faceres,
754 3726 881 3784 contrivi
904 3726 932 3782 iu
957 3726 1127 3799 quaerendo
1150 3726 1240 3786 diam
1264 3760 1304 3769 —
1330 3745 1426 3788 meam.

275 3814 629 3898 Plusquamperiectum
664 3818 810 3899 sequitur
842 3836 891 3898 ap.
926 3818 1035 3883 Geton.
1070 3836 1115 3882 or.
1150 3818 1190 3882 de
1218 3829 1330 3888 sumtu
1360 3840 1425 3887 suo:

273 3915 381 3978 deiude
405 3935 480 3993 quae
502 3934 556 3993 ego
579 3936 634 3993 pro
657 3933 690 3978 re
713 3918 833 3992 publica
855 3917 986 3988 fecissem
1008 3920 1152 3993 kpuutur.
