3125 5075
534 376 562 415 ll.
592 376 761 414 Pnonolllnn
776 374 1030 413 Dnndnsnnnnlvn.
1310 382 1369 440 371

224 552 321 617 adlita
347 566 500 632 persona,
533 557 648 614 neutro
675 548 888 629 pronominis,
916 548 1011 630 piane
1032 555 1070 614 nt
1091 547 1243 614 Germani
1263 548 1373 613 dieunt

222 651 392 734 ed·tugt.⁴⁴
436 649 565 714 Terent
594 647 792 726 Heautlll,
819 654 904 717 1,1:
937 651 1072 711 nornen
1095 653 1150 711 hoe
1174 651 1241 709 iam.
1286 646 1372 711 Raro

215 753 362 815 nentmm
385 752 440 810 hoo
461 745 601 812 refertur
621 747 662 811 ad
684 746 903 827 praedicatum
926 746 1044 811 diversi
1069 746 1212 828 generis,
1242 744 1288 809 sic
1310 743 1372 808 Te·

214 853 289 913 rent.
316 846 418 911 Andr.
441 846 467 922 Ι,
492 852 519 925 5,
545 851 578 910 2ῑ
615 850 640 908 si
669 850 721 907 hoe
750 865 808 906 non
838 849 1062 921 contumeliast,
1096 845 1150 909 ubi
1177 849 1230 906 hoc
1256 842 1375 906 retinet

211 945 389 1011 Bentleius.
424 943 527 1009 Multo
554 943 750 1024 frequentior
777 947 811 1006 et
841 942 907 1007 fere
939 944 1006 1009 sola
1033 944 1152 1008 usitata
1182 947 1232 1007 est
1259 941 1292 1005 in
1313 939 1375 1004 hoc

211 1061 331 1126 genere
352 1041 504 1107 attractio
526 1043 594 1106 sive
616 1041 802 1106 assimilatio
825 1042 961 1122 generis,
986 1046 1021 1106 ut
1036 1041 1139 1106 Plaut.
1156 1041 1237 1104 Rud.
1252 1058 1280 1101 v.
1296 1043 1374 1103 199:

210 1146 294 1204 hloee
318 1145 386 1203 eius
409 1150 478 1203 sunt
499 1144 642 1202 honorum
670 1144 831 1218 reliquiae,
854 1140 908 1204 ubi
932 1145 1004 1202 haec
1030 1140 1214 1204 femininum
1242 1144 1305 1217 est,
1337 1140 1375 1200 nt

212 1258 316 1322 saepe.
365 1238 479 1319 Amph.
504 1239 546 1318 ΙΙ,
570 1244 598 1314 2,
625 1244 700 1303 182:
735 1242 766 1300 Si
794 1241 911 1315 quidem
939 1243 1012 1301 haee
1039 1242 1097 1300 inm
1127 1239 1236 1300 mulier
1264 1238 1375 1298 iacun

216 1359 245 1401 er
263 1342 345 1413 viro,
371 1337 412 1401 ad
435 1356 464 1417 q.
487 1335 508 1400 l.
532 1335 686 1400 dromon:
722 1337 781 1416 „de
805 1337 889 1415 vir·o;
919 1336 1064 1416 respicit,
1087 1336 1171 1416 quod
1194 1353 1277 1399 nunc
1301 1351 1372 1397 eum

222 1452 281 1501 esse
301 1432 400 1515 fingit
423 1453 458 1499 se
481 1434 625 1514 putare.“
670 1435 785 1499 Pseud.
802 1434 845 1514 II,
870 1440 899 1513 2,
923 1439 980 1498 20:
1004 1439 1077 1497 Nam
1102 1439 1174 1497 hoec
1195 1435 1266 1495 mihi
1287 1435 1374 1493 inens

223 1546 265 1611 nt,
287 1533 381 1614 quod
402 1532 511 1596 itidem
535 1533 574 1597 de
597 1533 666 1597 viro
688 1532 814 1598 dieitur.
860 1532 987 1596 Terent.
1004 1533 1102 1597 Andr.
1120 1533 1145 1613 1,
1172 1538 1197 1610 l,
1222 1536 1278 1595 99:
1303 1533 1376 1592 hoec

220 1637 290 1696 lust
315 1634 533 1707 misericordia,
558 1636 595 1695 ut
617 1632 712 1711 paulo
735 1637 824 1695 ante:
848 1636 901 1693 hoe
922 1634 997 1693 illud
1020 1640 1074 1694 est.

295 1731 327 1795 b.
354 1732 506 1791 numeros
522 1734 710 1804 pronominis
731 1733 787 1791 nic.
834 1730 999 1793 Interdum
1021 1729 1155 1810 pluralis
1179 1724 1375 1808 pronominis

220 1830 344 1908 ponitur
375 1827 496 1891 relatus
524 1829 564 1890 ad
593 1846 816 1908 praegressum
848 1829 1043 1909 singularem
1079 1826 1278 1892 substantivi.
1323 1822 1375 1887 Sic

223 1924 342 1991 Terent
368 1925 485 1989 Heaur.
509 1925 550 2003 ΙΙ,
573 1933 603 2003 4,
630 1931 683 1989 13;
719 1929 833 2004 Quoius
860 1948 922 1988 mos
951 1934 1115 1988 mnxumest
1140 1927 1302 1987 consimilis
1323 1941 1374 1984 vo·

224 2032 322 2104 strum,
348 2027 435 2085 hiso
459 2025 569 2086 advos
593 2026 754 2101 adplicant.
801 2026 880 2087 Eun.
905 2025 929 2101 Ι,
953 2030 981 2103 2,
1004 2029 1059 2088 87;
1096 2027 1278 2087 Eunuchum
1301 2023 1375 2082 dixti

225 2125 290 2184 nelle
315 2131 356 2197 te,
384 2126 461 2197 Quia
484 2127 565 2183 solae
590 2132 712 2184 utuntur
734 2126 780 2184 his
803 2128 934 2199 reginae,
964 2122 994 2187 h.
1016 2141 1043 2187 e.
1066 2121 1228 2186 ennuchis
1252 2117 1374 2184 Similia

225 2220 298 2299 apud
323 2219 468 2285 Graecos
488 2220 559 2284 vide
584 2222 667 2300 apud
692 2221 807 2284 Bernh.
832 2225 912 2301 synt.
936 2239 966 2301 p.
990 2225 1061 2285 282.

299 2337 325 2383 c.
356 2320 507 2378 Ati—rectio
530 2338 614 2381 casus
636 2322 669 2379 in
686 2324 861 2395 pronomine
884 2323 940 2380 hic.
987 2318 1150 2382 Interdum
1173 2315 1259 2396 apud
1279 2314 1375 2378 Plan·

225 2417 281 2480 inm
296 2421 332 2481 et
347 2415 533 2480 Terentium
551 2434 724 2495 pronomen
746 2418 1028 2481 demonstrativum
1050 2416 1204 2497 recipitur
1225 2415 1257 2478 iu
1277 2430 1375 2478 enun-

223 2513 385 2579 ciationem
409 2513 575 2578 relativam
600 2516 798 2596 eundemque
823 2533 930 2580 casum
953 2514 1115 2595 adsciscit,
1149 2516 1181 2579 in
1205 2529 1267 2594 quo
1290 2509 1375 2575 rela-

219 2611 313 2677 tivum
338 2613 478 2693 positum
502 2619 559 2677 est.
605 2613 657 2678 Sic
680 2632 728 2694 ap.
752 2614 855 2678 Plaut.
881 2613 995 2678 Bacch.
1012 2614 1066 2693 IV,
1090 2621 1119 2693 9,
1147 2617 1296 2678 111Nam
1320 2628 1374 2686 ego

216 2707 267 2799 hos
288 2715 421 2774 tabellas
445 2715 626 2788 opsignatas,
651 2716 839 2790 consignatas
861 2732 936 2788 quus
958 2715 1031 2789 fero,
1055 2717 1121 2775 Non
1145 2721 1214 2775 snut
1235 2713 1374 2774 tabellae.

213 2803 303 2892 capt.
327 2809 409 2890 prol.
433 2826 461 2870 v.
489 2815 519 2872 l:

381 2910 448 2967 Hos
469 2927 541 2982 quos
563 2912 672 2970 videtis
696 2918 776 2971 stare
801 2912 849 2971 hie
874 2916 1006 2987 captivos
1030 2914 1113 2987 duos,

384 3008 483 3065 Vincti
508 3011 577 3082 quia
600 3015 710 3083 astant,
734 3011 766 3068 iri
791 3018 873 3069 stant
895 3013 990 3088 amho,
1013 3030 1069 3071 non
1094 3013 1207 3085 sedent,

206 3105 248 3169 ad
274 3121 306 3184 q.
331 3101 352 3166 l.
375 3102 465 3166 Lind.
490 3104 611 3168 Eodem
633 3106 727 3169 modo
750 3107 923 3187 repetitum
948 3113 998 3170 est
1020 3126 1192 3187 pronomen
1215 3106 1277 3171 alio
1300 3123 1377 3169 casn

206 3195 311 3267 Poen.
337 3200 399 3279 ΙΙΙ,
424 3206 452 3281 3,
477 3206 532 3266 24:
566 3208 611 3265 Hi
629 3208 681 3278 qui
702 3210 785 3266 illum
809 3208 915 3265 dudum
940 3210 1175 3267 conciliaverunt
1195 3208 1266 3266 mihi
1288 3207 1378 3265 Pere-

202 3305 330 3377 grinum
347 3301 538 3377 Spartanum,
562 3306 592 3362 id
608 3321 685 3363 nunc
702 3304 749 3364 his
764 3305 921 3364 cerebrum
937 3307 1042 3379 uritur,
1066 3302 1105 3366 ad
1129 3320 1157 3381 q.
1179 3303 1198 3366 l.
1223 3300 1376 3366 Tumeb.:

203 3398 273 3477 ‚,Ii,
310 3414 447 3477 quorum
471 3416 569 3478 opera
592 3399 643 3463 hic
666 3399 844 3479 Spartanus
874 3402 987 3465 adme
1016 3402 1116 3482 venit,
1150 3400 1284 3464 moleste
1314 3397 1377 3462 iam

200 3494 333 3573 ferunt,
366 3513 418 3559 me
446 3495 504 3561 hos
533 3505 693 3561 trecentos
720 3497 884 3578 Philippos
912 3498 1151 3563 lucrifactumm
1174 3517 1255 3565 esse.
1292 3494 1377 3560 lllnd

201 3601 319 3659 antem
351 3596 383 3654 hi
412 3612 474 3657 nou
507 3594 605 3658 habet
635 3612 697 3674 qno
727 3596 901 3674 referatur,
939 3616 1027 3662 more
1056 3597 1203 3664 comico.“
1247 3597 1375 3661 Terent

203 3693 308 3758 Andr.
333 3690 358 3770 I,
390 3697 417 3768 l,
442 3697 496 3756 2οε
531 3697 612 3772 Quas
639 3697 736 3756 eredis
766 3715 832 3758 esse
863 3701 932 3766 hus,
965 3717 1022 3759 non
1047 3707 1116 3759 sant
1137 3716 1224 3759 verne
1246 3698 1375 3771 nuptiae.

297 3793 349 3854 20.
393 3792 455 3851 Iste
484 3795 530 3867 (et
551 3796 628 3866 istie)
656 3793 793 3873 primum
823 3799 873 3859 est
900 3796 1184 3860 demonstrativum
1218 3791 1376 3860 secundae

204 3905 381 3969 personae.
428 3886 479 3952 Sic
502 3889 605 3954 Plaut.
629 3891 745 3956 Bacch.
770 3892 828 3968 Ill,
854 3899 882 3968 6,
909 3899 964 3958 32:
990 3898 1065 3969 Quid
1087 3898 1165 3957 istun
1188 3896 1257 3957 est?
1279 3891 1332 3974 (hl
1348 3910 1374 3957 e.

206 3985 295 4065 qnod
320 3985 480 4061 tudinis).
528 3988 598 4052 Aul.
624 3988 678 4064 IV,
706 3994 753 4068 10,
780 3998 832 4055 17:
869 3996 944 4054 Nam
968 3997 993 4055 si
1014 3996 1090 4055 istuo
1112 3995 1164 4056 'ins
1194 4002 1255 4068 est,
1289 4000 1321 4054 nt
1344 4001 1375 4053 tn

208 4085 287 4145 istuc
315 4101 459 4145 excusare
492 4090 624 4162 possins,
659 4087 688 4150 h.
718 4107 746 4152 e.
776 4090 860 4168 qnod
890 4097 925 4152 tu
953 4089 1039 4156 facis.
1083 4090 1150 4155 Mil.
1175 4091 1229 4170 IV,
1259 4094 1287 4166 2,
1318 4093 1376 4154 5οε

211 4183 328 4243 Multae
344 4183 422 4241 idem
436 4185 513 4244 ist-uc
528 4187 604 4245 aliae
621 4189 753 4261 cupiunt,
777 4185 807 4249 h.
825 4189 952 4266 equod
972 4192 1007 4252 tu
1032 4189 1119 4253 dicis
1164 4187 1223 4269 ΙΙΙ,
1249 4193 1275 4266 l,
1302 4191 1376 4254 179:

216 4281 305 4340 credo
328 4298 382 4356 ogo
404 4282 481 4343 istuc
502 4285 591 4357 item,
615 4280 645 4344 h.
669 4300 695 4346 e.
720 4284 831 4348 eodem
853 4286 947 4349 modo
967 4304 1030 4365 quo
1053 4293 1096 4350 tn.
1148 4286 1238 4368 Capi.
1261 4286 1321 4366 Ill,
1344 4292 1374 4368 4,

220 4379 291 4440 105:
319 4379 403 4439 Satin
423 4381 499 4441 ictuc
521 4383 593 4441 mihi
616 4384 824 4458 exquisitumst
846 4384 938 4446 luisse
960 4386 1038 4446 hune
1062 4405 1182 4449 servom
1205 4390 1235 4450 iu
1258 4387 1376 4462 Alidel,
