3125 5075
198 355 262 416 254
629 343 787 384 sussursu.
808 341 871 384 orn.
885 341 926 384 ιιι.

198 522 309 585 iubebo
330 523 388 582 iam
412 522 493 583 intus
516 520 626 582 ecferri
649 520 741 582 foras.
784 514 898 597 Amph.
941 515 1001 594 ΠΙ,
1027 521 1056 596 1,
1079 521 1137 584 20:
1175 522 1340 586 mmmmm

199 621 273 681 inssi
294 636 341 679 me
365 620 505 679 continuo
527 620 678 694 consequi.
722 614 806 680 Rud.
828 614 873 694 ΙΙ,
897 619 929 694 4,
952 618 1112 681 17:112ee
1135 620 1281 688 sacerdos
1303 622 1340 683 Vt

201 719 282 779 neris
305 726 411 792 petere
435 717 503 776 bine
525 717 612 777 iussit
635 732 680 775 me
708 716 831 775 asebis
854 732 969 790 equam.
1012 711 1129 779 Pseud.
1167 714 1222 793 IV,
1254 722 1284 794 7,
1307 721 1340 782 51

201 817 267 876 Hoe
295 816 349 874 tibi
376 831 445 874 erus
472 830 519 874 me
540 814 629 875 iussit
656 811 736 874 ferre
770 812 1003 874 Polumeohaero
1023 815 1174 891 plegides,
1202 816 1290 889 Quod
1311 816 1340 876 ιΙι

203 913 335 985 biberet,
370 918 458 987 atque
482 918 516 972 ut
536 928 651 972 meeum
673 911 810 970 mitteres
832 910 1039 985 Phoenicium,
1072 909 1129 976 nbi
1146 915 1183 973 ot
1201 928 1268 975 non
1287 928 1340 993 pet

201 1008 259 1071 det
280 1006 321 1071 ab
343 1009 443 1077 suasit.
465 1005 523 1071 sed
546 1005 726 1072 enunciatio
749 1005 794 1071 sie
816 1004 996 1086 supplenda
1018 1012 1085 1072 est:
1108 1012 1206 1088 atque
1230 1026 1283 1074 me
1305 1008 1340 1073 til

204 1103 311 1168 dicere
345 1106 391 1177 (te
415 1102 520 1183 orare)
542 1103 653 1181 iussit,
682 1108 719 1167 ut
740 1107 814 1167 cett.
860 1102 922 1168 Sed
946 1104 1148 1170 coniunctum
1171 1104 1274 1171 habes
1296 1124 1340 1172 ae

205 1218 233 1267 c.
256 1199 311 1266 inf.
342 1219 412 1266 cum
434 1205 469 1263 o't
488 1200 584 1265 Poen.
608 1199 688 1281 prol.
712 1219 741 1265 v.
764 1206 795 1265 4.
820 1205 854 1264 5;
875 1204 989 1266 Audire
1011 1205 1096 1264 iubet
1121 1222 1173 1266 ros
1196 1206 1340 1281 inspersit

203 1302 361 1376 histrione,
398 1303 539 1377 Bonoqne
567 1308 600 1360 ut
623 1302 722 1362 animo
743 1300 870 1361 sedeant
897 1301 929 1361 in
952 1301 1103 1363 subselliis
1130 1303 1173 1363 Et
1194 1304 1247 1378 qni
1270 1321 1340 1368 esur

205 1407 293 1461 entes
317 1401 421 1474 etqui
444 1400 539 1460 saturi
561 1399 706 1460 venerint.
751 1395 840 1462 Asin.
862 1394 901 1476 V,
924 1399 954 1467 2,
975 1400 1031 1461 4οε
1069 1401 1142 1460 Iube
1165 1400 1233 1460 duri
1254 1402 1340 1462 sinu

206 1494 245 1573 V,
269 1498 299 1573 2,
324 1498 377 1559 18:
402 1497 479 1570 Quin
495 1504 528 1556 tu
550 1498 633 1558 illum
656 1497 740 1557 iubes
763 1496 890 1557 enoillus
913 1512 1022 1571 repere
1044 1497 1199 1558 sublimem
1224 1498 1340 1558 domum

207 1590 284 1657 cist.
307 1591 349 1672 11,
374 1597 403 1671 3,
425 1597 483 1657 43:
507 1595 560 1654 sed
583 1595 672 1654 illaec
696 1611 728 1655 se
752 1594 897 1669 quendem
921 1590 1004 1655 aibat
1023 1596 1179 1655 mulierem
1201 1594 1292 1656 Suum
1315 1596 1340 1656 b

207 1694 395 1753 nescientem
417 1693 575 1752 convenire
598 1693 688 1751 etism
711 1692 807 1766 prius.
853 1687 966 1770 Amph.
989 1689 1015 1769 I,
1042 1696 1069 1769 l,
1093 1693 1171 1756 231:
1204 1694 1273 1768 Ego
1302 1711 1339 1754 su

205 1791 293 1851 Sosia
314 1792 384 1866 ille,
418 1806 504 1865 quem
528 1795 560 1850 to
583 1789 690 1849 dudum
714 1806 780 1850 esse
803 1790 905 1852 aiebas
928 1790 1009 1853 mibi.
1054 1786 1153 1854 Mero.
1176 1787 1221 1868 ΙΙ,
1252 1793 1283 1868 4,
1308 1791 1340 1854 5(

207 1888 308 1949 Civem
332 1904 398 1948 esse
422 1890 524 1948 aibant
543 1889 675 1947 Atticum
698 1887 754 1963 (se.
771 1888 866 1961 eum).
911 1883 988 1950 cist.
1003 1884 1059 1965 IV,
1076 1890 1106 1966 2,
1129 1891 1185 1952 69:
1208 1890 1261 1964 qni
1282 1890 1340 1950 illu

205 1987 250 2045 ait
272 2002 305 2046 se
328 1986 406 2044 seire
429 1985 478 2044 uhi
501 1986 550 2047 sit.
595 1980 666 2055 Cas
689 1981 732 2061 11,
755 1989 786 2062 4,
817 1988 844 2047 l.
869 1987 902 2048 2:
935 1987 977 2046 Te
1006 2003 1082 2047 uxor
1112 1987 1214 2048 siebat
1241 1995 1294 2046 tua
1320 2004 1340 2046 u

207 2099 324 2144 vocare.
369 2079 428 2159 111,
452 2087 481 2159 5,
505 2085 562 2145 bl:
596 2084 693 2143 altero
720 2089 751 2142 te
780 2085 947 2147 occisurum
975 2084 1027 2145 ait.
1072 2080 1165 2146 Truc.
1194 2080 1220 2160 Ι,
1252 2086 1281 2162 2,
1311 2086 1340 2148 s:

208 2182 267 2240 Ain
290 2190 322 2239 tu
345 2181 412 2239 med
435 2198 500 2240 eam
525 2179 647 2242 emere?
692 2177 783 2257 Capt.
808 2178 867 2258 ΠΙ,
896 2184 927 2257 4,
950 2185 1005 2244 54;
1039 2183 1148 2242 Filium
1179 2190 1262 2243 tunm
1290 2199 1340 2257 qut

208 2278 355 2338 redimere
380 2296 412 2339 se
435 2280 487 2338 ait.
532 2274 629 2339 Poen.
654 2275 692 2354 V,
716 2281 744 2354 2,
769 2281 828 2339 54:
851 2279 975 2354 Ligulae
998 2281 1112 2341 canalis
1133 2276 1192 2353 (sie
1207 2275 1303 2358 asp)
1326 2297 1340 2340 r

209 2394 242 2436 se
266 2376 421 2437 advexisse
445 2384 476 2436 et
494 2392 594 2435 nuces.
639 2371 735 2437 Poen.
751 2373 791 2452 V,
816 2377 844 2453 2,
868 2378 928 2439 36:
952 2380 1127 2438 Hannonem
1151 2396 1219 2438 sese
1242 2380 1339 2439 aitcu

208 2475 339 2550 thagine.
363 2470 460 2536 Mero.
477 2470 521 2550 11,
537 2478 566 2550 4,
586 2475 617 2534 l:
641 2475 805 2534 Pentheum
828 2474 989 2550 diripuisse
1005 2476 1088 2535 aiunt
1102 2475 1248 2538 Bacchas.
1277 2473 1340 2541 Mos

209 2569 269 2650 ΙΙΙ,
293 2575 322 2647 2,
346 2574 387 2633 88
410 2587 471 2650 sq.:
503 2572 704 2632 Alexandrum
728 2590 863 2648 magnum
888 2579 977 2648 utque
999 2575 1196 2649 Agathoclem
1220 2592 1340 2635 murum

210 2670 277 2729 Duo
303 2687 353 2730 res
376 2672 513 2745 gessisse.
558 2666 653 2731 Poen.
677 2666 715 2745 V,
739 2672 769 2746 2,
795 2673 821 2731 l.
846 2672 879 2731 2:
915 2673 974 2731 Ain
998 2677 1044 2744 tu,
1079 2672 1133 2732 tibi
1161 2673 1231 2733 dixe
1261 2673 1340 2747 Syne

211 2772 335 2841 rustum,
358 2768 503 2844 Milphio,
526 2769 588 2828 Has
611 2784 678 2828 esse
700 2768 844 2844 ingenuos
867 2770 969 2829 ambas
998 2769 1257 2846 surrupticias.⁴²)
1301 2765 1340 2832 Cu

210 2859 269 2939 ΙΙΙ,
286 2868 316 2937 4,
341 2867 397 2926 ll:
421 2867 501 2940 Ergo
524 2866 717 2925 arcessivisse
741 2866 784 2925 ait
807 2881 873 2924 sese
897 2871 930 2925 et
951 2867 1062 2927 dixisse
1085 2874 1126 2941 te,
1152 2868 1275 2941 (mente
1291 2864 1340 2931 adt

213 2957 254 3034 te)
285 2963 361 3021 Eam
393 2981 450 3022 non
474 2965 640 3024 missurum.
686 2960 801 3025 Bacch.
819 2960 863 3040 ΙΙ,
888 2967 915 3040 3,
939 2968 993 3027 51;
1018 2964 1113 3039 Quom
1136 2966 1178 3025 mi
1199 2968 1340 3042 ipsumn

211 3075 279 3117 men
302 3061 365 3120 eius
380 3062 609 3122 Archidemides
625 3062 776 3121 clamaret
799 3061 986 3136 dempturum
1006 3079 1084 3138 esse,
1108 3060 1164 3125 ubi
1186 3080 1257 3124 eune
1278 3059 1339 3127 omi

212 3172 284 3219 sum
307 3162 365 3220 est.
408 3156 524 3221 Bacch.
548 3155 660 3235 111‚4‚
686 3163 719 3221 7:
753 3161 818 3234 Ego
847 3156 916 3218 faxo
940 3161 997 3219 bau
1021 3160 1101 3220 dicet
1129 3169 1288 3236 nanctum,
1318 3159 1339 3223 ιι

210 3271 301 3334 pron.
325 3252 392 3319 refl.
416 3275 447 3318 se
469 3255 621 3320 omissum
643 3259 699 3319 est.
747 3251 813 3317 Mil.
831 3253 873 3334 11,
897 3258 925 3334 3,
950 3260 1006 3318 75:
1030 3259 1157 3319 Auillio
1180 3258 1277 3320 sociat
1295 3277 1340 3336 qut

212 3353 361 3414 facturum
385 3355 468 3414 dicit.
512 3353 594 3417 Rud.
619 3353 660 3430 ΙΙ,
685 3358 713 3431 3,
739 3357 795 3416 74τ
829 3356 906 3415 Νιιιιι
934 3359 1099 3431 extemplo,
1132 3358 1158 3417 si
1186 3359 1340 3419 vertisse

212 3457 358 3527 peterem,
382 3452 505 3513 daturos
520 3454 604 3513 dixit.
629 3449 727 3516 Stich.
743 3449 798 3527 IV,
815 3455 845 3529 2,
861 3455 918 3516 30:
941 3471 1001 3515 non
1023 3456 1130 3529 opinor
1152 3455 1238 3516 dices
1261 3456 1340 3530 (set

211 3549 371 3624 deceptum
395 3549 468 3611 iore.
514 3548 606 3629 Epid.
630 3548 675 3627 ΙΙ,
699 3553 728 3624 2,
752 3554 807 3614 95;
838 3557 927 3627 atque
950 3560 983 3612 nt
1006 3568 1072 3612 eam
1094 3560 1125 3613 te
1148 3554 1179 3613 in
1202 3555 1340 3615 libertate

212 3647 297 3707 dices
320 3664 429 3710 emere.
461 3645 542 3710 Rud.
558 3646 584 3724 Ι,
602 3652 631 3725 2,
649 3652 682 3711 t:
705 3649 764 3710 Ubi
786 3663 850 3709 rem
869 3651 998 3710 divinam
1020 3667 1052 3711 se
1073 3649 1224 3711 iacturum
1247 3652 1340 3713 dixere

214 3740 329 3806 Pseud.
352 3741 395 3822 ΙΙ,
419 3749 449 3821 4,
477 3748 531 3808 1οε
555 3748 584 3805 ls
608 3747 681 3806 mihi
704 3747 778 3806 haec
802 3765 868 3809 sese
892 3746 1076 3809 eefeoturum
1100 3750 1184 3812 dixit.
1230 3746 1327 3813 Mers.

214 3844 244 3919 2,
268 3844 323 3904 95:
348 3843 378 3901 si
402 3844 484 3904 illum
507 3846 596 3904 matri
618 3862 702 3907 meae
725 3864 771 3907 me
795 3848 902 3907 emisse
923 3847 1029 3907 dicam.
1052 3843 1168 3910 Pseud.
1191 3843 1218 3922 Ι,
1243 3850 1273 3924 5,
1298 3850 1337 3911 15

212 3940 292 4015 qnod
315 3938 462 4000 facturum
486 3939 554 4016 (im.
577 3939 636 4019 nae)
660 3945 803 4007 dixeram.
848 3940 933 4007 Trin.
953 3960 981 4005 v.
999 3946 1075 4007 237:
1099 3945 1268 4021 Numquam
1291 3962 1337 4005 um

213 4055 391 4113 quemquem
414 4041 472 4099 nisi
494 4041 631 4115 cupidum
654 4044 790 4115 postulat
812 4059 844 4102 se
866 4043 1014 4102 hominem
1037 4044 1067 4102 in
1090 4046 1195 4119 pluqns
1216 4043 1340 4107 Conieer

213 4131 296 4197 Rud.
311 4133 355 4213 ΙΙ,
377 4139 408 4214 4,
431 4140 470 4200 59
487 4151 551 4215 sq.:
574 4139 636 4198 Iam
659 4140 833 4214 postulabas
854 4147 896 4218 te,
917 4142 1058 4216 inpurate
1077 4141 1176 4214 belus,
1199 4141 1307 4202 Totum
1328 4141 1340 4202 Ι

262 4346 299 4412 “l
317 4350 390 4418 AOp
410 4350 470 4405 Aia
488 4354 526 4404 tu.
548 4349 602 4403 Alit
620 4350 680 4405 sine
698 4351 757 4407 tiit.
787 4348 860 4422 Aeg
876 4352 936 4407 As'rt
954 4355 984 4405 trs
1001 4351 1054 4405 etot
1070 4349 1143 4406 diu.
1162 4353 1238 4423 Δθρ
1250 4368 1340 4421 mm
