3125 5075
521 490 610 530 (228118
625 491 892 534 susssumvoatm
906 515 931 526 -
944 495 1049 538 ausu.
1322 516 1361 573 81

159 719 161 728 .
228 667 267 724 se
283 673 342 728 cat
362 662 497 729 Terent
519 665 618 730 andr.
642 665 680 744 V,
703 673 733 746 4,
758 672 814 733 28:
842 672 871 732 iu
896 673 1006 733 Andro.
1038 670 1163 738 Phorm.
1192 673 1230 754 V,
1254 680 1283 757 6,
1306 682 1362 745 33:

159 847 161 852 Ι
227 766 277 826 uu
299 766 364 825 cius
388 767 546 825 cousuevit
567 767 637 826 olim
658 774 753 828 matre
775 769 809 826 ia
829 770 940 830 Lemno
962 772 1136 833 clanculum.
1180 771 1219 852 V,
1247 778 1275 853 9,
1308 779 1363 841 15:

159 871 161 888 ¹
222 862 382 923 utem
402 893 447 905 —
466 880 589 923 uorem
612 865 705 924 duxit.

286 975 313 1022 c
345 956 514 1022 Interdum
543 962 577 1020 iu
596 961 800 1042 coniungitur
827 978 898 1026 cum
926 962 965 1028 iis
987 963 1099 1044 rebus,
1131 981 1266 1045 quarum
1297 988 1360 1036 nou

159 1105 161 1142 ,
218 1061 294 1126 eea,
316 1055 378 1120 aed
391 1074 487 1132 prope
508 1053 588 1122 fiuca
609 1058 728 1138 aliquid
752 1063 812 1136 est,
835 1076 914 1140 quas
937 1061 1082 1127 ustiones
1102 1080 1160 1129 uus
1182 1064 1359 1134 indicamus

215 1153 489 1235 praepositionibus
512 1170 571 1225 uu,
594 1151 663 1226 tei,
686 1165 758 1220 sur.
804 1155 871 1221 Liv.
894 1158 1034 1222 Andron.
1055 1157 1093 1225 ir.
1109 1160 1229 1226 quuis:
1252 1167 1283 1225 iu
1304 1184 1358 1243 pa·

215 1263 292 1316 turc.
336 1251 459 1317 Fabius
480 1251 588 1318 Pictor
615 1270 665 1334 ap.
690 1256 807 1337 Egger.
831 1272 861 1334 p.
889 1258 964 1319 107:
1002 1260 1118 1319 Nodum
1146 1262 1180 1318 in
1201 1264 1283 1334 apice
1305 1281 1356 1325 nc·

216 1370 259 1428 que
281 1354 315 1411 ta
335 1354 437 1413 auctu
458 1370 555 1427 neque
577 1354 641 1413 alia
661 1356 693 1413 tn
712 1361 800 1428 parte
821 1357 912 1416 ullum
935 1356 1034 1416 hahet
1072 1355 1169 1421 Naev.
1191 1356 1358 1439 Lycurgus

219 1448 246 1512 h.
263 1454 295 1513 I:
318 1453 392 1511 Alte
414 1450 532 1510 iubatus
554 1469 664 1527 angues
685 1454 719 1511 tn
739 1471 800 1515 acac
822 1460 937 1529 gerunt
982 1451 1033 1515 Fr.
1056 1453 1115 1518 inc.
1132 1461 1167 1518 5:
1190 1458 1358 1520 Diabathra

219 1550 358 1622 sumtus
383 1548 522 1608 habebat.
568 1544 646 1612 Cato
668 1548 705 1612 R.
731 1548 766 1613 R.
790 1567 816 1613 c.
843 1553 916 1613 157:
950 1552 977 1611 ai
1006 1553 1075 1626 quid
1097 1554 1131 1611 ia
1151 1556 1287 1614 nammis
1309 1558 1354 1617 ul·

218 1649 278 1706 ceria
307 1653 422 1707 uatum.
466 1642 561 1708 Ennii
588 1651 685 1710 satur.
715 1647 775 1712 inc.
802 1645 874 1709 libri
903 1644 1014 1726 fragm.
1050 1652 1102 1713 10:
1141 1654 1295 1725 Quaerunt
1320 1654 1356 1712 ia

159 1775 162 1832 3
216 1744 292 1817 saepo
320 1746 405 1804 soliti
426 1745 505 1821 quud
528 1744 628 1805 dicere
651 1747 769 1808 uadum.
798 1742 984 1826 Iphigeniae
998 1742 1036 1808 ir.
1054 1751 1105 1810 13:
1128 1751 1353 1824 Astrolcgorum

159 1839 162 1924 ᾗ
216 1844 282 1916 sigua
309 1842 343 1900 in
371 1842 453 1904 cacto
475 1845 599 1918 quaesit
643 1840 776 1907 Medeae
806 1840 907 1906 exulis
936 1839 974 1905 ir.
1001 1848 1052 1908 19:
1087 1848 1116 1905 iu
1145 1849 1247 1920 caelo,
1276 1846 1353 1910 item

215 1937 278 2001 Aiax
298 1936 338 2002 fr.
363 1941 392 2002 2.
424 1935 530 2003 Plaut.
552 1938 635 2003 Rud.
658 1940 739 2020 prol.
760 1959 790 2004 v.
814 1945 847 2004 6:
877 1942 975 2001 Noctu
998 1961 1060 2004 sum
1084 1946 1118 2002 in
1139 1945 1219 2005 caelo
1241 1946 1351 2006 clarus

214 2033 286 2101 Pera
314 2035 357 2114 II,
388 2042 416 2114 5,
448 2041 500 2101 11:
534 2041 564 2099 iu
592 2041 678 2100 collo.
723 2036 820 2103 Stich.
849 2036 887 2117 V,
915 2044 945 2115 4,
977 2042 1034 2103 24:
1067 2043 1097 2101 in
1123 2061 1221 2103 mauu.
1254 2040 1352 2106 Pars.

214 2131 243 2211 II,
261 2139 291 2213 2,
313 2139 350 2199 5:
374 2143 447 2212 quot
468 2136 556 2196 hodie
579 2137 689 2198 habeas
711 2139 820 2213 digitos
841 2139 876 2196 in
896 2155 996 2198 mauu.
1039 2135 1153 2202 Pseud.
1169 2138 1227 2218 111,
1245 2144 1274 2218 2,
1292 2143 1349 2204 68:

213 2234 270 2293 Tum
291 2242 327 2294 ut
347 2235 436 2295 huius
459 2237 561 2295 oculos
582 2236 615 2293 ia
636 2236 728 2295 ocutis
750 2237 860 2296 habeas
883 2236 952 2295 tuis.
998 2232 1079 2299 Men.
1102 2234 1145 2314 ΙΙ,
1171 2243 1198 2315 l,
1221 2241 1276 2301 22:
1308 2239 1351 2298 Ia

212 2333 292 2405 scirpo
320 2333 429 2393 nudum
457 2335 584 2408 quaesta.
630 2330 744 2395 Caecii.
775 2329 856 2395 Stat.
879 2329 1005 2394 Nothua
1033 2330 1159 2397 Nicaeis
1184 2332 1222 2397 fr.
1250 2342 1281 2398 l:
1314 2339 1349 2395 In

211 2432 247 2487 uo
267 2431 340 2489 culto
363 2437 417 2491 est

279 2525 309 2590 d.
335 2526 463 2591 Dicitur
481 2528 516 2587 ia
537 2525 577 2590 de
598 2525 802 2592 multitudine
826 2531 859 2590 ct
880 2524 985 2605 copia,
1015 2525 1105 2592 cuius
1133 2525 1251 2609 aliquid
1275 2546 1348 2609 par·

159 2632 162 2653 ²
211 2630 259 2687 tam
281 2623 398 2702 efficit3
435 2625 517 2688 idem
546 2623 626 2689 alias
651 2629 730 2685 inter
752 2622 916 2705 siguificat.
963 2621 1041 2688 cato
1064 2625 1101 2690 R.
1124 2624 1161 2690 R.
1184 2645 1213 2690 v.
1240 2631 1291 2690 14:
1316 2629 1347 2684 in

210 2723 265 2783 aliia
283 2732 357 2799 quot
379 2733 476 2783 eruut
520 2721 624 2787 Plaut.
647 2723 731 2787 Men.
756 2722 779 2799 l,
805 2727 834 2800 2,
858 2725 912 2786 26:
945 2741 1039 2800 ecqua
1060 2727 1093 2783 in
1113 2728 1188 2785 istac
1208 2743 1278 2800 pars
1302 2727 1344 2783 iu-

207 2830 242 2880 at
265 2823 381 2897 praemi
412 2821 505 2881 mihi?
549 2820 589 2899 Π,
623 2827 651 2899 1,
685 2825 739 2885 33:
773 2822 807 2879 in
842 2822 1032 2894 amdammts
1061 2826 1228 2899 voluptarii
1256 2832 1344 2897 atque

205 2928 348 2992 matures
371 2922 508 2980 maxumi.
553 2917 642 2999 Capi.
658 2917 700 2996 H,
726 2922 754 2996 2,
775 2921 831 2983 30:
855 2921 927 2978 Tum
950 2922 1040 2995 igitur
1062 2924 1090 2981 ei
1110 2940 1196 2997 quom
1215 2921 1249 2978 in
1262 2919 1346 2980 Alcis

203 3026 241 3077 eat
260 3021 361 3094 gratia
383 3025 477 3078 tanta
523 3015 593 3081 Cas.
616 3015 695 3096 prol.
718 3035 748 3079 v.
776 3021 830 3079 14:
854 3019 903 3092 qui
926 3021 999 3079 estis
1020 3020 1054 3077 in
1075 3019 1248 3085 senioribus,
1272 3015 1300 3079 h.
1317 3035 1344 3080 a.

202 3111 227 3175 in
247 3113 403 3178 centuriis
426 3115 601 3191 scutorum,
632 3119 668 3177 ut
697 3114 777 3193 expl.
803 3113 1011 3177 Boxhuruius.
1057 3115 1142 3180 Pers.
1158 3113 1213 3193 IV,
1235 3119 1265 3194 4,
1292 3120 1343 3178 12:

200 3213 238 3272 Tu
259 3217 290 3273 iu
312 3215 375 3272 iuis
397 3231 430 3274 es
451 3214 547 3272 decem
566 3215 724 3274 sodalibus.
768 3210 825 3288 IV,
848 3217 878 3288 4,
902 3216 956 3276 96:
979 3216 1009 3274 in
1032 3217 1150 3290 populo.

280 3327 307 3373 c.
345 3311 387 3370 Ia
409 3310 602 3389 praepositio
619 3309 839 3390 complectitur
861 3326 1009 3375 unacum
1028 3311 1157 3374 notione
1172 3308 1233 3373 loci
1249 3309 1344 3373 cuam

199 3405 227 3470 id
247 3408 334 3488 quud
358 3407 390 3469 iu
413 3424 450 3471 eu
473 3406 541 3471 locu
565 3408 672 3488 agitur
694 3413 728 3471 et
749 3424 805 3470 eus
827 3408 882 3486 qui
904 3407 1023 3486 aliquid
1046 3408 1089 3472 ibi
1112 3413 1220 3487 agunt.
1265 3405 1346 3471 Cato

200 3503 283 3568 RB.
308 3503 408 3585 praef.
432 3501 458 3584 ξ.
474 3512 509 3569 4:
533 3511 583 3583 qui
604 3510 637 3566 tu
659 3525 691 3566 co
711 3508 807 3567 studio
830 3509 969 3582 occupati
991 3515 1067 3567 aaut.
1113 3504 1146 3567 C.
1168 3507 1239 3567 141:
1263 3508 1346 3565 Mara

200 3613 292 3677 pater,
316 3608 343 3665 si
367 3605 436 3679 quid
460 3606 515 3666 tibi
538 3607 571 3664 ia
585 3607 679 3665 illisce
692 3606 936 3666 saomtaurilitus
951 3605 1123 3663 lactentibus
1144 3620 1238 3676 nequa
1259 3604 1346 3662 satia·

200 3700 307 3764 iactum
332 3711 388 3763 ast.
431 3700 512 3765 Eun.
535 3701 638 3766 annal.
663 3701 681 3764 l.
704 3700 797 3778 VIII,
828 3700 864 3765 fr.
891 3705 946 3764 23:
986 3703 1015 3760 in
1038 3702 1132 3773 bello,
1163 3700 1240 3762 item
1264 3696 1283 3760 l.
1307 3696 1347 3775 X,

199 3795 233 3860 ir.
249 3807 277 3862 1.
303 3797 439 3878 Telephi
461 3796 499 3862 ir.
523 3803 551 3878 6,
573 3817 602 3862 v.
627 3804 697 3863 379.
720 3798 921 3863 Euhemerus
936 3797 973 3862 fr.
990 3803 1037 3875 11,
1061 3803 1110 3861 53.
1134 3792 1348 3858 —Hecubae

200 3892 231 3959 h.
257 3901 312 3960 ll:
347 3900 378 3958 iu
402 3899 556 3959 concubis.
602 3897 712 3961 huual.
736 3896 756 3960 l.
780 3897 842 3975 VI,
873 3895 909 3959 fr.
937 3902 990 3973 12,
1021 3913 1048 3956 v.
1077 3899 1147 3958 199:
1182 3897 1212 3953 in
1239 3909 1347 3968 pugna.

201 3992 298 4059 Pluut.
315 3994 431 4059 Bacch,
449 3993 485 4073 V,
509 3998 537 4072 2,
560 3999 615 4060 35:
642 3999 717 4071 Quid
740 3999 829 4057 illaec
851 4000 913 4058 illic
935 3999 968 4054 in
989 3996 1109 4054 coasilio
1131 3995 1206 4052 duae
1229 3997 1347 4052 secreto

202 4093 388 4155 conculcant?
431 4091 546 4157 Pseud.
570 4111 599 4156 v.
626 4097 701 4156 124:
739 4097 819 4155 Pube
843 4095 994 4170 praesenti
1023 4094 1055 4149 ia
1076 4093 1214 4150 curatione.
1257 4086 1346 4150 Pels.

202 4186 250 4265 iv,
273 4197 303 4269 3,
327 4196 362 4255 9:
385 4194 449 4252 Nec
470 4201 577 4266 metuo,
605 4224 639 4235 -
666 4211 703 4252 uc
726 4194 791 4267 quis
813 4196 853 4252 mi
876 4195 908 4250 ia
928 4194 994 4252 iure
1016 4190 1183 4249 abiurassit.
1221 4184 1304 4248 Meu.
1320 4183 1348 4263 I,

201 4291 227 4366 3,
246 4294 282 4352 4:
314 4292 355 4350 Ic
376 4307 410 4350 co
432 4297 557 4366 uterque
571 4292 688 4364 proelio
709 4292 885 4365 potabimus.
930 4286 1015 4352 Pera.
1039 4284 1064 4361 l,
1090 4290 1116 4362 1,
1141 4288 1194 4347 24;
1224 4285 1348 4344 Saucius

199 4386 294 4448 Iactus
314 4406 379 4448 sum
402 4390 435 4446 iu
457 4390 583 4450 Veneris
600 4390 723 4463 proelio.
758 4387 871 4451 Pseud.
895 4385 950 4463 IV,
975 4391 1003 4462 7,
1027 4388 1079 4446 74:
1104 4387 1133 4443 iu
1159 4402 1264 4458 pugna.
1287 4379 1348 4445 Te-

200 4489 278 4547 rent.
301 4483 402 4549 Audr.
425 4484 452 4564 I,
482 4489 511 4564 2,
535 4489 590 4550 25ε
624 4489 655 4548 iu
685 4490 730 4548 his
754 4519 796 4528 -
818 4487 939 4560 nuptiis.
984 4482 1022 4559 V,
1051 4485 1081 4559 4,
1112 4484 1165 4544 13:
1200 4484 1286 4543 hodia
1314 4482 1350 4540 ia

251 4584 332 4633 mun,
346 4587 460 4637 ayne-xa.
490 4587 507 4627 1.
1117 4589 1134 4645 6
