<?xml version="1.0" encoding="UTF-8"?>
<!DOCTYPE html PUBLIC "-//W3C//DTD XHTML 1.0 Transitional//EN"
    "http://www.w3.org/TR/xhtml1/DTD/xhtml1-transitional.dtd">
<html xmlns="http://www.w3.org/1999/xhtml" xml:lang="en" lang="en">
 <head>
  <title>
</title>
<meta http-equiv="Content-Type" content="text/html;charset=utf-8" />
  <meta name='ocr-system' content='tesseract 3.04.00' />
  <meta name='ocr-capabilities' content='ocr_page ocr_carea ocr_par ocr_line ocrx_word'/>
</head>
<body>
  <div class='ocr_page' id='page_1' title='image "./syntaxispriscor00holtgoog_0791.png"; bbox 0 0 3125 5075; ppageno 0'>
   <div class='ocr_carea' id='block_1_1' title="bbox 287 339 1156 408">
    <p class='ocr_par' dir='ltr' id='par_1_1' title="bbox 287 339 1156 408">
     <span class='ocr_line' id='line_1_1' title="bbox 287 339 1156 408; baseline 0.006 -34"><span class='ocrx_word' id='word_1_1' title='bbox 287 348 348 408; x_wconf 71' lang='lat'><strong>332</strong></span> <span class='ocrx_word' id='word_1_2' title='bbox 582 341 644 381; x_wconf 66' lang='grc' dir='ltr'><strong>ΜΡ.</strong></span> <span class='ocrx_word' id='word_1_3' title='bbox 659 341 703 379; x_wconf 80' lang='lat' dir='ltr'><strong>XV.</strong></span> <span class='ocrx_word' id='word_1_4' title='bbox 730 341 878 382; x_wconf 74' lang='lat' dir='ltr'><strong>DOCTRlNA</strong></span> <span class='ocrx_word' id='word_1_5' title='bbox 907 339 1156 381; x_wconf 66' lang='lat' dir='ltr'><strong>enunciationem.</strong></span> 
     </span>
    </p>
   </div>
   <div class='ocr_carea' id='block_1_2' title="bbox 281 528 1442 3342">
    <p class='ocr_par' dir='ltr' id='par_1_2' title="bbox 281 528 1442 1679">
     <span class='ocr_line' id='line_1_2' title="bbox 282 528 1436 603; baseline 0.003 -14"><span class='ocrx_word' id='word_1_6' title='bbox 282 546 439 602; x_wconf 86' lang='lat' dir='ltr'><strong>rarumque</strong></span> <span class='ocrx_word' id='word_1_7' title='bbox 469 531 586 589; x_wconf 84' lang='lat' dir='ltr'><strong>vilicum</strong></span> <span class='ocrx_word' id='word_1_8' title='bbox 614 548 730 592; x_wconf 86' lang='lat' dir='ltr'><strong>revoca.</strong></span> <span class='ocrx_word' id='word_1_9' title='bbox 774 528 839 594; x_wconf 89' lang='lat' dir='ltr'><strong>Ib.:</strong></span> <span class='ocrx_word' id='word_1_10' title='bbox 875 530 961 592; x_wconf 83' lang='lat' dir='ltr'><strong>ianoe</strong></span> <span class='ocrx_word' id='word_1_11' title='bbox 997 539 1116 592; x_wconf 84' lang='lat' dir='ltr'><strong>veteres</strong></span> <span class='ocrx_word' id='word_1_12' title='bbox 1154 532 1265 594; x_wconf 88' lang='lat' dir='ltr'><strong>eerciri</strong></span> <span class='ocrx_word' id='word_1_13' title='bbox 1299 547 1436 603; x_wconf 76' lang='lat' dir='ltr'><strong>novosque</strong></span> 
     </span>
     <span class='ocr_line' id='line_1_3' title="bbox 282 623 1436 706; baseline 0.003 -21"><span class='ocrx_word' id='word_1_14' title='bbox 282 626 358 687; x_wconf 90' lang='lat' dir='ltr'><strong>fieri.</strong></span> <span class='ocrx_word' id='word_1_15' title='bbox 404 623 470 689; x_wconf 91' lang='lat' dir='ltr'><strong>Ib.:</strong></span> <span class='ocrx_word' id='word_1_16' title='bbox 504 629 622 687; x_wconf 81' lang='lat' dir='ltr'><strong>Vendat</strong></span> <span class='ocrx_word' id='word_1_17' title='bbox 643 630 755 706; x_wconf 89' lang='lat' dir='ltr'><strong>oleum,</strong></span> <span class='ocrx_word' id='word_1_18' title='bbox 779 631 806 689; x_wconf 88' lang='lat' dir='ltr'><strong>si</strong></span> <span class='ocrx_word' id='word_1_19' title='bbox 827 630 960 703; x_wconf 80' lang='lat' dir='ltr'><strong>precium</strong></span> <span class='ocrx_word' id='word_1_20' title='bbox 983 629 1103 702; x_wconf 86' lang='lat' dir='ltr'><strong>habeat,</strong></span> <span class='ocrx_word' id='word_1_21' title='bbox 1127 631 1227 690; x_wconf 81' lang='lat' dir='ltr'><strong>vinnm</strong></span> <span class='ocrx_word' id='word_1_22' title='bbox 1251 626 1436 690; x_wconf 80' lang='lat' dir='ltr'><strong>trumentum·</strong></span> 
     </span>
     <span class='ocr_line' id='line_1_4' title="bbox 281 722 1437 802; baseline 0.003 -20"><span class='ocrx_word' id='word_1_23' title='bbox 281 741 337 797; x_wconf 85' lang='lat' dir='ltr'><strong>que</strong></span> <span class='ocrx_word' id='word_1_24' title='bbox 359 723 436 798; x_wconf 86' lang='lat' dir='ltr'><strong>quod</strong></span> <span class='ocrx_word' id='word_1_25' title='bbox 467 728 605 799; x_wconf 79' lang='lat' dir='ltr'>supersit.</span> <span class='ocrx_word' id='word_1_26' title='bbox 652 722 686 787; x_wconf 88' lang='lat' dir='ltr'><strong>C.</strong></span> <span class='ocrx_word' id='word_1_27' title='bbox 712 729 744 787; x_wconf 80' lang='lat'><strong>5:</strong></span> <span class='ocrx_word' id='word_1_28' title='bbox 771 727 920 802; x_wconf 88' lang='lat' dir='ltr'><strong>rapinum,</strong></span> <span class='ocrx_word' id='word_1_29' title='bbox 947 727 1088 801; x_wconf 87' lang='lat' dir='ltr'><strong>pabulum</strong></span> <span class='ocrx_word' id='word_1_30' title='bbox 1119 729 1316 801; x_wconf 82' lang='lat' dir='ltr'><strong>lupinumquc</strong></span> <span class='ocrx_word' id='word_1_31' title='bbox 1344 728 1437 788; x_wconf 80' lang='lat' dir='ltr'><strong>mrito.</strong></span> 
     </span>
     <span class='ocr_line' id='line_1_5' title="bbox 282 819 1439 896; baseline -0.002 -12"><span class='ocrx_word' id='word_1_32' title='bbox 282 819 345 885; x_wconf 91' lang='lat' dir='ltr'><strong>Ib.:</strong></span> <span class='ocrx_word' id='word_1_33' title='bbox 369 824 480 882; x_wconf 86' lang='lat' dir='ltr'><strong>Aretra</strong></span> <span class='ocrx_word' id='word_1_34' title='bbox 503 840 692 896; x_wconf 79' lang='lat' dir='ltr'><strong>rumoresque</strong></span> <span class='ocrx_word' id='word_1_35' title='bbox 714 821 806 884; x_wconf 82' lang='lat' dir='ltr'><strong>facito</strong></span> <span class='ocrx_word' id='word_1_36' title='bbox 830 825 874 883; x_wconf 92' lang='lat' dir='ltr'><strong>uti</strong></span> <span class='ocrx_word' id='word_1_37' title='bbox 896 824 990 886; x_wconf 85' lang='lat' dir='ltr'><strong>bonos</strong></span> <span class='ocrx_word' id='word_1_38' title='bbox 1014 825 1136 887; x_wconf 78' lang='lat' dir='ltr'><strong>habeas.</strong></span> <span class='ocrx_word' id='word_1_39' title='bbox 1165 819 1200 886; x_wconf 85' lang='lat' dir='ltr'><strong>C·</strong></span> <span class='ocrx_word' id='word_1_40' title='bbox 1224 827 1259 886; x_wconf 81' lang='lat'><strong>7:</strong></span> <span class='ocrx_word' id='word_1_41' title='bbox 1284 827 1319 885; x_wconf 93' lang='lat' dir='ltr'><strong>ln</strong></span> <span class='ocrx_word' id='word_1_42' title='bbox 1342 824 1439 884; x_wconf 79' lang='lat' dir='ltr'><strong>eodem</strong></span> 
     </span>
     <span class='ocr_line' id='line_1_6' title="bbox 283 918 1440 997; baseline 0.003 -18"><span class='ocrx_word' id='word_1_43' title='bbox 283 918 375 979; x_wconf 83' lang='lat' dir='ltr'><strong>fondo</strong></span> <span class='ocrx_word' id='word_1_44' title='bbox 398 937 480 980; x_wconf 90' lang='lat' dir='ltr'><strong>suum</strong></span> <span class='ocrx_word' id='word_1_45' title='bbox 505 922 646 996; x_wconf 90' lang='lat' dir='ltr'><strong>quidquid</strong></span> <span class='ocrx_word' id='word_1_46' title='bbox 671 924 789 982; x_wconf 89' lang='lat' dir='ltr'><strong>conseri</strong></span> <span class='ocrx_word' id='word_1_47' title='bbox 811 928 947 995; x_wconf 80' lang='lat' dir='ltr'><strong>oportet,</strong></span> <span class='ocrx_word' id='word_1_48' title='bbox 975 922 1158 995; x_wconf 84' lang='lat' dir='ltr'><strong>arbustoque</strong></span> <span class='ocrx_word' id='word_1_49' title='bbox 1185 924 1278 982; x_wconf 84' lang='lat' dir='ltr'><strong>ritem</strong></span> <span class='ocrx_word' id='word_1_50' title='bbox 1302 923 1440 997; x_wconf 85' lang='lat' dir='ltr'><strong>copulari</strong></span> 
     </span>
     <span class='ocr_line' id='line_1_7' title="bbox 283 1013 1439 1094; baseline 0.002 -17"><span class='ocrx_word' id='word_1_51' title='bbox 283 1013 388 1078; x_wconf 84' lang='lat' dir='ltr'><strong>Plant.</strong></span> <span class='ocrx_word' id='word_1_52' title='bbox 412 1014 526 1079; x_wconf 81' lang='lat' dir='ltr'>Pseud.</span> <span class='ocrx_word' id='word_1_53' title='bbox 550 1015 575 1093; x_wconf 90' lang='lat'><strong>1,</strong></span> <span class='ocrx_word' id='word_1_54' title='bbox 600 1024 628 1093; x_wconf 83' lang='lat'><strong>2,</strong></span> <span class='ocrx_word' id='word_1_55' title='bbox 653 1023 706 1082; x_wconf 82' lang='lat'><strong>51:</strong></span> <span class='ocrx_word' id='word_1_56' title='bbox 734 1020 780 1079; x_wconf 85' lang='lat' dir='ltr'><strong>Eo</strong></span> <span class='ocrx_word' id='word_1_57' title='bbox 804 1036 855 1078; x_wconf 85' lang='lat' dir='ltr'><strong>uos</strong></span> <span class='ocrx_word' id='word_1_58' title='bbox 879 1024 1053 1092; x_wconf 73' lang='lat' dir='ltr'>vostrosque</span> <span class='ocrx_word' id='word_1_59' title='bbox 1082 1020 1158 1079; x_wconf 84' lang='lat' dir='ltr'><strong>adeo</strong></span> <span class='ocrx_word' id='word_1_60' title='bbox 1182 1022 1324 1094; x_wconf 80' lang='lat' dir='ltr'><strong>pantices</strong></span> <span class='ocrx_word' id='word_1_61' title='bbox 1347 1020 1439 1079; x_wconf 85' lang='lat' dir='ltr'><strong>mude-</strong></span> 
     </span>
     <span class='ocr_line' id='line_1_8' title="bbox 283 1112 1441 1194; baseline 0.005 -23"><span class='ocrx_word' id='word_1_62' title='bbox 283 1112 391 1174; x_wconf 88' lang='lat' dir='ltr'><strong>facitis.</strong></span> <span class='ocrx_word' id='word_1_63' title='bbox 437 1113 532 1177; x_wconf 78' lang='lat' dir='ltr'><strong>Poen-</strong></span> <span class='ocrx_word' id='word_1_64' title='bbox 562 1114 641 1193; x_wconf 86' lang='lat' dir='ltr'><strong>proi.</strong></span> <span class='ocrx_word' id='word_1_65' title='bbox 665 1133 693 1176; x_wconf 87' lang='lat' dir='ltr'><strong>v.</strong></span> <span class='ocrx_word' id='word_1_66' title='bbox 719 1118 777 1179; x_wconf 82' lang='lat'><strong>121</strong></span> <span class='ocrx_word' id='word_1_67' title='bbox 797 1132 860 1194; x_wconf 74' lang='lat' dir='ltr'><strong>sq:</strong></span> <span class='ocrx_word' id='word_1_68' title='bbox 886 1117 915 1178; x_wconf 89' lang='lat' dir='ltr'><strong>Is</strong></span> <span class='ocrx_word' id='word_1_69' title='bbox 939 1116 1027 1177; x_wconf 90' lang='lat' dir='ltr'><strong>hodie</strong></span> <span class='ocrx_word' id='word_1_70' title='bbox 1051 1117 1109 1178; x_wconf 85' lang='lat' dir='ltr'><strong>linc</strong></span> <span class='ocrx_word' id='word_1_71' title='bbox 1131 1118 1232 1179; x_wconf 83' lang='lat' dir='ltr'><strong>veniet</strong></span> <span class='ocrx_word' id='word_1_72' title='bbox 1255 1119 1441 1191; x_wconf 72' lang='lat' dir='ltr'><strong>reperietque</strong></span> 
     </span>
     <span class='ocr_line' id='line_1_9' title="bbox 283 1210 1440 1286; baseline 0.005 -17"><span class='ocrx_word' id='word_1_73' title='bbox 283 1212 332 1270; x_wconf 87' lang='lat' dir='ltr'><strong>hic</strong></span> <span class='ocrx_word' id='word_1_74' title='bbox 355 1211 431 1270; x_wconf 88' lang='lat' dir='ltr'><strong>filiae</strong></span> <span class='ocrx_word' id='word_1_75' title='bbox 454 1213 495 1271; x_wconf 78' lang='lat' dir='ltr'><strong>lit</strong></span> <span class='ocrx_word' id='word_1_76' title='bbox 517 1214 595 1273; x_wconf 91' lang='lat' dir='ltr'><strong>hunc</strong></span> <span class='ocrx_word' id='word_1_77' title='bbox 618 1216 663 1274; x_wconf 90' lang='lat' dir='ltr'><strong>sni</strong></span> <span class='ocrx_word' id='word_1_78' title='bbox 686 1214 790 1275; x_wconf 84' lang='lat' dir='ltr'><strong>fratris</strong></span> <span class='ocrx_word' id='word_1_79' title='bbox 805 1214 906 1286; x_wconf 88' lang='lat' dir='ltr'><strong>tilium,</strong></span> <span class='ocrx_word' id='word_1_80' title='bbox 930 1210 984 1277; x_wconf 87' lang='lat' dir='ltr'><strong>ubi</strong></span> <span class='ocrx_word' id='word_1_81' title='bbox 1000 1211 1133 1276; x_wconf 72' lang='lat' dir='ltr'><strong>Roatitm</strong></span> <span class='ocrx_word' id='word_1_82' title='bbox 1147 1219 1320 1276; x_wconf 76' lang='lat' dir='ltr'><strong>comment</strong></span> <span class='ocrx_word' id='word_1_83' title='bbox 1344 1212 1440 1276; x_wconf 79' lang='lat' dir='ltr'><strong>Plani.</strong></span> 
     </span>
     <span class='ocr_line' id='line_1_10' title="bbox 284 1308 1442 1389; baseline 0.003 -18"><span class='ocrx_word' id='word_1_84' title='bbox 284 1323 314 1385; x_wconf 88' lang='lat' dir='ltr'><strong>p.</strong></span> <span class='ocrx_word' id='word_1_85' title='bbox 339 1309 400 1372; x_wconf 87' lang='lat'><strong>308</strong></span> <span class='ocrx_word' id='word_1_86' title='bbox 422 1312 497 1370; x_wconf 91' lang='lat' dir='ltr'><strong>ante</strong></span> <span class='ocrx_word' id='word_1_87' title='bbox 521 1311 607 1369; x_wconf 77' lang='lat' dir='ltr'><strong>todia</strong></span> <span class='ocrx_word' id='word_1_88' title='bbox 628 1310 771 1374; x_wconf 86' lang='lat' dir='ltr'><strong>inserere</strong></span> <span class='ocrx_word' id='word_1_89' title='bbox 794 1308 925 1375; x_wconf 87' lang='lat' dir='ltr'><strong>uolebat</strong></span> <span class='ocrx_word' id='word_1_90' title='bbox 947 1325 1036 1389; x_wconf 84' lang='lat' dir='ltr'><strong>pron</strong></span> <span class='ocrx_word' id='word_1_91' title='bbox 1053 1308 1224 1374; x_wconf 83' lang='lat' dir='ltr'><strong>relativum</strong></span> <span class='ocrx_word' id='word_1_92' title='bbox 1248 1313 1313 1385; x_wconf 85' lang='lat' dir='ltr'><strong>qui.</strong></span> <span class='ocrx_word' id='word_1_93' title='bbox 1338 1309 1442 1374; x_wconf 84' lang='lat' dir='ltr'><strong>Potest</strong></span> 
     </span>
     <span class='ocr_line' id='line_1_11' title="bbox 286 1403 1442 1487; baseline 0.003 -20"><span class='ocrx_word' id='word_1_94' title='bbox 286 1408 392 1468; x_wconf 88' lang='lat' dir='ltr'><strong>autern</strong></span> <span class='ocrx_word' id='word_1_95' title='bbox 424 1403 603 1483; x_wconf 91' lang='lat' dir='ltr'><strong>notionem,</strong></span> <span class='ocrx_word' id='word_1_96' title='bbox 631 1424 712 1485; x_wconf 86' lang='lat' dir='ltr'><strong>qnae</strong></span> <span class='ocrx_word' id='word_1_97' title='bbox 741 1406 871 1471; x_wconf 80' lang='lat' dir='ltr'><strong>additur</strong></span> <span class='ocrx_word' id='word_1_98' title='bbox 898 1406 1059 1487; x_wconf 83' lang='lat' dir='ltr'><strong>prioribus</strong></span> <span class='ocrx_word' id='word_1_99' title='bbox 1086 1406 1275 1472; x_wconf 88' lang='lat' dir='ltr'><strong>notionibus</strong></span> <span class='ocrx_word' id='word_1_100' title='bbox 1305 1425 1366 1487; x_wconf 89' lang='lat' dir='ltr'><strong>per</strong></span> <span class='ocrx_word' id='word_1_101' title='bbox 1394 1425 1442 1481; x_wconf 78' lang='lat' dir='ltr'><strong>quo</strong></span> 
     </span>
     <span class='ocr_line' id='line_1_12' title="bbox 284 1501 1440 1587; baseline 0.005 -23"><span class='ocrx_word' id='word_1_102' title='bbox 284 1501 416 1580; x_wconf 86' lang='lat' dir='ltr'><strong>adnexo,</strong></span> <span class='ocrx_word' id='word_1_103' title='bbox 440 1502 531 1581; x_wconf 90' lang='lat' dir='ltr'><strong>sequi</strong></span> <span class='ocrx_word' id='word_1_104' title='bbox 554 1502 617 1581; x_wconf 85' lang='lat' dir='ltr'><strong>elie</strong></span> <span class='ocrx_word' id='word_1_105' title='bbox 639 1520 697 1582; x_wconf 85' lang='lat' dir='ltr'><strong>per</strong></span> <span class='ocrx_word' id='word_1_106' title='bbox 718 1511 747 1566; x_wconf 88' lang='lat' dir='ltr'><strong>et</strong></span> <span class='ocrx_word' id='word_1_107' title='bbox 767 1504 931 1584; x_wconf 83' lang='lat' dir='ltr'><strong>adiuncta,</strong></span> <span class='ocrx_word' id='word_1_108' title='bbox 955 1509 992 1568; x_wconf 90' lang='lat' dir='ltr'><strong>ut</strong></span> <span class='ocrx_word' id='word_1_109' title='bbox 1013 1506 1045 1569; x_wconf 94' lang='lat' dir='ltr'><strong>in</strong></span> <span class='ocrx_word' id='word_1_110' title='bbox 1064 1505 1164 1570; x_wconf 87' lang='lat' dir='ltr'><strong>sacris</strong></span> <span class='ocrx_word' id='word_1_111' title='bbox 1187 1507 1374 1584; x_wconf 83' lang='lat' dir='ltr'><strong>Argeorum</strong></span> <span class='ocrx_word' id='word_1_112' title='bbox 1396 1524 1440 1587; x_wconf 87' lang='lat' dir='ltr'><strong>op</strong></span> 
     </span>
     <span class='ocr_line' id='line_1_13' title="bbox 284 1598 538 1679; baseline 0 -17"><span class='ocrx_word' id='word_1_113' title='bbox 284 1598 401 1679; x_wconf 88' lang='lat' dir='ltr'><strong>Egger.</strong></span> <span class='ocrx_word' id='word_1_114' title='bbox 426 1616 456 1679; x_wconf 89' lang='lat' dir='ltr'><strong>p.</strong></span> <span class='ocrx_word' id='word_1_115' title='bbox 480 1604 538 1663; x_wconf 79' lang='lat'><strong>87:</strong></span> 
     </span>
    </p>

    <p class='ocr_par' dir='ltr' id='par_1_3' title="bbox 479 1700 1132 1775">
     <span class='ocr_line' id='line_1_14' title="bbox 479 1700 1132 1775; baseline 0.008 -18"><span class='ocrx_word' id='word_1_116' title='bbox 479 1700 698 1775; x_wconf 83' lang='lat' dir='ltr'><strong>Volturoalem,</strong></span> <span class='ocrx_word' id='word_1_117' title='bbox 721 1704 921 1775; x_wconf 76' lang='lat' dir='ltr'><strong>Palatualem,</strong></span> <span class='ocrx_word' id='word_1_118' title='bbox 945 1704 1132 1764; x_wconf 85' lang='lat' dir='ltr'><strong>Furrinulem</strong></span> 
     </span>
    </p>

    <p class='ocr_par' dir='ltr' id='par_1_4' title="bbox 477 1798 1230 1873">
     <span class='ocr_line' id='line_1_15' title="bbox 477 1798 1230 1873; baseline 0.003 -16"><span class='ocrx_word' id='word_1_119' title='bbox 477 1801 684 1873; x_wconf 73' lang='lat' dir='ltr'><strong>Floralemque</strong></span> <span class='ocrx_word' id='word_1_120' title='bbox 710 1801 868 1862; x_wconf 82' lang='lat' dir='ltr'><strong>Falacrem</strong></span> <span class='ocrx_word' id='word_1_121' title='bbox 892 1805 920 1861; x_wconf 85' lang='lat' dir='ltr'><strong>et</strong></span> <span class='ocrx_word' id='word_1_122' title='bbox 940 1802 1129 1862; x_wconf 86' lang='lat' dir='ltr'><strong>Pomonalem</strong></span> <span class='ocrx_word' id='word_1_123' title='bbox 1156 1798 1230 1861; x_wconf 84' lang='lat' dir='ltr'><strong>tecit</strong></span> 
     </span>
    </p>

    <p class='ocr_par' dir='ltr' id='par_1_5' title="bbox 285 1898 1442 3342">
     <span class='ocr_line' id='line_1_16' title="bbox 478 1898 645 1958; baseline 0.006 -3"><span class='ocrx_word' id='word_1_124' title='bbox 478 1898 534 1955; x_wconf 87' lang='lat' dir='ltr'><strong>Ilio</strong></span> <span class='ocrx_word' id='word_1_125' title='bbox 558 1898 645 1958; x_wconf 85' lang='lat' dir='ltr'><strong>idem.</strong></span> 
     </span>
     <span class='ocr_line' id='line_1_17' title="bbox 286 1988 1442 2073; baseline 0.001 -17"><span class='ocrx_word' id='word_1_126' title='bbox 286 1988 439 2056; x_wconf 88' lang='lat' dir='ltr'><strong>Similiter</strong></span> <span class='ocrx_word' id='word_1_127' title='bbox 473 1991 619 2071; x_wconf 87' lang='lat' dir='ltr'><strong>sequitur·</strong></span> <span class='ocrx_word' id='word_1_128' title='bbox 648 2011 703 2067; x_wconf 86' lang='lat' dir='ltr'><strong>que</strong></span> <span class='ocrx_word' id='word_1_129' title='bbox 735 1992 798 2058; x_wconf 85' lang='lat' dir='ltr'><strong>alia</strong></span> <span class='ocrx_word' id='word_1_130' title='bbox 830 1992 917 2058; x_wconf 91' lang='lat' dir='ltr'><strong>notio</strong></span> <span class='ocrx_word' id='word_1_131' title='bbox 951 2011 1009 2073; x_wconf 85' lang='lat' dir='ltr'><strong>per</strong></span> <span class='ocrx_word' id='word_1_132' title='bbox 1040 1999 1128 2068; x_wconf 84' lang='lat' dir='ltr'><strong>utque</strong></span> <span class='ocrx_word' id='word_1_133' title='bbox 1159 1993 1315 2058; x_wconf 74' lang='lat' dir='ltr'><strong>adiumta</strong></span> <span class='ocrx_word' id='word_1_134' title='bbox 1344 1993 1442 2057; x_wconf 87' lang='lat' dir='ltr'><strong>Plnut</strong></span> 
     </span>
     <span class='ocr_line' id='line_1_18' title="bbox 285 2088 1442 2170; baseline 0 -18"><span class='ocrx_word' id='word_1_135' title='bbox 285 2088 379 2152; x_wconf 82' lang='lat' dir='ltr'><strong>Most.</strong></span> <span class='ocrx_word' id='word_1_136' title='bbox 404 2088 429 2166; x_wconf 94' lang='lat' dir='ltr'><strong>I,</strong></span> <span class='ocrx_word' id='word_1_137' title='bbox 453 2094 481 2159; x_wconf 77' lang='lat'><strong>3,</strong></span> <span class='ocrx_word' id='word_1_138' title='bbox 506 2094 545 2170; x_wconf 69' lang='grc'><strong>36</strong></span> <span class='ocrx_word' id='word_1_139' title='bbox 574 2097 631 2165; x_wconf 78' lang='lat' dir='ltr'><strong>i:</strong></span> <span class='ocrx_word' id='word_1_140' title='bbox 653 2094 789 2166; x_wconf 86' lang='lat' dir='ltr'><strong>v.193):</strong></span> <span class='ocrx_word' id='word_1_141' title='bbox 813 2095 879 2154; x_wconf 89' lang='lat' dir='ltr'><strong>Nisi</strong></span> <span class='ocrx_word' id='word_1_142' title='bbox 902 2110 956 2168; x_wconf 90' lang='lat' dir='ltr'><strong>ego</strong></span> <span class='ocrx_word' id='word_1_143' title='bbox 979 2095 1060 2152; x_wconf 88' lang='lat' dir='ltr'><strong>illam</strong></span> <span class='ocrx_word' id='word_1_144' title='bbox 1083 2109 1169 2154; x_wconf 87' lang='lat' dir='ltr'><strong>anum</strong></span> <span class='ocrx_word' id='word_1_145' title='bbox 1193 2092 1383 2155; x_wconf 77' lang='lat' dir='ltr'><strong>interfecero</strong></span> <span class='ocrx_word' id='word_1_146' title='bbox 1398 2096 1442 2155; x_wconf 82' lang='lat' dir='ltr'><strong>niti</strong></span> 
     </span>
     <span class='ocr_line' id='line_1_19' title="bbox 285 2187 1442 2268; baseline 0.002 -20"><span class='ocrx_word' id='word_1_147' title='bbox 285 2188 420 2261; x_wconf 82' lang='lat' dir='ltr'><strong>tenueque</strong></span> <span class='ocrx_word' id='word_1_148' title='bbox 446 2193 534 2262; x_wconf 83' lang='lat' dir='ltr'><strong>utque</strong></span> <span class='ocrx_word' id='word_1_149' title='bbox 562 2192 640 2265; x_wconf 84' lang='lat' dir='ltr'><strong>algu.</strong></span> <span class='ocrx_word' id='word_1_150' title='bbox 691 2188 831 2254; x_wconf 82' lang='lat' dir='ltr'><strong>Possunt</strong></span> <span class='ocrx_word' id='word_1_151' title='bbox 866 2189 961 2253; x_wconf 85' lang='lat' dir='ltr'><strong>etiarn</strong></span> <span class='ocrx_word' id='word_1_152' title='bbox 990 2187 1170 2268; x_wconf 88' lang='lat' dir='ltr'><strong>complures</strong></span> <span class='ocrx_word' id='word_1_153' title='bbox 1208 2189 1362 2253; x_wconf 88' lang='lat' dir='ltr'><strong>notiones</strong></span> <span class='ocrx_word' id='word_1_154' title='bbox 1391 2207 1442 2268; x_wconf 89' lang='lat' dir='ltr'><strong>per</strong></span> 
     </span>
     <span class='ocr_line' id='line_1_20' title="bbox 287 2284 1441 2366; baseline 0.001 -20"><span class='ocrx_word' id='word_1_155' title='bbox 287 2304 341 2359; x_wconf 89' lang='lat' dir='ltr'><strong>que</strong></span> <span class='ocrx_word' id='word_1_156' title='bbox 362 2285 552 2365; x_wconf 87' lang='lat' dir='ltr'><strong>particulam</strong></span> <span class='ocrx_word' id='word_1_157' title='bbox 574 2285 715 2365; x_wconf 87' lang='lat' dir='ltr'><strong>adiungi,</strong></span> <span class='ocrx_word' id='word_1_158' title='bbox 738 2285 785 2350; x_wconf 89' lang='lat' dir='ltr'><strong>ita</strong></span> <span class='ocrx_word' id='word_1_159' title='bbox 807 2292 919 2361; x_wconf 85' lang='lat' dir='ltr'><strong>utque</strong></span> <span class='ocrx_word' id='word_1_160' title='bbox 942 2285 1071 2366; x_wconf 87' lang='lat' dir='ltr'><strong>saepius</strong></span> <span class='ocrx_word' id='word_1_161' title='bbox 1093 2290 1242 2365; x_wconf 88' lang='lat' dir='ltr'><strong>ponatur,</strong></span> <span class='ocrx_word' id='word_1_162' title='bbox 1266 2291 1305 2349; x_wconf 90' lang='lat' dir='ltr'><strong>ut</strong></span> <span class='ocrx_word' id='word_1_163' title='bbox 1328 2284 1441 2350; x_wconf 84' lang='lat' dir='ltr'><strong>luctum</strong></span> 
     </span>
     <span class='ocr_line' id='line_1_21' title="bbox 287 2381 1441 2463; baseline -0.003 -16"><span class='ocrx_word' id='word_1_164' title='bbox 287 2390 337 2447; x_wconf 90' lang='lat' dir='ltr'><strong>est</strong></span> <span class='ocrx_word' id='word_1_165' title='bbox 359 2382 390 2445; x_wconf 91' lang='lat' dir='ltr'><strong>in</strong></span> <span class='ocrx_word' id='word_1_166' title='bbox 414 2381 485 2463; x_wconf 89' lang='lat' dir='ltr'><strong>loge</strong></span> <span class='ocrx_word' id='word_1_167' title='bbox 508 2381 637 2461; x_wconf 88' lang='lat' dir='ltr'><strong>Papiria</strong></span> <span class='ocrx_word' id='word_1_168' title='bbox 661 2382 829 2449; x_wconf 87' lang='lat' dir='ltr'><strong>tribunitia</strong></span> <span class='ocrx_word' id='word_1_169' title='bbox 850 2401 899 2463; x_wconf 90' lang='lat' dir='ltr'><strong>ap.</strong></span> <span class='ocrx_word' id='word_1_170' title='bbox 920 2383 1004 2447; x_wconf 88' lang='lat' dir='ltr'><strong>Feat</strong></span> <span class='ocrx_word' id='word_1_171' title='bbox 1027 2402 1055 2447; x_wconf 87' lang='lat' dir='ltr'><strong>v.</strong></span> <span class='ocrx_word' id='word_1_172' title='bbox 1076 2388 1297 2446; x_wconf 76' lang='lat' dir='ltr'><strong>ouuauuutum</strong></span> <span class='ocrx_word' id='word_1_173' title='bbox 1313 2381 1441 2463; x_wconf 82' lang='lat' dir='ltr'><strong>(Egger.</strong></span> 
     </span>
     <span class='ocr_line' id='line_1_22' title="bbox 287 2481 1441 2560; baseline -0.003 -16"><span class='ocrx_word' id='word_1_174' title='bbox 287 2499 317 2560; x_wconf 86' lang='lat' dir='ltr'><strong>p.</strong></span> <span class='ocrx_word' id='word_1_175' title='bbox 345 2481 434 2556; x_wconf 90' lang='lat' dir='ltr'><strong>ll3):</strong></span> <span class='ocrx_word' id='word_1_176' title='bbox 465 2484 611 2558; x_wconf 74' lang='lat' dir='ltr'><strong>Quicunq.</strong></span> <span class='ocrx_word' id='word_1_177' title='bbox 637 2490 760 2558; x_wconf 90' lang='lat' dir='ltr'><strong>praetor</strong></span> <span class='ocrx_word' id='word_1_178' title='bbox 786 2492 855 2558; x_wconf 90' lang='lat' dir='ltr'><strong>post</strong></span> <span class='ocrx_word' id='word_1_179' title='bbox 884 2484 940 2544; x_wconf 89' lang='lat' dir='ltr'><strong>hoc</strong></span> <span class='ocrx_word' id='word_1_180' title='bbox 962 2481 1059 2544; x_wconf 87' lang='lat' dir='ltr'><strong>iactus</strong></span> <span class='ocrx_word' id='word_1_181' title='bbox 1082 2484 1155 2555; x_wconf 90' lang='lat' dir='ltr'><strong>erit,</strong></span> <span class='ocrx_word' id='word_1_182' title='bbox 1187 2484 1237 2558; x_wconf 89' lang='lat' dir='ltr'><strong>qui</strong></span> <span class='ocrx_word' id='word_1_183' title='bbox 1262 2483 1346 2543; x_wconf 93' lang='lat' dir='ltr'><strong>inter</strong></span> <span class='ocrx_word' id='word_1_184' title='bbox 1369 2484 1441 2542; x_wconf 80' lang='lat' dir='ltr'><strong>cives</strong></span> 
     </span>
     <span class='ocr_line' id='line_1_23' title="bbox 286 2581 1442 2656; baseline 0 -17"><span class='ocrx_word' id='word_1_185' title='bbox 286 2584 332 2641; x_wconf 91' lang='lat' dir='ltr'><strong>ius</strong></span> <span class='ocrx_word' id='word_1_186' title='bbox 357 2583 452 2654; x_wconf 89' lang='lat' dir='ltr'><strong>dicet,</strong></span> <span class='ocrx_word' id='word_1_187' title='bbox 490 2583 654 2640; x_wconf 79' lang='lat' dir='ltr'><strong>tresviros</strong></span> <span class='ocrx_word' id='word_1_188' title='bbox 679 2583 825 2655; x_wconf 87' lang='lat' dir='ltr'><strong>capitales</strong></span> <span class='ocrx_word' id='word_1_189' title='bbox 855 2583 995 2655; x_wconf 91' lang='lat' dir='ltr'><strong>populum</strong></span> <span class='ocrx_word' id='word_1_190' title='bbox 1025 2590 1146 2655; x_wconf 86' lang='lat' dir='ltr'><strong>rogato,</strong></span> <span class='ocrx_word' id='word_1_191' title='bbox 1180 2581 1272 2656; x_wconf 90' lang='lat' dir='ltr'><strong>hique</strong></span> <span class='ocrx_word' id='word_1_192' title='bbox 1302 2589 1368 2640; x_wconf 85' lang='lat' dir='ltr'><strong>tres</strong></span> <span class='ocrx_word' id='word_1_193' title='bbox 1394 2582 1442 2639; x_wconf 77' lang='lat' dir='ltr'><strong>riri</strong></span> 
     </span>
     <span class='ocr_line' id='line_1_24' title="bbox 288 2676 1440 2759; baseline -0.002 -20"><span class='ocrx_word' id='word_1_194' title='bbox 288 2676 470 2759; x_wconf 85' lang='lat' dir='ltr'><strong>[capitales],</strong></span> <span class='ocrx_word' id='word_1_195' title='bbox 493 2681 660 2754; x_wconf 87' lang='lat' dir='ltr'><strong>quicunque</strong></span> <span class='ocrx_word' id='word_1_196' title='bbox 685 2678 823 2753; x_wconf 86' lang='lat' dir='ltr'><strong>[posthac</strong></span> <span class='ocrx_word' id='word_1_197' title='bbox 840 2676 924 2752; x_wconf 85' lang='lat' dir='ltr'><strong>ia]cti</strong></span> <span class='ocrx_word' id='word_1_198' title='bbox 941 2687 1037 2751; x_wconf 88' lang='lat' dir='ltr'><strong>erunt,</strong></span> <span class='ocrx_word' id='word_1_199' title='bbox 1061 2688 1250 2739; x_wconf 84' lang='lat' dir='ltr'><strong>sacramenta</strong></span> <span class='ocrx_word' id='word_1_200' title='bbox 1266 2677 1440 2754; x_wconf 87' lang='lat' dir='ltr'><strong>ex[igunto],</strong></span> 
     </span>
     <span class='ocr_line' id='line_1_25' title="bbox 289 2777 1439 2851; baseline -0.001 -16"><span class='ocrx_word' id='word_1_201' title='bbox 289 2779 504 2848; x_wconf 84' lang='lat' dir='ltr'><strong>indicantoquc.</strong></span> <span class='ocrx_word' id='word_1_202' title='bbox 529 2777 687 2849; x_wconf 82' lang='lat' dir='ltr'><strong>eodemque</strong></span> <span class='ocrx_word' id='word_1_203' title='bbox 710 2779 773 2836; x_wconf 89' lang='lat' dir='ltr'><strong>iure</strong></span> <span class='ocrx_word' id='word_1_204' title='bbox 799 2784 895 2849; x_wconf 90' lang='lat' dir='ltr'><strong>sunto,</strong></span> <span class='ocrx_word' id='word_1_205' title='bbox 920 2779 962 2835; x_wconf 91' lang='lat' dir='ltr'><strong>nti</strong></span> <span class='ocrx_word' id='word_1_206' title='bbox 986 2794 1022 2834; x_wconf 85' lang='lat' dir='ltr'><strong>ex</strong></span> <span class='ocrx_word' id='word_1_207' title='bbox 1044 2777 1161 2851; x_wconf 87' lang='lat' dir='ltr'><strong>legibus</strong></span> <span class='ocrx_word' id='word_1_208' title='bbox 1182 2778 1346 2851; x_wconf 88' lang='lat' dir='ltr'><strong>plebeique</strong></span> <span class='ocrx_word' id='word_1_209' title='bbox 1364 2778 1439 2836; x_wconf 82' lang='lat' dir='ltr'><strong>scitia</strong></span> 
     </span>
     <span class='ocr_line' id='line_1_26' title="bbox 287 2869 1439 2951; baseline -0.001 -17"><span class='ocrx_word' id='word_1_210' title='bbox 287 2877 405 2947; x_wconf 83' lang='lat' dir='ltr'><strong>exigere</strong></span> <span class='ocrx_word' id='word_1_211' title='bbox 437 2877 628 2944; x_wconf 88' lang='lat' dir='ltr'><strong>iudicareque</strong></span> <span class='ocrx_word' id='word_1_212' title='bbox 659 2892 782 2947; x_wconf 89' lang='lat' dir='ltr'><strong>esseque</strong></span> <span class='ocrx_word' id='word_1_213' title='bbox 810 2883 937 2949; x_wconf 85' lang='lat' dir='ltr'><strong>oportet.</strong></span> <span class='ocrx_word' id='word_1_214' title='bbox 988 2871 1068 2935; x_wconf 85' lang='lat' dir='ltr'><strong>Item</strong></span> <span class='ocrx_word' id='word_1_215' title='bbox 1099 2871 1178 2936; x_wconf 83' lang='lat' dir='ltr'><strong>Galo</strong></span> <span class='ocrx_word' id='word_1_216' title='bbox 1208 2871 1247 2935; x_wconf 91' lang='lat' dir='ltr'><strong>R.</strong></span> <span class='ocrx_word' id='word_1_217' title='bbox 1279 2872 1316 2936; x_wconf 73' lang='lat' dir='ltr'>R</span> <span class='ocrx_word' id='word_1_218' title='bbox 1346 2869 1439 2951; x_wconf 83' lang='lat' dir='ltr'><strong>praef.</strong></span> 
     </span>
     <span class='ocr_line' id='line_1_27' title="bbox 287 2966 1440 3048; baseline -0.003 -16"><span class='ocrx_word' id='word_1_219' title='bbox 287 2966 304 3048; x_wconf 63' lang='grc' dir='ltr'><strong>ἓ</strong></span> <span class='ocrx_word' id='word_1_220' title='bbox 332 2977 369 3032; x_wconf 84' lang='grc'><strong>4;</strong></span> <span class='ocrx_word' id='word_1_221' title='bbox 406 2976 443 3031; x_wconf 80' lang='lat' dir='ltr'><strong>At</strong></span> <span class='ocrx_word' id='word_1_222' title='bbox 474 2990 509 3030; x_wconf 78' lang='lat' dir='ltr'><strong>ex</strong></span> <span class='ocrx_word' id='word_1_223' title='bbox 543 2974 684 3044; x_wconf 76' lang='lat' dir='ltr'><strong>agricolis</strong></span> <span class='ocrx_word' id='word_1_224' title='bbox 713 2979 744 3031; x_wconf 92' lang='lat' dir='ltr'><strong>et</strong></span> <span class='ocrx_word' id='word_1_225' title='bbox 772 2975 827 3032; x_wconf 82' lang='lat' dir='ltr'><strong>riri</strong></span> <span class='ocrx_word' id='word_1_226' title='bbox 862 2971 1016 3032; x_wconf 83' lang='lat' dir='ltr'><strong>fortissimi</strong></span> <span class='ocrx_word' id='word_1_227' title='bbox 1043 2981 1074 3032; x_wconf 93' lang='lat' dir='ltr'><strong>et</strong></span> <span class='ocrx_word' id='word_1_228' title='bbox 1101 2974 1210 3033; x_wconf 88' lang='lat' dir='ltr'><strong>milites</strong></span> <span class='ocrx_word' id='word_1_229' title='bbox 1243 2972 1440 3033; x_wconf 79' lang='lat' dir='ltr'><strong>strenuissimi</strong></span> 
     </span>
     <span class='ocr_line' id='line_1_28' title="bbox 285 3071 1440 3145; baseline 0 -19"><span class='ocrx_word' id='word_1_230' title='bbox 285 3071 462 3145; x_wconf 85' lang='lat' dir='ltr'><strong>gignuntur,</strong></span> <span class='ocrx_word' id='word_1_231' title='bbox 487 3072 669 3141; x_wconf 79' lang='lat' dir='ltr'><strong>maximeque</strong></span> <span class='ocrx_word' id='word_1_232' title='bbox 696 3074 763 3144; x_wconf 88' lang='lat' dir='ltr'><strong>pius</strong></span> <span class='ocrx_word' id='word_1_233' title='bbox 786 3077 926 3145; x_wconf 84' lang='lat' dir='ltr'><strong>quaestus</strong></span> <span class='ocrx_word' id='word_1_234' title='bbox 949 3071 1215 3142; x_wconf 87' lang='lat' dir='ltr'><strong>stabilissimusque</strong></span> <span class='ocrx_word' id='word_1_235' title='bbox 1239 3072 1440 3144; x_wconf 86' lang='lat' dir='ltr'><strong>consequitur,</strong></span> 
     </span>
     <span class='ocr_line' id='line_1_29' title="bbox 285 3169 1439 3242; baseline -0.002 -16"><span class='ocrx_word' id='word_1_236' title='bbox 285 3169 461 3240; x_wconf 70' lang='lat' dir='ltr'><strong>minimeque</strong></span> <span class='ocrx_word' id='word_1_237' title='bbox 484 3169 561 3226; x_wconf 83' lang='lat' dir='ltr'><strong>niele</strong></span> <span class='ocrx_word' id='word_1_238' title='bbox 592 3169 758 3240; x_wconf 81' lang='lat' dir='ltr'><strong>cogitantes</strong></span> <span class='ocrx_word' id='word_1_239' title='bbox 783 3176 866 3239; x_wconf 80' lang='lat' dir='ltr'><strong>sulit,</strong></span> <span class='ocrx_word' id='word_1_240' title='bbox 896 3171 944 3242; x_wconf 86' lang='lat' dir='ltr'><strong>qni</strong></span> <span class='ocrx_word' id='word_1_241' title='bbox 968 3171 998 3227; x_wconf 94' lang='lat' dir='ltr'><strong>in</strong></span> <span class='ocrx_word' id='word_1_242' title='bbox 1021 3186 1057 3227; x_wconf 93' lang='lat' dir='ltr'><strong>eo</strong></span> <span class='ocrx_word' id='word_1_243' title='bbox 1080 3170 1177 3228; x_wconf 88' lang='lat' dir='ltr'><strong>studio</strong></span> <span class='ocrx_word' id='word_1_244' title='bbox 1201 3170 1346 3241; x_wconf 89' lang='lat' dir='ltr'><strong>occupati</strong></span> <span class='ocrx_word' id='word_1_245' title='bbox 1369 3175 1439 3226; x_wconf 85' lang='lat' dir='ltr'><strong>sunt</strong></span> 
     </span>
     <span class='ocr_line' id='line_1_30' title="bbox 287 3262 1440 3342; baseline 0 -17"><span class='ocrx_word' id='word_1_246' title='bbox 287 3263 324 3326; x_wconf 90' lang='lat' dir='ltr'><strong>H.</strong></span> <span class='ocrx_word' id='word_1_247' title='bbox 349 3263 368 3326; x_wconf 93' lang='lat' dir='ltr'><strong>l.</strong></span> <span class='ocrx_word' id='word_1_248' title='bbox 392 3264 528 3342; x_wconf 87' lang='lat' dir='ltr'><strong>primurn</strong></span> <span class='ocrx_word' id='word_1_249' title='bbox 562 3268 594 3325; x_wconf 86' lang='lat' dir='ltr'><strong>et</strong></span> <span class='ocrx_word' id='word_1_250' title='bbox 617 3267 780 3339; x_wconf 80' lang='lat' dir='ltr'><strong>quar-turn,</strong></span> <span class='ocrx_word' id='word_1_251' title='bbox 805 3263 978 3327; x_wconf 88' lang='lat' dir='ltr'><strong>secundum</strong></span> <span class='ocrx_word' id='word_1_252' title='bbox 1009 3268 1041 3327; x_wconf 89' lang='lat' dir='ltr'><strong>et</strong></span> <span class='ocrx_word' id='word_1_253' title='bbox 1069 3263 1199 3326; x_wconf 84' lang='lat' dir='ltr'><strong>tertium</strong></span> <span class='ocrx_word' id='word_1_254' title='bbox 1223 3282 1281 3336; x_wconf 86' lang='lat' dir='ltr'><strong>que</strong></span> <span class='ocrx_word' id='word_1_255' title='bbox 1303 3262 1440 3326; x_wconf 86' lang='lat' dir='ltr'><strong>interae</strong></span> 
     </span>
    </p>
   </div>
   <div class='ocr_carea' id='block_1_3' title="bbox 285 3357 1440 3828">
    <p class='ocr_par' dir='ltr' id='par_1_6' title="bbox 285 3357 764 3439">
     <span class='ocr_line' id='line_1_31' title="bbox 285 3357 764 3439; baseline -0.004 -18"><span class='ocrx_word' id='word_1_256' title='bbox 285 3361 317 3421; x_wconf 76' lang='grc' dir='ltr'><strong>ἐκ</strong></span> <span class='ocrx_word' id='word_1_257' title='bbox 339 3357 537 3439; x_wconf 76' lang='grc' dir='ltr'><em>παραλλήλου</em></span> <span class='ocrx_word' id='word_1_258' title='bbox 561 3361 665 3439; x_wconf 70' lang='lat' dir='ltr'><strong>posita</strong></span> <span class='ocrx_word' id='word_1_259' title='bbox 682 3365 764 3423; x_wconf 78' lang='lat' dir='ltr'><strong>sulit.</strong></span> 
     </span>
    </p>

    <p class='ocr_par' dir='ltr' id='par_1_7' title="bbox 285 3456 1440 3828">
     <span class='ocr_line' id='line_1_32' title="bbox 373 3456 1439 3536; baseline -0.002 -15"><span class='ocrx_word' id='word_1_260' title='bbox 373 3457 434 3521; x_wconf 85' lang='lat' dir='ltr'><strong>Sed</strong></span> <span class='ocrx_word' id='word_1_261' title='bbox 457 3459 586 3536; x_wconf 88' lang='lat' dir='ltr'><strong>ponitur</strong></span> <span class='ocrx_word' id='word_1_262' title='bbox 609 3478 664 3532; x_wconf 89' lang='lat' dir='ltr'><strong>que</strong></span> <span class='ocrx_word' id='word_1_263' title='bbox 691 3457 787 3520; x_wconf 84' lang='lat' dir='ltr'><strong>etiarn</strong></span> <span class='ocrx_word' id='word_1_264' title='bbox 816 3456 847 3520; x_wconf 92' lang='lat' dir='ltr'><strong>in</strong></span> <span class='ocrx_word' id='word_1_265' title='bbox 875 3457 977 3536; x_wconf 87' lang='lat' dir='ltr'><strong>prima</strong></span> <span class='ocrx_word' id='word_1_266' title='bbox 1000 3456 1238 3533; x_wconf 69' lang='lat' dir='ltr'><strong>attaminatione,</strong></span> <span class='ocrx_word' id='word_1_267' title='bbox 1272 3457 1363 3521; x_wconf 88' lang='lat' dir='ltr'><strong>nulla</strong></span> <span class='ocrx_word' id='word_1_268' title='bbox 1384 3457 1439 3521; x_wconf 87' lang='lat' dir='ltr'><strong>alia</strong></span> 
     </span>
     <span class='ocr_line' id='line_1_33' title="bbox 285 3553 1440 3635; baseline 0.003 -18"><span class='ocrx_word' id='word_1_269' title='bbox 285 3554 510 3631; x_wconf 80' lang='lat' dir='ltr'><strong>antecedente,</strong></span> <span class='ocrx_word' id='word_1_270' title='bbox 543 3560 576 3618; x_wconf 89' lang='lat' dir='ltr'><strong>et</strong></span> <span class='ocrx_word' id='word_1_271' title='bbox 605 3563 784 3634; x_wconf 79' lang='lat' dir='ltr'><strong>sequuntur</strong></span> <span class='ocrx_word' id='word_1_272' title='bbox 812 3553 893 3618; x_wconf 90' lang='lat' dir='ltr'><strong>aliae</strong></span> <span class='ocrx_word' id='word_1_273' title='bbox 916 3555 992 3618; x_wconf 92' lang='lat' dir='ltr'><strong>item</strong></span> <span class='ocrx_word' id='word_1_274' title='bbox 1016 3572 1074 3632; x_wconf 89' lang='lat' dir='ltr'><strong>per·</strong></span> <span class='ocrx_word' id='word_1_275' title='bbox 1101 3572 1156 3627; x_wconf 86' lang='lat' dir='ltr'><strong>que</strong></span> <span class='ocrx_word' id='word_1_276' title='bbox 1178 3562 1236 3619; x_wconf 89' lang='lat' dir='ltr'><strong>aut</strong></span> <span class='ocrx_word' id='word_1_277' title='bbox 1259 3572 1321 3635; x_wconf 90' lang='lat' dir='ltr'><strong>per</strong></span> <span class='ocrx_word' id='word_1_278' title='bbox 1344 3564 1372 3617; x_wconf 83' lang='lat' dir='ltr'><strong>ei</strong></span> <span class='ocrx_word' id='word_1_279' title='bbox 1393 3555 1440 3620; x_wconf 90' lang='lat' dir='ltr'><strong>od-</strong></span> 
     </span>
     <span class='ocr_line' id='line_1_34' title="bbox 285 3651 1440 3732; baseline 0.003 -18"><span class='ocrx_word' id='word_1_280' title='bbox 285 3652 421 3716; x_wconf 87' lang='lat' dir='ltr'><strong>iunotae.</strong></span> <span class='ocrx_word' id='word_1_281' title='bbox 467 3652 701 3731; x_wconf 83' lang='lat' dir='ltr'><strong>Nonnunquam</strong></span> <span class='ocrx_word' id='word_1_282' title='bbox 730 3652 827 3716; x_wconf 89' lang='lat' dir='ltr'><strong>tertia</strong></span> <span class='ocrx_word' id='word_1_283' title='bbox 857 3653 1037 3718; x_wconf 82' lang='lat' dir='ltr'><strong>errttnciatio</strong></span> <span class='ocrx_word' id='word_1_284' title='bbox 1067 3651 1163 3715; x_wconf 88' lang='lat' dir='ltr'><strong>etiam</strong></span> <span class='ocrx_word' id='word_1_285' title='bbox 1193 3670 1252 3732; x_wconf 90' lang='lat' dir='ltr'><strong>per</strong></span> <span class='ocrx_word' id='word_1_286' title='bbox 1275 3663 1367 3730; x_wconf 85' lang='lat' dir='ltr'><strong>utque</strong></span> <span class='ocrx_word' id='word_1_287' title='bbox 1392 3654 1440 3718; x_wconf 88' lang='lat' dir='ltr'><strong>ad·</strong></span> 
     </span>
     <span class='ocr_line' id='line_1_35' title="bbox 286 3748 1439 3828; baseline -0.001 -16"><span class='ocrx_word' id='word_1_288' title='bbox 286 3750 438 3828; x_wconf 87' lang='lat' dir='ltr'><strong>iungitur.</strong></span> <span class='ocrx_word' id='word_1_289' title='bbox 485 3748 536 3814; x_wconf 85' lang='lat' dir='ltr'><strong>Sic</strong></span> <span class='ocrx_word' id='word_1_290' title='bbox 567 3749 627 3814; x_wconf 87' lang='lat' dir='ltr'><strong>hae</strong></span> <span class='ocrx_word' id='word_1_291' title='bbox 658 3750 799 3816; x_wconf 85' lang='lat' dir='ltr'><strong>existunt</strong></span> <span class='ocrx_word' id='word_1_292' title='bbox 826 3749 994 3815; x_wconf 85' lang='lat' dir='ltr'><strong>formulae:</strong></span> <span class='ocrx_word' id='word_1_293' title='bbox 1023 3770 1078 3825; x_wconf 86' lang='lat' dir='ltr'><strong>que</strong></span> <span class='ocrx_word' id='word_1_294' title='bbox 1099 3784 1142 3793; x_wconf 95' lang='lat'>-</span> <span class='ocrx_word' id='word_1_295' title='bbox 1163 3771 1237 3825; x_wconf 87' lang='lat' dir='ltr'><strong>que,</strong></span> <span class='ocrx_word' id='word_1_296' title='bbox 1267 3773 1325 3827; x_wconf 86' lang='lat' dir='ltr'><strong>que</strong></span> <span class='ocrx_word' id='word_1_297' title='bbox 1347 3788 1390 3797; x_wconf 98' lang='lat'><strong>—</strong></span> <span class='ocrx_word' id='word_1_298' title='bbox 1409 3758 1439 3812; x_wconf 86' lang='lat' dir='ltr'><strong>et.</strong></span> 
     </span>
    </p>
   </div>
   <div class='ocr_carea' id='block_1_4' title="bbox 282 3855 1439 4417">
    <p class='ocr_par' dir='ltr' id='par_1_8' title="bbox 282 3855 1439 4417">
     <span class='ocr_line' id='line_1_36' title="bbox 285 3855 1438 3924; baseline 0.003 -16"><span class='ocrx_word' id='word_1_299' title='bbox 285 3866 406 3920; x_wconf 88' lang='lat' dir='ltr'><strong>que-</strong></span> <span class='ocrx_word' id='word_1_300' title='bbox 436 3866 491 3921; x_wconf 88' lang='lat' dir='ltr'><strong>que</strong></span> <span class='ocrx_word' id='word_1_301' title='bbox 517 3881 559 3890; x_wconf 97' lang='lat'>—</span> <span class='ocrx_word' id='word_1_302' title='bbox 589 3855 634 3916; x_wconf 84' lang='lat' dir='ltr'><strong>ei,</strong></span> <span class='ocrx_word' id='word_1_303' title='bbox 675 3867 751 3922; x_wconf 88' lang='lat' dir='ltr'><strong>quae</strong></span> <span class='ocrx_word' id='word_1_304' title='bbox 772 3856 865 3910; x_wconf 84' lang='lat' dir='ltr'><strong>—et</strong></span> <span class='ocrx_word' id='word_1_305' title='bbox 887 3883 929 3894; x_wconf 95' lang='lat'><em>-</em></span> <span class='ocrx_word' id='word_1_306' title='bbox 951 3858 995 3919; x_wconf 86' lang='lat' dir='ltr'><strong>et,</strong></span> <span class='ocrx_word' id='word_1_307' title='bbox 1035 3868 1089 3923; x_wconf 86' lang='lat' dir='ltr'><strong>que</strong></span> <span class='ocrx_word' id='word_1_308' title='bbox 1120 3883 1161 3892; x_wconf 90' lang='lat'>-</span> <span class='ocrx_word' id='word_1_309' title='bbox 1191 3868 1247 3922; x_wconf 87' lang='lat' dir='ltr'><strong>que</strong></span> <span class='ocrx_word' id='word_1_310' title='bbox 1279 3882 1320 3894; x_wconf 92' lang='lat'><strong>--</strong></span> <span class='ocrx_word' id='word_1_311' title='bbox 1352 3857 1438 3924; x_wconf 75' lang='lat' dir='ltr'><strong>utque</strong></span> 
     </span>
     <span class='ocr_line' id='line_1_37' title="bbox 284 3945 1437 4027; baseline 0.004 -21"><span class='ocrx_word' id='word_1_312' title='bbox 284 3964 339 4018; x_wconf 84' lang='lat' dir='ltr'><strong>que</strong></span> <span class='ocrx_word' id='word_1_313' title='bbox 362 3951 453 4004; x_wconf 87' lang='lat' dir='ltr'><strong>—et</strong></span> <span class='ocrx_word' id='word_1_314' title='bbox 476 3979 516 3988; x_wconf 91' lang='lat'>—</span> <span class='ocrx_word' id='word_1_315' title='bbox 540 3952 636 4019; x_wconf 83' lang='lat' dir='ltr'><strong>utque.</strong></span> <span class='ocrx_word' id='word_1_316' title='bbox 682 3946 836 4027; x_wconf 84' lang='lat' dir='ltr'><strong>Exelnpla</strong></span> <span class='ocrx_word' id='word_1_317' title='bbox 866 3954 940 4012; x_wconf 85' lang='lat' dir='ltr'><strong>sunt</strong></span> <span class='ocrx_word' id='word_1_318' title='bbox 971 3947 1075 4012; x_wconf 89' lang='lat' dir='ltr'><strong>Plant.</strong></span> <span class='ocrx_word' id='word_1_319' title='bbox 1105 3945 1219 4024; x_wconf 82' lang='lat' dir='ltr'><strong>Amph.</strong></span> <span class='ocrx_word' id='word_1_320' title='bbox 1254 3948 1336 4025; x_wconf 87' lang='lat' dir='ltr'><strong>prol.</strong></span> <span class='ocrx_word' id='word_1_321' title='bbox 1357 3967 1385 4011; x_wconf 78' lang='lat' dir='ltr'><strong>u.</strong></span> <span class='ocrx_word' id='word_1_322' title='bbox 1408 3952 1437 4011; x_wconf 78' lang='lat'><strong>5:</strong></span> 
     </span>
     <span class='ocr_line' id='line_1_38' title="bbox 282 4046 1439 4123; baseline 0.004 -23"><span class='ocrx_word' id='word_1_323' title='bbox 282 4046 460 4117; x_wconf 78' lang='lat' dir='ltr'><strong>peregrique</strong></span> <span class='ocrx_word' id='word_1_324' title='bbox 493 4050 519 4103; x_wconf 87' lang='lat' dir='ltr'><strong>ct</strong></span> <span class='ocrx_word' id='word_1_325' title='bbox 555 4046 642 4105; x_wconf 85' lang='lat' dir='ltr'><strong>domi.</strong></span> <span class='ocrx_word' id='word_1_326' title='bbox 688 4063 714 4108; x_wconf 92' lang='lat' dir='ltr'><strong>v.</strong></span> <span class='ocrx_word' id='word_1_327' title='bbox 741 4051 776 4108; x_wconf 88' lang='lat'><strong>7:</strong></span> <span class='ocrx_word' id='word_1_328' title='bbox 810 4050 947 4122; x_wconf 73' lang='lat' dir='ltr'><strong>Quasque</strong></span> <span class='ocrx_word' id='word_1_329' title='bbox 975 4050 1130 4123; x_wconf 87' lang='lat' dir='ltr'><strong>incepistis</strong></span> <span class='ocrx_word' id='word_1_330' title='bbox 1164 4063 1213 4105; x_wconf 91' lang='lat' dir='ltr'><strong>res</strong></span> <span class='ocrx_word' id='word_1_331' title='bbox 1241 4065 1375 4121; x_wconf 84' lang='lat' dir='ltr'><strong>quasque</strong></span> <span class='ocrx_word' id='word_1_332' title='bbox 1401 4049 1439 4105; x_wconf 90' lang='lat' dir='ltr'><strong>in·</strong></span> 
     </span>
     <span class='ocr_line' id='line_1_39' title="bbox 284 4139 1247 4221; baseline 0.008 -23"><span class='ocrx_word' id='word_1_333' title='bbox 284 4142 452 4214; x_wconf 87' lang='lat' dir='ltr'><strong>ceptabilis.</strong></span> <span class='ocrx_word' id='word_1_334' title='bbox 498 4139 565 4204; x_wconf 79' lang='lat' dir='ltr'><strong>Liu</strong></span> <span class='ocrx_word' id='word_1_335' title='bbox 591 4140 821 4207; x_wconf 71' lang='lat' dir='ltr'><strong>alternitate.</strong></span> <span class='ocrx_word' id='word_1_336' title='bbox 847 4144 906 4208; x_wconf 87' lang='lat' dir='ltr'><strong>ine.</strong></span> <span class='ocrx_word' id='word_1_337' title='bbox 930 4144 990 4209; x_wconf 90' lang='lat' dir='ltr'><strong>fob.</strong></span> <span class='ocrx_word' id='word_1_338' title='bbox 1017 4152 1050 4221; x_wconf 89' lang='lat'><strong>3,</strong></span> <span class='ocrx_word' id='word_1_339' title='bbox 1075 4161 1102 4204; x_wconf 89' lang='lat' dir='ltr'><strong>v.</strong></span> <span class='ocrx_word' id='word_1_340' title='bbox 1128 4146 1168 4206; x_wconf 90' lang='lat'><strong>30</strong></span> <span class='ocrx_word' id='word_1_341' title='bbox 1184 4158 1247 4220; x_wconf 74' lang='lat' dir='ltr'><strong>sq:</strong></span> 
     </span>
     <span class='ocr_line' id='line_1_40' title="bbox 924 4243 1243 4316; baseline -0.009 -12"><span class='ocrx_word' id='word_1_342' title='bbox 924 4247 1077 4316; x_wconf 86' lang='lat' dir='ltr'><strong>celsosque</strong></span> <span class='ocrx_word' id='word_1_343' title='bbox 1099 4245 1128 4302; x_wconf 89' lang='lat' dir='ltr'><strong>in</strong></span> <span class='ocrx_word' id='word_1_344' title='bbox 1153 4243 1243 4313; x_wconf 89' lang='lat' dir='ltr'><strong>ocris,</strong></span> 
     </span>
     <span class='ocr_line' id='line_1_41' title="bbox 497 4343 1076 4417; baseline -0.002 -17"><span class='ocrx_word' id='word_1_345' title='bbox 497 4343 633 4412; x_wconf 85' lang='lat' dir='ltr'><strong>Arvaque</strong></span> <span class='ocrx_word' id='word_1_346' title='bbox 654 4344 754 4414; x_wconf 88' lang='lat' dir='ltr'><strong>putria</strong></span> <span class='ocrx_word' id='word_1_347' title='bbox 777 4348 805 4402; x_wconf 85' lang='lat' dir='ltr'><strong>et</strong></span> <span class='ocrx_word' id='word_1_348' title='bbox 827 4360 908 4403; x_wconf 88' lang='lat' dir='ltr'><strong>mare</strong></span> <span class='ocrx_word' id='word_1_349' title='bbox 932 4360 1076 4417; x_wconf 84' lang='lat' dir='ltr'><strong>maguum.</strong></span> 
     </span>
    </p>
   </div>
   <div class='ocr_carea' id='block_1_5' title="bbox 0 0 1571 5075">
    <p class='ocr_par' dir='ltr' id='par_1_9' title="bbox 0 0 1571 5075">
     <span class='ocr_line' id='line_1_42' title="bbox 0 0 1571 5075; baseline 0 0"><span class='ocrx_word' id='word_1_350' title='bbox 0 0 1571 5075; x_wconf 95' lang='lat' dir='ltr'><strong> </strong></span> 
     </span>
    </p>
   </div>
  </div>
 </body>
</html>
