3125 5075
576 406 723 447 nonnullus
753 407 986 448 effliculanultll.
1298 417 1358 478 299

203 591 292 656 bium
324 594 463 657 omnium
494 595 643 659 horarum
671 614 709 661 aa
743 595 957 677 temporum.“
1002 595 1109 660 Lino:
1144 598 1257 672 η0155,
1281 604 1359 661 tum.

200 689 299 754 etiam
326 690 359 755 in
386 692 656 759 demonstratione
688 696 831 775 ponitur,
868 701 904 758 ut
933 695 963 758 h.
987 693 1007 757 l.
1034 693 1228 759 Insolentior
1255 700 1361 759 tamen

199 792 255 853 est
277 789 366 853 notio
390 808 437 865 ea,
460 808 524 870 qua
546 792 627 855 idem
652 797 744 857 notat
766 793 851 872 quod
868 793 1027 858 Graecum
1048 788 1139 867 ποτὶ,
1162 790 1362 857 indefinitum

203 891 333 966 tempus
366 887 587 969 significans.“
631 890 726 953 Poen.
750 889 781 968 Ι,
812 896 844 962 2,
877 896 953 955 143:
987 894 1045 952 uisi
1081 894 1162 952 illam
1197 893 1268 951 mihi
1302 900 1362 952 tam

191 987 398 1060 tranquillam
428 988 519 1063 facis,
555 991 646 1062 Quom
678 1008 760 1050 mare
788 991 903 1066 olimst,
937 1007 1024 1065 quom
1057 991 1097 1049 ibi
1131 990 1235 1050 alcedo
1265 991 1363 1064 pullos

204 1083 308 1143 edocit
330 1102 408 1145 suos.
440 1082 524 1147 Trin.
548 1083 595 1163 ΙΙ,
618 1090 652 1154 4,
679 1090 755 1151 Ι22;
779 1090 906 1148 Primum
931 1091 1057 1149 omnium
1080 1089 1150 1147 otim
1173 1095 1256 1146 terra
1278 1104 1364 1159 quom

204 1180 425 1258 proscinditur,
459 1182 499 1244 ad
527 1198 556 1261 q.
586 1182 606 1246 l.
637 1183 795 1248 Lindem:
831 1186 935 1261 „olim
957 1218 1000 1230 -
1029 1204 1132 1261 quom,
1167 1182 1193 1247 si
1228 1182 1363 1262 quando·

202 1276 283 1337 Olim
310 1276 393 1340 enim
422 1296 469 1358 pr.
500 1277 655 1344 indefiniti
683 1281 838 1359 temporis
865 1282 1066 1359 adverbium,
1089 1280 1299 1361 aliquando.“
1321 1314 1365 1323 —

205 1371 335 1438 Dicitur
357 1374 452 1439 etiam
476 1379 545 1437 olim
569 1411 608 1422 —
632 1379 780 1452 quondm
804 1386 837 1443 et.
858 1384 921 1440 iam
942 1383 1019 1440 otior.
1064 1379 1191 1443 Terent.
1214 1378 1296 1442 Eun.
1319 1377 1363 1457 11,

205 1473 238 1549 2,
265 1473 317 1534 lo:
342 1473 420 1534 otim
443 1477 493 1536 isti
516 1475 571 1535 luit
587 1481 691 1551 generi
706 1478 854 1550 quondam
869 1487 1012 1555 quaestus
1028 1478 1107 1551 apud
1122 1479 1253 1539 saeelum
1270 1480 1363 1552 prius.

206 1565 268 1641 ΙΙΙ,
293 1574 322 1647 5,
345 1574 401 1634 39:
426 1580 458 1632 et
480 1576 549 1648 quia
579 1576 761 1635 consimilem
787 1578 901 1637 luserat
927 1578 998 1635 Iam
1024 1577 1094 1636 olim
1117 1578 1168 1635 illo
1198 1575 1312 1648 ludum,
1335 1593 1364 1636 v.

203 1665 282 1730 Ern.
306 1665 381 1747 Syn.
404 1668 429 1746 Ι,
453 1686 482 1748 p.
501 1675 572 1733 370.
591 1706 631 1716 -
647 1673 792 1746 Perpetuo
815 1671 917 1736 Plaut.
942 1672 1036 1737 Most.
1060 1670 1123 1751 111,
1153 1678 1179 1750 l,
1204 1676 1253 1735 23.
1278 1670 1363 1736 Men.

206 1762 245 1840 V,
269 1769 304 1842 9,
327 1769 385 1829 88;
416 1777 449 1828 51
469 1771 549 1833 liber
573 1775 714 1843 perpetuo
747 1773 830 1830 siem.
876 1768 975 1834 Mero.
999 1789 1027 1831 v.
1054 1774 1125 1835 373.
1155 1769 1241 1832 Pers.
1266 1767 1308 1843 11,
1332 1774 1363 1844 4,

210 1865 260 1924 10.
289 1860 416 1938 Terent.
445 1865 525 1929 Eun.
550 1863 587 1943 V,
612 1871 645 1941 8,
673 1872 726 1930 13;
753 1869 902 1945 Numquid
925 1877 1021 1928 -tu
1051 1870 1185 1944 dubitas,
1216 1870 1285 1943 quin
1310 1884 1365 1941 ego

204 1978 287 2020 nouo
318 1968 458 2035 perpetuo
486 1965 652 2039 perierim?
695 1966 766 2026 Post
788 1963 869 2045 legg.
893 1965 957 2030 XII
984 1966 1047 2030 tab.
1071 1963 1135 2039 111,
1164 1963 1203 2027 fr·
1228 1968 1260 2027 2:
1296 1967 1366 2025 Post

204 2059 325 2121 deinde.
369 2058 472 2125 Plaut
499 2059 702 2139 Aul.11,2,
727 2067 775 2126 71.
811 2061 1116 2142 Epid.11,a,64:
1146 2066 1274 2139 Egomet
1293 2066 1366 2135 post,

206 2158 259 2216 ubi
282 2159 351 2217 illas
377 2161 476 2221 audiui
500 2162 601 2235 loqui,
627 2162 718 2235 Coepi
741 2180 856 2220 rursum
880 2180 998 2221 vorsum
1021 2164 1058 2221 ad
1082 2164 1150 2222 illas
1178 2162 1366 2235 pauxillatim

207 2256 366 2324 assedere.
411 2254 606 2320 Menaechm.
634 2254 699 2333 ΙΙΙ,
722 2263 758 2335 2,
782 2262 801 2319 8
825 2255 918 2336 (=v.
943 2259 1031 2332 stitit:
1060 2263 1130 2333 post
1153 2260 1240 2318 adibo
1277 2264 1365 2332 atque

207 2353 366 2427 adloquar.
398 2351 524 2417 Terent.
549 2355 646 2420 Andr.
670 2354 708 2431 V,
732 2361 762 2432 4,
788 2360 843 2419 33:
871 2359 1004 2429 postibi
1026 2375 1104 2417 nono
1126 2357 1253 2431 primum
1277 2355 1365 2414 audio

207 2451 288 2523 Quid
310 2452 364 2512 illo
387 2455 427 2512 sit
449 2452 567 2526 tostum.
594 2486 627 2497 -
656 2453 741 2513 Poste
762 2451 865 2515 Plant.
889 2452 986 2517 Mero.
1009 2451 1051 2532 II,
1075 2457 1104 2531 3,
1122 2455 1179 2517 36:
1202 2453 1288 2512 Posts
1310 2454 1366 2511 hae

208 2555 299 2608 noete
323 2568 381 2611 non
405 2552 503 2626 quievi
527 2554 600 2612 satie
624 2571 691 2611 mes
712 2570 749 2611 ex
773 2556 939 2628 sententia,
964 2550 994 2614 h.
1018 2570 1046 2615 e.
1069 2555 1248 2630 praeterea.
1294 2547 1367 2618 Ter.

206 2644 311 2709 Andr.
334 2644 393 2724 III,
418 2653 447 2726 2,
470 2652 507 2712 3:
538 2659 624 2724 poste
649 2651 765 2712 deinde.
810 2650 917 2710 Postea
943 2647 1041 2713 Naev.
1065 2647 1247 2728 Agitatoria
1273 2644 1311 2709 fr.
1339 2650 1366 2722 l,

207 2761 241 2806 u.
265 2747 294 2806 6.
325 2743 404 2808 0515
427 2761 477 2824 ap.
501 2743 587 2808 Iord.
611 2749 665 2819 52,
692 2751 739 2809 14.
764 2746 844 2809 Ε55.
875 2745 985 2826 Epioh.
1008 2765 1038 2810 v.
1062 2750 1090 2810 9.
1122 2745 1193 2811 Ter.
1217 2744 1299 2808 Eun.
1324 2741 1366 2821 Il,

208 2846 242 2917 3,
266 2844 416 2920 sugqun
439 2850 500 2904 tom
517 2847 646 2918 posteo?
690 2843 1219 2922 nd.1v,1‚1s:quiuposeas
1264 2847 1292 2920 5,
1317 2844 1368 2905 26.

206 2939 340 3000 Posthac
360 2938 441 3005 Cato
463 2958 513 3020 ap.
539 2941 621 3006 lord.
647 2947 697 3020 36,
724 2947 770 3006 12.
796 2940 910 3006 Caecil.
935 2942 1014 3007 Stat.
1034 2939 1263 3005 Pausimachus
1284 2937 1321 3001 fr.
1338 2944 1369 3016 4,

208 3052 240 3098 u.
267 3040 336 3100 140.
359 3035 431 3101 Ter.
455 3040 551 3103 Andr.
576 3040 654 3119 prol.
679 3059 706 3102 v.
731 3045 781 3104 26.
805 3039 885 3102 Ε55.
910 3038 948 3114 V,
972 3042 1008 3116 2',
1032 3045 1082 3104 59.
1106 3039 1244 3098 Postidea
1264 3034 1369 3099 Plaut.

210 3131 291 3198 Gist
320 3139 449 3199 caterva
478 3155 507 3200 v.
539 3142 575 3201 3:
614 3141 752 3213 postidea
779 3141 848 3199 loci.
899 3135 992 3200 Troo.
1023 3135 1078 3215 IV,
1102 3140 1138 3210 2,
1168 3139 1207 3199 52
1242 3132 1370 3197 dubitat

210 3230 373 3311 Borgkius
395 3231 508 3300 Philol.
536 3241 626 3315 1861,
651 3235 676 3313 Ι,
698 3253 727 3314 p.
745 3240 786 3298 50
809 3239 916 3298 utrum
940 3232 1141 3299 scribendum
1165 3231 1208 3296 sit
1230 3231 1372 3292 Postidee

210 3333 246 3391 iu
267 3339 298 3390 to
321 3349 439 3392 manum
462 3336 594 3395 iniioiam
618 3336 786 3412 quadrupli,
811 3333 952 3409 venefica,
976 3349 1017 3396 an
1039 3333 1179 3394 Postidoa
1202 3349 1256 3407 ego
1280 3337 1310 3388 te
1331 3348 1370 3389 m.

209 3429 265 3490 ini.
310 3429 437 3490 Postilla
464 3429 536 3494 Ter.
559 3431 641 3496 Eun.
665 3431 695 3509 Ι,
719 3436 753 3501 2,
777 3436 827 3494 47.
859 3431 1050 3493 Postmodum
1079 3428 1173 3491 Ennii
1196 3424 1369 3491 Euhemeri

209 3522 251 3589 fr.
278 3530 326 3600 ll,
358 3530 408 3590 62.
435 3529 587 3589 Postremo
614 3529 717 3593 Plaut.
746 3529 838 3608 Epid.
863 3527 917 3606 IV,
941 3534 974 3606 2,
1005 3533 1063 3591 21;
1093 3530 1243 3589 Postremo
1274 3521 1371 3604 (turp)

211 3627 376 3688 liaeomea
399 3631 489 3702 eulpa
510 3646 568 3689 nou
592 3639 647 3690 est.
693 3627 789 3691 Mero.
815 3646 843 3690 v.
867 3631 937 3713 558,
967 3624 1135 3694 Τ515.ΙΙΙ,
1160 3631 1187 3703 1,
1213 3629 1266 3687 12:
1293 3624 1372 3684 Post·

210 3738 294 3785 rasso
313 3727 422 3799 edepol
438 3744 493 3802 ego
508 3729 606 3787 istene
621 3728 659 3787 ad
674 3746 721 3789 me
736 3746 800 3789 rem
823 3731 952 3788 attinere
975 3728 1127 3800 intellego,
1150 3723 1191 3787 ad
1211 3719 1276 3801 ql.
1299 3720 1375 3784 Lin-

212 3820 315 3885 dum:
343 3819 438 3903 ,turp
485 3821 649 3887 vocabula
672 3824 755 3888 enim
773 3830 922 3899 postremo
945 3829 980 3909 et
999 3824 1123 3896 denique
1145 3838 1241 3901 saepe
1264 3820 1374 3883 dieun-

210 3924 277 3997 tur,
299 3935 397 4000 quum
421 3916 601 4000 significare
623 3921 686 4000 vis,
716 3920 793 3985 nihil
817 3919 1018 4001 cogitationis
1047 3919 1184 4000 amplius
1213 3916 1372 3995 reliquum

211 4034 304 4095 osse,
334 4035 401 4082 rem
431 4016 496 4081 iam
524 4017 564 4082 ad
588 4016 743 4098 liquidum
771 4018 980 4099 perductam,
1013 4017 1104 4095 quasi
1132 4022 1169 4081 tu
1199 4015 1302 4080 dicas:
1338 4016 1375 4075 ut

213 4115 367 4181 brevibus
390 4115 598 4196 complectar,
622 4120 659 4178 ut
681 4133 744 4178 mm
767 4117 865 4180 verbo
889 4115 1002 4192 dicam,
1025 4116 1131 4180 onmia
1147 4114 1187 4179 ad
1202 4113 1262 4179 hoe
1277 4128 1375 4174 unum

212 4211 381 4279 redeunt.“
430 4212 491 4294 ΙΗ,
515 4219 544 4293 2,
568 4216 625 4277 36:
650 4217 690 4276 Et
707 4218 865 4294 postremo,
889 4217 947 4276 nisi
968 4232 1016 4275 mo
1039 4216 1190 4275 auscultas
1207 4215 1296 4290 cett„
1320 4209 1375 4275 ubi

210 4312 321 4379 Lino:
352 4315 410 4393 ,ut
431 4328 498 4376 rem
523 4311 556 4375 iu
578 4308 640 4374 tine
665 4310 872 4391 complectar,
904 4317 940 4374 ut
961 4311 1154 4377 senteutiam
1177 4327 1280 4374 meam
1303 4313 1375 4372 bre·

212 4408 506 4490 11161615115615.ιι
530 4407 648 4474 anoil.
672 4409 752 4474 Stat.
778 4408 959 4490 Synephebi
981 4410 1019 4472 tr.
1048 4415 1073 4484 1,
1096 4427 1125 4474 v.
1149 4413 1221 4473 204.
1245 4406 1374 4471 Terent.
