3125 5075
367 396 557 458 0320128.-
571 395 631 439 run.
645 395 796 441 insnum,
809 391 1115 443 ooeornnoueursns..
1158 408 1162 417 ·
1250 408 1311 473 103

158 582 194 649 si·
211 583 386 650 marinoni
408 582 535 664 satisfit,
565 590 620 649 unt
643 603 742 650 unum
769 589 891 652 contum
913 585 1032 654 iectnm
1055 592 1206 670 tonquem
1227 586 1315 655 futu·

158 685 234 747 rum
255 683 457 763 proponitun
499 681 568 747 Iam
590 682 623 747 in
645 682 828 763 sumptione
849 683 918 749 deti
939 685 972 750 in
993 690 1083 751 recte
1097 684 1225 766 quidem
1240 703 1316 752 ore·

159 778 250 843 tione
284 783 471 845 constanter
501 779 631 859 ponitur
663 780 871 861 indicativus,
904 798 1009 864 neque
1044 784 1148 848 minus
1179 781 1249 848 fero
1281 781 1315 847 in

159 878 383 943 mundatione
407 876 572 956 primorie,
600 893 792 959 quemquem
818 878 851 944 in
879 877 940 944 hee
966 889 1190 961 nonnunqunm
1216 879 1315 945 etism

158 973 323 1038 invonitur
359 974 580 1040 coniunctione
616 975 808 1055 potentialis.
875 976 925 1040 Aci
961 976 1169 1057 sumptionem
1206 965 1315 1043 eutem

159 1070 260 1136 denti
281 1072 367 1151 quod
389 1072 514 1141 attinet,
544 1072 576 1135 in
598 1087 663 1151 qne
683 1071 794 1137 itidem
817 1072 948 1152 ponitur
968 1072 1174 1154 indicetivus,
1202 1074 1229 1139 si
1251 1072 1316 1156 pri·

160 1185 250 1234 mum
273 1173 456 1249 spectamus
485 1169 723 1234 enunciationes
744 1167 1007 1250 frequentatione,
1034 1170 1067 1235 in
1088 1170 1201 1235 hemum
1224 1175 1316 1236 utre·

162 1281 227 1346 quc
258 1273 363 1347 purte,
397 1273 430 1331 et
462 1265 667 1330 conditionali
696 1273 729 1330 et
756 1268 930 1347 sumptim,
962 1268 1152 1349 pierumque
1185 1267 1317 1349 ponitur

163 1381 327 1444 prensens,
350 1380 540 1445 quemquem
564 1362 660 1427 etism
682 1361 894 1443 praeteritum
917 1368 951 1430 ct
972 1365 1115 1430 futurum
1135 1365 1239 1431 locum
1260 1364 1318 1431 hs·

161 1461 240 1527 berc
269 1465 387 1542 potest.
430 1460 468 1525 In
496 1460 601 1524 altero
630 1465 738 1525 sutem
768 1477 885 1540 genere
906 1462 1095 1542 sumptionis
1115 1461 1210 1528 dendi
1231 1461 1317 1543 quei

162 1558 340 1639 posuimus,
372 1558 400 1622 si
429 1558 461 1621 in
483 1558 703 1623 enunciatione
733 1557 887 1637 primerio
909 1564 960 1624 est
980 1559 1123 1624 futurum
1147 1563 1222 1640 (quo
1243 1566 1318 1640 per·

162 1658 269 1721 tinent
290 1656 386 1721 etium
408 1655 612 1735 imperativi),
635 1653 823 1735 plerumque
845 1656 942 1720 etium
958 1656 1118 1736 sumptivo
1138 1654 1317 1722 enunciutio

162 1753 264 1819 hebet
291 1752 434 1818 futurum
457 1754 509 1816 vel
530 1752 672 1816 futurum
697 1756 856 1832 exustum,
885 1752 991 1818 rnriue
1013 1754 1117 1818 estin
1138 1753 1319 1833 sumptious

162 1857 294 1931 tompus
314 1867 467 1930 praesens
490 1854 547 1913 eut
567 1850 794 1930 praeteritum,
823 1848 880 1913 sed
906 1850 1116 1929 praeteritum
1138 1855 1262 1915 tuntum
1284 1850 1318 1914 in

162 1949 307 2014 orauere
325 1947 471 2028 obliquo,
496 1947 549 2011 ubi
561 1946 699 2026 sumptio
710 1944 860 2009 adsciscit
872 1946 1114 2030 coniunctium.
1151 1949 1192 2023 (v.
1207 1944 1319 2012 Ettle·

161 2064 235 2110 rum
250 2064 279 2126 p.
300 2046 490 2119 lte-169).
521 2042 758 2107 Nonubsonum
774 2043 838 2106 erit
859 2043 955 2107 etiem
972 2041 1074 2109 vernt·
1091 2043 1209 2109 Hendii
1231 2049 1318 2109 ottu-
1440 2107 1447 2120 ,

163 2143 241 2209 iisse
254 2142 393 2207 inTsre.
409 2141 462 2219 IV,
485 2159 514 2221 p.
538 2145 601 2204 224
624 2139 663 2203 de
681 2157 740 2203 usu
761 2138 923 2204 indicativi
945 2144 1019 2220 post
1033 2141 1222 2221 porticulum
1243 2143 1317 2205 nisi:

163 2240 224 2321 „ln
253 2241 438 2319 exceptione
466 2237 515 2317 ici,
546 2256 566 2301 u
596 2255 658 2317 quo
692 2235 813 2316 aliquid
842 2236 1014 2317 excipitur,
1036 2255 1096 2319 per
1122 2254 1157 2303 se
1183 2242 1317 2319 constat,

162 2340 309 2419 ideoque,
331 2337 392 2400 nisi
406 2334 552 2400 alicunde
571 2335 695 2398 accedit
709 2332 772 2398 ulis
792 2351 898 2413 ceusu,
920 2352 980 2415 per
993 2335 1199 2400 indicativum
1221 2336 1319 2416 signi-

162 2434 321 2501 ficandum
344 2437 407 2497 est:
430 2432 462 2496 id
484 2437 604 2512 cutem,
626 2429 711 2511 quod
733 2430 906 2512 excipitur,
937 2436 994 2496 out
1019 2432 1051 2495 in
1074 2449 1181 2496 rerum
1204 2442 1320 2497 nature

161 2531 355 2614 conspicitur
381 2535 514 2608 certum,
537 2535 594 2595 sut
609 2527 803 2610 cogitatione
819 2529 996 2611 concipitur
1015 2546 1088 2595 esse
1102 2548 1203 2610 posse.
1248 2529 1319 2595 Hoc

160 2630 396 2698 coniunctivum
420 2628 565 2708 requirit,
588 2627 667 2692 iilud
689 2626 928 2692 indicativum.“

252 2731 281 2802 l)
304 2729 439 2802 Sumptto
471 2728 543 2786 dati.
588 2723 669 2790 Cato
702 2725 733 2788 in
766 2725 846 2806 orig.
876 2725 896 2788 Ι.
926 2723 953 2787 V
985 2722 1079 2804 (oret.
1106 2740 1164 2805 pro
1187 2723 1317 2801 Ruunt:

160 2829 256 2904 siquis
279 2828 421 2888 advorsus
444 2842 507 2884 rem
531 2842 612 2886 susm
634 2825 704 2901 quid
726 2824 793 2885 fieri
816 2824 1012 2901 arbitrantur,
1035 2841 1148 2884 summo
1169 2825 1198 2884 vi
1213 2829 1320 2884 contre

161 2926 279 2985 nititur.
334 2920 397 2986 lb.:
432 2923 505 2983 Idus
537 2922 712 2988 irascimini,
741 2924 835 2997 siquis
865 2923 1023 2995 superbior
1051 2924 1097 2981 est
1125 2938 1211 2997 quem
1243 2919 1318 2982 vost

165 3020 271 3085 Pium.
294 3017 408 3098 Amph.
432 3017 459 3097 1,
482 3024 511 3097 3,
537 3022 590 3081 11:
625 3020 708 3078 Satin
732 3020 831 3085 mou,
852 3020 880 3078 ei
901 3017 1076 3078 feminarum
1099 3022 1209 3079 nnliest
1230 3034 1318 3094 quem

163 3135 259 3195 eoque
283 3118 424 3195 diligomi
452 3114 494 3192 ΙΙ,
518 3120 548 3192 2,
572 3119 634 3178 219
656 3130 741 3193 squ:
766 3115 853 3191 Quid,
872 3117 900 3176 ei
921 3117 1035 3176 adduco
1057 3121 1138 3174 tuum
1161 3121 1319 3190 cognatum

163 3218 223 3278 buc
245 3218 282 3277 eb
305 3219 372 3276 nevi
395 3217 585 3290 Naucratem,
610 3214 668 3285 Qui
689 3230 803 3272 mecum
829 3216 889 3297 ne
910 3220 1029 3273 vectust
1050 3228 1110 3270 nne
1124 3213 1206 3271 nevi:
1229 3220 1319 3285 etque

164 3318 196 3376 ie·
220 3316 247 3375 si
269 3314 397 3386 dencpat
412 3314 516 3380 Fecte,
531 3327 607 3387 quse
630 3320 662 3370 tu
685 3310 767 3370 iectu
789 3312 874 3382 dieis,
898 3310 968 3385 qnid
990 3310 1044 3369 tibi
1061 3311 1214 3382 aequomst
1233 3305 1320 3366 fierit

164 3410 238 3476 riui.
262 3409 322 3486 111,
345 3414 374 3486 2,
403 3414 453 3471 rs:
488 3409 559 3484 qnid
585 3425 740 3468 -curus
768 3408 826 3481 iis,
858 3415 955 3466 ntrnm
984 3406 1106 3465 crudum
1136 3423 1172 3464 en
1202 3412 1320 3464 coctum

165 3511 267 3582 edem,
298 3508 357 3568 nisi
387 3515 419 3566 tu
442 3509 513 3567 mihi
541 3523 571 3566 es
594 3505 696 3566 tutor?
739 3501 799 3578 Ill,
821 3505 850 3580 6,
875 3507 931 3566 22:
967 3504 1050 3575 Quue
1073 3505 1113 3562 mi
1135 3502 1319 3561 interbibere

168 3609 244 3680 eoin,
266 3608 294 3667 ei
315 3607 383 3665 vino
404 3608 508 3675 scatet,
532 3603 771 3665 Corinthiensem
794 3600 907 3662 iontem
930 3603 1057 3661 Pirenen
1074 3604 1178 3675 potest.
1222 3595 1320 3661 Merc.

164 3702 228 3780 ΙΙΙ,
252 3707 280 3779 l,
304 3707 358 3764 21:
382 3702 417 3761 Si
438 3710 528 3761 tenue
549 3701 616 3774 scis,
638 3701 699 3760 ecio
720 3709 751 3758 te
774 3700 896 3759 uberius
918 3717 1005 3774 posse
1029 3714 1110 3758 nere.
1143 3695 1239 3760 Poen.
1264 3691 1321 3772 lv,

165 3804 197 3877 2,
220 3804 275 3864 92:
297 3804 340 3861 At
363 3802 440 3860 errim
463 3799 538 3858 nihil
560 3802 611 3873 cst,
633 3797 703 3864 nisi,
725 3796 794 3856 dum
817 3801 906 3870 celet,
930 3797 986 3857 hoo
1007 3797 1117 3870 opiter.
1161 3791 1200 3870 V,
1217 3796 1246 3868 2,
1262 3794 1321 3854 85:

166 3897 204 3958 Si
229 3900 347 3973 quidem
377 3897 549 3957 Antidsmsi
581 3892 641 3970 (sit
667 3890 777 3965 Both.;
808 3889 890 3972 ΑΘΒ
919 3897 951 3955 et
974 3891 1059 3971 vulg.
1083 3889 1322 3960 Antidemsrchii

165 3998 288 4070 pum
309 3996 534 4069 cdoptutitium,
556 3994 621 4069 Ego
649 4009 716 4051 sum
738 3993 830 4066 ipsus.
876 4008 905 4052 v.
933 3993 992 4052 112
1014 4005 1076 4068 sq.:
1110 3989 1170 4049 Sed
1191 3988 1219 4047 si
1240 3988 1322 4055 ittet,

166 4102 202 4154 ut
222 4102 256 4153 tn
279 4095 321 4153 sis
342 4093 481 4153 lechonis
502 4090 595 4164 filius,
619 4090 738 4163 Signum
763 4106 830 4149 osse
852 4091 965 4161 oportet
984 4089 1015 4146 in
1038 4104 1126 4146 menn
1148 4088 1234 4146 iscus
1256 4084 1321 4144 tibi.

167 4188 257 4252 Pers.
281 4187 325 4268 ΙΙ,
349 4193 377 4266 2,
400 4192 458 4252 45:
482 4190 582 4271 sinte
604 4187 693 4246 omo?
716 4184 809 4248 PAE.
833 4187 914 4245 Melo
937 4203 1058 4260 operum
1081 4185 1165 4242 mous.
1193 4179 1321 4259 Ruit

168 4290 198 4365 2,
221 4293 263 4351 44
286 4301 347 4364 sq.:
382 4288 485 4362 Neque
510 4288 607 4359 petest
627 4285 710 4344 Clam
738 4301 886 4356 moeses,
914 4284 993 4358 eiqni
1022 4281 1190 4352 wmefioat.
1235 4275 1320 4339 Trin.

168 4382 225 4462 IV,
249 4388 277 4459 2,
303 4386 364 4446 116
386 4397 450 4460 etp:
469 4377 634 4445 'Enimuero
657 4400 712 4457 ego
735 4397 814 4440 nunc
837 4381 1041 4454 sucophsntse
1063 4380 1132 4438 huic
1154 4376 1323 4452 sucophan-
