<?xml version="1.0" encoding="UTF-8"?>
<!DOCTYPE html PUBLIC "-//W3C//DTD XHTML 1.0 Transitional//EN"
    "http://www.w3.org/TR/xhtml1/DTD/xhtml1-transitional.dtd">
<html xmlns="http://www.w3.org/1999/xhtml" xml:lang="en" lang="en">
 <head>
  <title>
</title>
<meta http-equiv="Content-Type" content="text/html;charset=utf-8" />
  <meta name='ocr-system' content='tesseract 3.04.00' />
  <meta name='ocr-capabilities' content='ocr_page ocr_carea ocr_par ocr_line ocrx_word'/>
</head>
<body>
  <div class='ocr_page' id='page_1' title='image "./syntaxispriscor00holtgoog_0535.png"; bbox 0 0 3125 5075; ppageno 0'>
   <div class='ocr_carea' id='block_1_1' title="bbox 204 323 912 402">
    <p class='ocr_par' dir='ltr' id='par_1_1' title="bbox 204 323 912 402">
     <span class='ocr_line' id='line_1_1' title="bbox 204 323 912 402; baseline 0 -29"><span class='ocrx_word' id='word_1_1' title='bbox 204 340 245 402; x_wconf 69' lang='lat'><strong>76</strong></span> <span class='ocrx_word' id='word_1_2' title='bbox 442 323 447 331; x_wconf 90' lang='grc'><em>“</em></span> <span class='ocrx_word' id='word_1_3' title='bbox 639 332 758 373; x_wconf 78' lang='lat' dir='ltr'><strong>vnnsuu</strong></span> <span class='ocrx_word' id='word_1_4' title='bbox 787 332 852 372; x_wconf 73' lang='lat' dir='ltr'><strong>ern.</strong></span> <span class='ocrx_word' id='word_1_5' title='bbox 873 332 912 373; x_wconf 67' lang='grc' dir='ltr'><strong>ιι</strong></span> 
     </span>
    </p>
   </div>
   <div class='ocr_carea' id='block_1_2' title="bbox 198 521 1357 4433">
    <p class='ocr_par' dir='ltr' id='par_1_2' title="bbox 198 521 1357 3056">
     <span class='ocr_line' id='line_1_2' title="bbox 201 521 1356 602; baseline -0.001 -19"><span class='ocrx_word' id='word_1_6' title='bbox 201 524 278 584; x_wconf 77' lang='lat' dir='ltr'><strong>didit</strong></span> <span class='ocrx_word' id='word_1_7' title='bbox 306 526 399 585; x_wconf 86' lang='lat' dir='ltr'><strong>solum</strong></span> <span class='ocrx_word' id='word_1_8' title='bbox 429 524 503 585; x_wconf 86' lang='lat' dir='ltr'><strong>dari.</strong></span> <span class='ocrx_word' id='word_1_9' title='bbox 549 521 608 598; x_wconf 91' lang='grc' dir='ltr'>ΙΙΙ,</span> <span class='ocrx_word' id='word_1_10' title='bbox 635 529 662 602; x_wconf 92' lang='lat' dir='ltr'><strong>l,</strong></span> <span class='ocrx_word' id='word_1_11' title='bbox 687 529 722 587; x_wconf 83' lang='lat'><strong>5:</strong></span> <span class='ocrx_word' id='word_1_12' title='bbox 757 527 876 587; x_wconf 89' lang='lat' dir='ltr'><strong>Utinam</strong></span> <span class='ocrx_word' id='word_1_13' title='bbox 910 531 961 583; x_wconf 88' lang='lat' dir='ltr'><strong>aut</strong></span> <span class='ocrx_word' id='word_1_14' title='bbox 992 524 1041 584; x_wconf 88' lang='lat' dir='ltr'><strong>hie</strong></span> <span class='ocrx_word' id='word_1_15' title='bbox 1069 523 1176 583; x_wconf 87' lang='lat' dir='ltr'><strong>snrdns</strong></span> <span class='ocrx_word' id='word_1_16' title='bbox 1206 530 1260 583; x_wconf 87' lang='lat' dir='ltr'><strong>ant</strong></span> <span class='ocrx_word' id='word_1_17' title='bbox 1283 522 1356 582; x_wconf 74' lang='lat' dir='ltr'><strong>haee</strong></span> 
     </span>
     <span class='ocr_line' id='line_1_3' title="bbox 200 616 1355 701; baseline -0.002 -18"><span class='ocrx_word' id='word_1_18' title='bbox 200 629 281 683; x_wconf 80' lang='lat' dir='ltr'><strong>muta</strong></span> <span class='ocrx_word' id='word_1_19' title='bbox 302 621 386 694; x_wconf 76' lang='lat' dir='ltr'><strong>saeta</strong></span> <span class='ocrx_word' id='word_1_20' title='bbox 406 622 453 682; x_wconf 80' lang='lat' dir='ltr'><strong>ait.</strong></span> <span class='ocrx_word' id='word_1_21' title='bbox 497 620 731 701; x_wconf 81' lang='lat' dir='ltr'><strong>Nonnunquam</strong></span> <span class='ocrx_word' id='word_1_22' title='bbox 754 619 931 701; x_wconf 89' lang='lat' dir='ltr'><strong>perfeetum</strong></span> <span class='ocrx_word' id='word_1_23' title='bbox 954 623 1129 699; x_wconf 87' lang='lat' dir='ltr'><strong>usurpatur</strong></span> <span class='ocrx_word' id='word_1_24' title='bbox 1149 618 1192 684; x_wconf 89' lang='lat' dir='ltr'><strong>ab</strong></span> <span class='ocrx_word' id='word_1_25' title='bbox 1215 635 1270 696; x_wconf 89' lang='lat' dir='ltr'><strong>eo,</strong></span> <span class='ocrx_word' id='word_1_26' title='bbox 1302 616 1355 698; x_wconf 91' lang='lat' dir='ltr'><strong>qui</strong></span> 
     </span>
     <span class='ocr_line' id='line_1_4' title="bbox 198 714 1356 798; baseline -0.004 -15"><span class='ocrx_word' id='word_1_27' title='bbox 198 717 304 784; x_wconf 90' lang='lat' dir='ltr'><strong>animo</strong></span> <span class='ocrx_word' id='word_1_28' title='bbox 328 718 533 783; x_wconf 83' lang='lat' dir='ltr'><strong>commotiore</strong></span> <span class='ocrx_word' id='word_1_29' title='bbox 556 737 607 783; x_wconf 91' lang='lat' dir='ltr'><strong>res</strong></span> <span class='ocrx_word' id='word_1_30' title='bbox 628 717 752 783; x_wconf 88' lang='lat' dir='ltr'><strong>futuras</strong></span> <span class='ocrx_word' id='word_1_31' title='bbox 775 722 926 798; x_wconf 86' lang='lat' dir='ltr'><strong>tanquam</strong></span> <span class='ocrx_word' id='word_1_32' title='bbox 948 716 1010 781; x_wconf 89' lang='lat' dir='ltr'><strong>iarn</strong></span> <span class='ocrx_word' id='word_1_33' title='bbox 1034 715 1229 796; x_wconf 86' lang='lat' dir='ltr'><strong>praeteritas</strong></span> <span class='ocrx_word' id='word_1_34' title='bbox 1251 714 1356 780; x_wconf 86' lang='lat' dir='ltr'><strong>animo</strong></span> 
     </span>
     <span class='ocr_line' id='line_1_5' title="bbox 198 814 1355 898; baseline -0.002 -19"><span class='ocrx_word' id='word_1_35' title='bbox 198 820 429 896; x_wconf 80' lang='lat' dir='ltr'><strong>repraesentat,</strong></span> <span class='ocrx_word' id='word_1_36' title='bbox 463 833 491 879; x_wconf 81' lang='lat' dir='ltr'><strong>v,</strong></span> <span class='ocrx_word' id='word_1_37' title='bbox 520 815 624 881; x_wconf 86' lang='lat' dir='ltr'><strong>Rudd.</strong></span> <span class='ocrx_word' id='word_1_38' title='bbox 651 816 694 896; x_wconf 91' lang='grc' dir='ltr'><strong>ΙΙ,</strong></span> <span class='ocrx_word' id='word_1_39' title='bbox 721 835 751 898; x_wconf 92' lang='lat' dir='ltr'><strong>p.</strong></span> <span class='ocrx_word' id='word_1_40' title='bbox 782 820 859 895; x_wconf 86' lang='lat'><strong>382,</strong></span> <span class='ocrx_word' id='word_1_41' title='bbox 891 814 1127 880; x_wconf 83' lang='lat' dir='ltr'><strong>Weissenborn.</strong></span> <span class='ocrx_word' id='word_1_42' title='bbox 1156 818 1239 897; x_wconf 82' lang='lat' dir='ltr'><strong>synt</strong></span> <span class='ocrx_word' id='word_1_43' title='bbox 1267 831 1300 893; x_wconf 92' lang='lat' dir='ltr'><strong>p.</strong></span> <span class='ocrx_word' id='word_1_44' title='bbox 1327 815 1355 877; x_wconf 82' lang='grc'><strong>8.</strong></span> 
     </span>
     <span class='ocr_line' id='line_1_6' title="bbox 200 911 1355 994; baseline -0.003 -16"><span class='ocrx_word' id='word_1_45' title='bbox 200 912 253 978; x_wconf 80' lang='lat' dir='ltr'><strong>sia</strong></span> <span class='ocrx_word' id='word_1_46' title='bbox 274 912 356 980; x_wconf 88' lang='lat' dir='ltr'><strong>Eun.</strong></span> <span class='ocrx_word' id='word_1_47' title='bbox 379 912 405 994; x_wconf 91' lang='lat'><strong>1,</strong></span> <span class='ocrx_word' id='word_1_48' title='bbox 431 918 458 993; x_wconf 88' lang='lat' dir='ltr'><strong>l,</strong></span> <span class='ocrx_word' id='word_1_49' title='bbox 484 918 537 979; x_wconf 88' lang='lat'><strong>19:</strong></span> <span class='ocrx_word' id='word_1_50' title='bbox 562 924 703 977; x_wconf 80' lang='lat' dir='ltr'><strong>actumst:</strong></span> <span class='ocrx_word' id='word_1_51' title='bbox 727 918 825 978; x_wconf 89' lang='lat' dir='ltr'><strong>ilieet:</strong></span> <span class='ocrx_word' id='word_1_52' title='bbox 848 916 967 977; x_wconf 69' lang='lat' dir='ltr'><strong>Parieti.</strong></span> <span class='ocrx_word' id='word_1_53' title='bbox 1012 912 1091 977; x_wconf 86' lang='lat' dir='ltr'><strong>Hee.</strong></span> <span class='ocrx_word' id='word_1_54' title='bbox 1114 911 1173 987; x_wconf 89' lang='grc' dir='ltr'>ΙΙΙ,</span> <span class='ocrx_word' id='word_1_55' title='bbox 1193 918 1220 991; x_wconf 86' lang='lat' dir='ltr'><strong>t,</strong></span> <span class='ocrx_word' id='word_1_56' title='bbox 1238 915 1281 978; x_wconf 87' lang='grc'><strong>39</strong></span> <span class='ocrx_word' id='word_1_57' title='bbox 1298 928 1355 992; x_wconf 81' lang='lat' dir='ltr'><strong>sq:</strong></span> 
     </span>
     <span class='ocr_line' id='line_1_7' title="bbox 200 1009 1356 1087; baseline -0.002 -15"><span class='ocrx_word' id='word_1_58' title='bbox 200 1014 306 1073; x_wconf 88' lang='lat' dir='ltr'><strong>Nullus</strong></span> <span class='ocrx_word' id='word_1_59' title='bbox 330 1032 402 1074; x_wconf 88' lang='lat' dir='ltr'><strong>sum.</strong></span> <span class='ocrx_word' id='word_1_60' title='bbox 446 1011 539 1077; x_wconf 87' lang='lat' dir='ltr'><strong>PAR.</strong></span> <span class='ocrx_word' id='word_1_61' title='bbox 575 1016 631 1087; x_wconf 77' lang='lat' dir='ltr'><strong>Qui</strong></span> <span class='ocrx_word' id='word_1_62' title='bbox 666 1015 757 1074; x_wconf 86' lang='lat' dir='ltr'><strong>dnm?</strong></span> <span class='ocrx_word' id='word_1_63' title='bbox 800 1010 898 1075; x_wconf 86' lang='lat' dir='ltr'><strong>PAM.</strong></span> <span class='ocrx_word' id='word_1_64' title='bbox 934 1013 1024 1073; x_wconf 77' lang='lat' dir='ltr'><strong>Perii.</strong></span> <span class='ocrx_word' id='word_1_65' title='bbox 1057 1044 1101 1054; x_wconf 95' lang='lat'><em>-</em></span> <span class='ocrx_word' id='word_1_66' title='bbox 1132 1013 1243 1073; x_wconf 80' lang='lat' dir='ltr'><strong>Nescio</strong></span> <span class='ocrx_word' id='word_1_67' title='bbox 1279 1009 1356 1087; x_wconf 90' lang='lat' dir='ltr'><strong>qnod</strong></span> 
     </span>
     <span class='ocr_line' id='line_1_8' title="bbox 199 1106 1353 1191; baseline 0.002 -23"><span class='ocrx_word' id='word_1_68' title='bbox 199 1126 335 1185; x_wconf 79' lang='lat' dir='ltr'><strong>magnum</strong></span> <span class='ocrx_word' id='word_1_69' title='bbox 359 1117 468 1174; x_wconf 84' lang='lat' dir='ltr'><strong>malum</strong></span> <span class='ocrx_word' id='word_1_70' title='bbox 490 1113 639 1187; x_wconf 83' lang='lat' dir='ltr'><strong>Profecto,</strong></span> <span class='ocrx_word' id='word_1_71' title='bbox 662 1115 818 1191; x_wconf 83' lang='lat' dir='ltr'><strong>Parmeno,</strong></span> <span class='ocrx_word' id='word_1_72' title='bbox 842 1130 887 1172; x_wconf 87' lang='lat' dir='ltr'><strong>me</strong></span> <span class='ocrx_word' id='word_1_73' title='bbox 911 1114 1002 1172; x_wconf 87' lang='lat' dir='ltr'><strong>eelas.</strong></span> <span class='ocrx_word' id='word_1_74' title='bbox 1020 1142 1058 1153; x_wconf 88' lang='lat'><strong>—-</strong></span> <span class='ocrx_word' id='word_1_75' title='bbox 1076 1109 1195 1169; x_wconf 77' lang='lat' dir='ltr'><strong>Interii.</strong></span> <span class='ocrx_word' id='word_1_76' title='bbox 1212 1140 1258 1151; x_wconf 94' lang='lat'><em>-</em></span> <span class='ocrx_word' id='word_1_77' title='bbox 1273 1106 1353 1170; x_wconf 87' lang='lat' dir='ltr'><strong>Eun.</strong></span> 
     </span>
     <span class='ocr_line' id='line_1_9' title="bbox 200 1201 1356 1286; baseline 0 -18"><span class='ocrx_word' id='word_1_78' title='bbox 200 1203 227 1285; x_wconf 92' lang='grc' dir='ltr'><strong>Ι,</strong></span> <span class='ocrx_word' id='word_1_79' title='bbox 250 1210 280 1286; x_wconf 84' lang='lat'><strong>2,</strong></span> <span class='ocrx_word' id='word_1_80' title='bbox 304 1211 359 1272; x_wconf 80' lang='lat'><strong>27:</strong></span> <span class='ocrx_word' id='word_1_81' title='bbox 391 1212 490 1272; x_wconf 90' lang='lat' dir='ltr'><strong>Samia</strong></span> <span class='ocrx_word' id='word_1_82' title='bbox 517 1214 588 1271; x_wconf 90' lang='lat' dir='ltr'><strong>mihi</strong></span> <span class='ocrx_word' id='word_1_83' title='bbox 616 1219 712 1271; x_wconf 92' lang='lat' dir='ltr'><strong>mater</strong></span> <span class='ocrx_word' id='word_1_84' title='bbox 733 1212 809 1281; x_wconf 80' lang='lat' dir='ltr'><strong>snit:</strong></span> <span class='ocrx_word' id='word_1_85' title='bbox 842 1229 877 1270; x_wconf 86' lang='lat' dir='ltr'><strong>ea</strong></span> <span class='ocrx_word' id='word_1_86' title='bbox 899 1210 1053 1270; x_wconf 75' lang='lat' dir='ltr'><strong>habitabat</strong></span> <span class='ocrx_word' id='word_1_87' title='bbox 1075 1208 1181 1268; x_wconf 82' lang='lat' dir='ltr'><strong>Rhodi.</strong></span> <span class='ocrx_word' id='word_1_88' title='bbox 1228 1201 1356 1282; x_wconf 73' lang='lat' dir='ltr'><strong>rieul,</strong></span> 
     </span>
     <span class='ocr_line' id='line_1_10' title="bbox 204 1301 1355 1385; baseline -0.003 -19"><span class='ocrx_word' id='word_1_89' title='bbox 204 1307 231 1382; x_wconf 91' lang='lat'><strong>1,</strong></span> <span class='ocrx_word' id='word_1_90' title='bbox 255 1307 291 1368; x_wconf 87' lang='lat'><strong>8:</strong></span> <span class='ocrx_word' id='word_1_91' title='bbox 315 1309 456 1385; x_wconf 77' lang='lat' dir='ltr'><strong>Luceres,</strong></span> <span class='ocrx_word' id='word_1_92' title='bbox 481 1328 655 1385; x_wconf 88' lang='lat' dir='ltr'><strong>quemquem</strong></span> <span class='ocrx_word' id='word_1_93' title='bbox 678 1315 766 1369; x_wconf 82' lang='lat' dir='ltr'><strong>noeto</strong></span> <span class='ocrx_word' id='word_1_94' title='bbox 787 1311 842 1383; x_wconf 81' lang='lat' dir='ltr'><strong>sis,</strong></span> <span class='ocrx_word' id='word_1_95' title='bbox 866 1306 919 1372; x_wconf 90' lang='lat' dir='ltr'><strong>nbi</strong></span> <span class='ocrx_word' id='word_1_96' title='bbox 942 1304 1122 1370; x_wconf 81' lang='lat' dir='ltr'><strong>accuratius</strong></span> <span class='ocrx_word' id='word_1_97' title='bbox 1145 1301 1231 1367; x_wconf 81' lang='lat' dir='ltr'><strong>foret</strong></span> <span class='ocrx_word' id='word_1_98' title='bbox 1254 1306 1355 1364; x_wconf 84' lang='lat' dir='ltr'><strong>nanci-</strong></span> 
     </span>
     <span class='ocr_line' id='line_1_11' title="bbox 202 1403 1356 1486; baseline -0.001 -24"><span class='ocrx_word' id='word_1_99' title='bbox 202 1406 295 1465; x_wconf 81' lang='lat' dir='ltr'><strong>sceris</strong></span> <span class='ocrx_word' id='word_1_100' title='bbox 319 1404 369 1468; x_wconf 87' lang='lat' dir='ltr'><strong>vel</strong></span> <span class='ocrx_word' id='word_1_101' title='bbox 391 1414 480 1468; x_wconf 83' lang='lat' dir='ltr'><strong>nacte</strong></span> <span class='ocrx_word' id='word_1_102' title='bbox 502 1406 604 1481; x_wconf 86' lang='lat' dir='ltr'><strong>fueris,</strong></span> <span class='ocrx_word' id='word_1_103' title='bbox 627 1424 654 1470; x_wconf 85' lang='lat' dir='ltr'><strong>v.</strong></span> <span class='ocrx_word' id='word_1_104' title='bbox 679 1404 782 1470; x_wconf 88' lang='lat' dir='ltr'><strong>Rudd.</strong></span> <span class='ocrx_word' id='word_1_105' title='bbox 806 1424 835 1486; x_wconf 90' lang='lat' dir='ltr'><strong>p.</strong></span> <span class='ocrx_word' id='word_1_106' title='bbox 860 1409 931 1470; x_wconf 82' lang='lat'><strong>382.</strong></span> <span class='ocrx_word' id='word_1_107' title='bbox 955 1403 1010 1481; x_wconf 92' lang='lat' dir='ltr'><strong>IV,</strong></span> <span class='ocrx_word' id='word_1_108' title='bbox 1034 1408 1063 1481; x_wconf 87' lang='grc'>3,</span> <span class='ocrx_word' id='word_1_109' title='bbox 1088 1408 1120 1465; x_wconf 83' lang='lat'><strong>5:</strong></span> <span class='ocrx_word' id='word_1_110' title='bbox 1144 1405 1159 1463; x_wconf 96' lang='grc' dir='ltr'>Ι</span> <span class='ocrx_word' id='word_1_111' title='bbox 1181 1420 1253 1477; x_wconf 74' lang='lat' dir='ltr'><strong>ergo</strong></span> <span class='ocrx_word' id='word_1_112' title='bbox 1277 1404 1356 1462; x_wconf 85' lang='lat' dir='ltr'><strong>intro</strong></span> 
     </span>
     <span class='ocr_line' id='line_1_12' title="bbox 203 1496 1356 1582; baseline 0 -22"><span class='ocrx_word' id='word_1_113' title='bbox 203 1508 235 1561; x_wconf 92' lang='lat' dir='ltr'><strong>et</strong></span> <span class='ocrx_word' id='word_1_114' title='bbox 258 1521 411 1581; x_wconf 85' lang='lat' dir='ltr'><strong>compone,</strong></span> <span class='ocrx_word' id='word_1_115' title='bbox 446 1524 521 1582; x_wconf 85' lang='lat' dir='ltr'><strong>quae</strong></span> <span class='ocrx_word' id='word_1_116' title='bbox 545 1516 643 1566; x_wconf 86' lang='lat' dir='ltr'><strong>tecum</strong></span> <span class='ocrx_word' id='word_1_117' title='bbox 666 1508 753 1567; x_wconf 90' lang='lat' dir='ltr'><strong>simul</strong></span> <span class='ocrx_word' id='word_1_118' title='bbox 777 1508 940 1565; x_wconf 78' lang='lat' dir='ltr'><strong>Feruntur:</strong></span> <span class='ocrx_word' id='word_1_119' title='bbox 973 1504 1045 1563; x_wconf 74' lang='lat' dir='ltr'><strong>disi.</strong></span> <span class='ocrx_word' id='word_1_120' title='bbox 1091 1497 1225 1579; x_wconf 84' lang='lat' dir='ltr'><strong>Adelph.</strong></span> <span class='ocrx_word' id='word_1_121' title='bbox 1250 1496 1311 1576; x_wconf 89' lang='grc' dir='ltr'>ΙΙΙ,</span> <span class='ocrx_word' id='word_1_122' title='bbox 1327 1503 1356 1576; x_wconf 82' lang='grc'>4,</span> 
     </span>
     <span class='ocr_line' id='line_1_13' title="bbox 202 1595 1357 1688; baseline -0.003 -28"><span class='ocrx_word' id='word_1_123' title='bbox 202 1600 260 1662; x_wconf 83' lang='lat'><strong>28:</strong></span> <span class='ocrx_word' id='word_1_124' title='bbox 294 1603 475 1677; x_wconf 80' lang='lat' dir='ltr'><strong>Ignotumst=</strong></span> <span class='ocrx_word' id='word_1_125' title='bbox 511 1606 679 1665; x_wconf 83' lang='lat' dir='ltr'><strong>tacitumst:</strong></span> <span class='ocrx_word' id='word_1_126' title='bbox 714 1605 899 1664; x_wconf 87' lang='lat' dir='ltr'><strong>oreditnmst.</strong></span> <span class='ocrx_word' id='word_1_127' title='bbox 944 1598 1108 1664; x_wconf 81' lang='lat' dir='ltr'><strong>Interdum</strong></span> <span class='ocrx_word' id='word_1_128' title='bbox 1132 1615 1204 1661; x_wconf 90' lang='lat' dir='ltr'><strong>eum</strong></span> <span class='ocrx_word' id='word_1_129' title='bbox 1226 1595 1357 1688; x_wconf 61' lang='lat' dir='ltr'><strong>{reprelq</strong></span> 
     </span>
     <span class='ocr_line' id='line_1_14' title="bbox 202 1691 1357 1780; baseline -0.003 -21"><span class='ocrx_word' id='word_1_130' title='bbox 202 1694 379 1775; x_wconf 84' lang='lat' dir='ltr'><strong>perfectum</strong></span> <span class='ocrx_word' id='word_1_131' title='bbox 403 1700 449 1763; x_wconf 83' lang='lat' dir='ltr'><strong>ita</strong></span> <span class='ocrx_word' id='word_1_132' title='bbox 464 1709 648 1780; x_wconf 86' lang='lat' dir='ltr'><strong>usurpatur,</strong></span> <span class='ocrx_word' id='word_1_133' title='bbox 672 1707 707 1764; x_wconf 93' lang='lat' dir='ltr'><strong>nt</strong></span> <span class='ocrx_word' id='word_1_134' title='bbox 730 1704 849 1764; x_wconf 88' lang='lat' dir='ltr'><strong>statum</strong></span> <span class='ocrx_word' id='word_1_135' title='bbox 865 1698 965 1776; x_wconf 87' lang='lat' dir='ltr'><strong>illurn,</strong></span> <span class='ocrx_word' id='word_1_136' title='bbox 989 1715 1081 1777; x_wconf 90' lang='lat' dir='ltr'><strong>quem</strong></span> <span class='ocrx_word' id='word_1_137' title='bbox 1101 1692 1261 1776; x_wconf 83' lang='lat' dir='ltr'><strong>signifieat</strong></span> <span class='ocrx_word' id='word_1_138' title='bbox 1286 1691 1357 1774; x_wconf 55' lang='lat' dir='ltr'><strong>§p-</strong></span> 
     </span>
     <span class='ocr_line' id='line_1_15' title="bbox 202 1791 1355 1877; baseline -0.002 -19"><span class='ocrx_word' id='word_1_139' title='bbox 202 1791 287 1874; x_wconf 89' lang='lat' dir='ltr'><strong>bum,</strong></span> <span class='ocrx_word' id='word_1_140' title='bbox 318 1796 522 1875; x_wconf 81' lang='lat' dir='ltr'><strong>praeteriisse</strong></span> <span class='ocrx_word' id='word_1_141' title='bbox 546 1816 603 1863; x_wconf 90' lang='lat' dir='ltr'><strong>nee</strong></span> <span class='ocrx_word' id='word_1_142' title='bbox 630 1799 694 1862; x_wconf 88' lang='lat' dir='ltr'><strong>ianr</strong></span> <span class='ocrx_word' id='word_1_143' title='bbox 717 1804 826 1862; x_wconf 84' lang='lat' dir='ltr'><strong>extare</strong></span> <span class='ocrx_word' id='word_1_144' title='bbox 850 1797 1015 1877; x_wconf 84' lang='lat' dir='ltr'><strong>exprimat.</strong></span> <span class='ocrx_word' id='word_1_145' title='bbox 1061 1795 1113 1859; x_wconf 86' lang='lat' dir='ltr'><strong>Sic</strong></span> <span class='ocrx_word' id='word_1_146' title='bbox 1135 1793 1238 1859; x_wconf 78' lang='lat' dir='ltr'><strong>Plani.</strong></span> <span class='ocrx_word' id='word_1_147' title='bbox 1263 1791 1355 1856; x_wconf 68' lang='lat' dir='ltr'><strong>Tris.</strong></span> 
     </span>
     <span class='ocr_line' id='line_1_16' title="bbox 201 1886 1356 1976; baseline -0.001 -23"><span class='ocrx_word' id='word_1_148' title='bbox 201 1888 227 1968; x_wconf 96' lang='grc' dir='ltr'>Ι,</span> <span class='ocrx_word' id='word_1_149' title='bbox 248 1896 280 1976; x_wconf 64' lang='grc'>,2,</span> <span class='ocrx_word' id='word_1_150' title='bbox 304 1898 358 1957; x_wconf 84' lang='grc'><strong>94;</strong></span> <span class='ocrx_word' id='word_1_151' title='bbox 389 1898 437 1955; x_wconf 84' lang='lat' dir='ltr'><strong>Ita</strong></span> <span class='ocrx_word' id='word_1_152' title='bbox 465 1916 560 1972; x_wconf 89' lang='lat' dir='ltr'><strong>paene</strong></span> <span class='ocrx_word' id='word_1_153' title='bbox 590 1900 644 1958; x_wconf 92' lang='lat' dir='ltr'><strong>tibi</strong></span> <span class='ocrx_word' id='word_1_154' title='bbox 667 1900 859 1959; x_wconf 88' lang='lat' dir='ltr'><strong>Phronesium</strong></span> <span class='ocrx_word' id='word_1_155' title='bbox 883 1898 956 1976; x_wconf 75' lang='lat' dir='ltr'><strong>suit,</strong></span> <span class='ocrx_word' id='word_1_156' title='bbox 986 1893 1016 1957; x_wconf 94' lang='lat' dir='ltr'><strong>h.</strong></span> <span class='ocrx_word' id='word_1_157' title='bbox 1041 1911 1067 1957; x_wconf 88' lang='lat' dir='ltr'><strong>e.</strong></span> <span class='ocrx_word' id='word_1_158' title='bbox 1091 1889 1222 1972; x_wconf 88' lang='lat' dir='ltr'><strong>paulum</strong></span> <span class='ocrx_word' id='word_1_159' title='bbox 1245 1886 1356 1967; x_wconf 86' lang='lat' dir='ltr'><strong>abfuit,</strong></span> 
     </span>
     <span class='ocr_line' id='line_1_17' title="bbox 203 1985 1355 2074; baseline -0.001 -22"><span class='ocrx_word' id='word_1_160' title='bbox 203 1990 279 2069; x_wconf 92' lang='lat' dir='ltr'><strong>quin</strong></span> <span class='ocrx_word' id='word_1_161' title='bbox 301 1998 490 2058; x_wconf 88' lang='lat' dir='ltr'><strong>moreretur.</strong></span> <span class='ocrx_word' id='word_1_162' title='bbox 515 1998 620 2056; x_wconf 81' lang='lat' dir='ltr'><strong>Fuisse</strong></span> <span class='ocrx_word' id='word_1_163' title='bbox 643 2011 700 2074; x_wconf 90' lang='lat' dir='ltr'><strong>pro</strong></span> <span class='ocrx_word' id='word_1_164' title='bbox 725 1996 814 2071; x_wconf 88' lang='lat' dir='ltr'><strong>mori,</strong></span> <span class='ocrx_word' id='word_1_165' title='bbox 838 2001 997 2058; x_wconf 91' lang='lat' dir='ltr'><strong>mortuum</strong></span> <span class='ocrx_word' id='word_1_166' title='bbox 1021 2008 1092 2055; x_wconf 89' lang='lat' dir='ltr'><strong>esse</strong></span> <span class='ocrx_word' id='word_1_167' title='bbox 1115 1989 1172 2061; x_wconf 82' lang='lat' dir='ltr'><strong>(sie</strong></span> <span class='ocrx_word' id='word_1_168' title='bbox 1187 1985 1355 2069; x_wconf 84' lang='lat' dir='ltr'><strong>Scaliger).</strong></span> 
     </span>
     <span class='ocr_line' id='line_1_18' title="bbox 205 2085 1357 2172; baseline -0.003 -22"><span class='ocrx_word' id='word_1_169' title='bbox 205 2085 359 2153; x_wconf 79' lang='lat' dir='ltr'><strong>Similiter</strong></span> <span class='ocrx_word' id='word_1_170' title='bbox 382 2089 473 2172; x_wconf 69' lang='lat' dir='ltr'><strong>Capi.</strong></span> <span class='ocrx_word' id='word_1_171' title='bbox 497 2091 556 2172; x_wconf 91' lang='grc' dir='ltr'>ΙΙΙ,</span> <span class='ocrx_word' id='word_1_172' title='bbox 581 2100 609 2169; x_wconf 87' lang='grc'>3,</span> <span class='ocrx_word' id='word_1_173' title='bbox 637 2097 667 2156; x_wconf 92' lang='lat'><strong>1:</strong></span> <span class='ocrx_word' id='word_1_174' title='bbox 691 2097 775 2154; x_wconf 88' lang='lat' dir='ltr'><strong>Nune</strong></span> <span class='ocrx_word' id='word_1_175' title='bbox 799 2097 868 2154; x_wconf 90' lang='lat' dir='ltr'><strong>illut</strong></span> <span class='ocrx_word' id='word_1_176' title='bbox 890 2104 949 2170; x_wconf 87' lang='lat' dir='ltr'><strong>est,</strong></span> <span class='ocrx_word' id='word_1_177' title='bbox 974 2111 1059 2168; x_wconf 90' lang='lat' dir='ltr'><strong>quom</strong></span> <span class='ocrx_word' id='word_1_178' title='bbox 1082 2108 1129 2149; x_wconf 90' lang='lat' dir='ltr'><strong>me</strong></span> <span class='ocrx_word' id='word_1_179' title='bbox 1152 2088 1248 2160; x_wconf 64' lang='lat' dir='ltr'><strong>Ariete</strong></span> <span class='ocrx_word' id='word_1_180' title='bbox 1271 2105 1357 2163; x_wconf 87' lang='lat' dir='ltr'><strong>qnam</strong></span> 
     </span>
     <span class='ocr_line' id='line_1_19' title="bbox 205 2187 1356 2267; baseline -0.002 -20"><span class='ocrx_word' id='word_1_181' title='bbox 205 2203 271 2248; x_wconf 85' lang='lat' dir='ltr'><strong>esse</strong></span> <span class='ocrx_word' id='word_1_182' title='bbox 295 2192 385 2251; x_wconf 91' lang='lat' dir='ltr'><strong>nimio</strong></span> <span class='ocrx_word' id='word_1_183' title='bbox 409 2195 553 2254; x_wconf 85' lang='lat' dir='ltr'><strong>mavelim.</strong></span> <span class='ocrx_word' id='word_1_184' title='bbox 600 2191 726 2255; x_wconf 86' lang='lat' dir='ltr'><strong>Terent.</strong></span> <span class='ocrx_word' id='word_1_185' title='bbox 750 2190 867 2255; x_wconf 83' lang='lat' dir='ltr'><strong>Heaut.</strong></span> <span class='ocrx_word' id='word_1_186' title='bbox 891 2189 915 2266; x_wconf 94' lang='grc' dir='ltr'>Ι,</span> <span class='ocrx_word' id='word_1_187' title='bbox 945 2198 969 2267; x_wconf 91' lang='lat' dir='ltr'><strong>l,</strong></span> <span class='ocrx_word' id='word_1_188' title='bbox 996 2195 1034 2253; x_wconf 83' lang='grc'><strong>41</strong></span> <span class='ocrx_word' id='word_1_189' title='bbox 1061 2203 1122 2265; x_wconf 75' lang='lat' dir='ltr'><strong>sq:</strong></span> <span class='ocrx_word' id='word_1_190' title='bbox 1153 2187 1262 2245; x_wconf 89' lang='lat' dir='ltr'><strong>Filium</strong></span> <span class='ocrx_word' id='word_1_191' title='bbox 1294 2187 1356 2246; x_wconf 89' lang='lat' dir='ltr'><strong>nni·</strong></span> 
     </span>
     <span class='ocr_line' id='line_1_20' title="bbox 206 2283 1356 2366; baseline -0.002 -21"><span class='ocrx_word' id='word_1_192' title='bbox 206 2303 280 2361; x_wconf 87' lang='lat' dir='ltr'><strong>eum,</strong></span> <span class='ocrx_word' id='word_1_193' title='bbox 311 2289 565 2351; x_wconf 84' lang='lat' dir='ltr'><strong>adulescentulum</strong></span> <span class='ocrx_word' id='word_1_194' title='bbox 590 2293 710 2351; x_wconf 89' lang='lat' dir='ltr'><strong>Habeo:</strong></span> <span class='ocrx_word' id='word_1_195' title='bbox 745 2294 793 2363; x_wconf 88' lang='lat' dir='ltr'><strong>ah,</strong></span> <span class='ocrx_word' id='word_1_196' title='bbox 824 2293 892 2366; x_wconf 92' lang='lat' dir='ltr'><strong>quid</strong></span> <span class='ocrx_word' id='word_1_197' title='bbox 916 2290 997 2349; x_wconf 82' lang='lat' dir='ltr'><strong>dixi?</strong></span> <span class='ocrx_word' id='word_1_198' title='bbox 1030 2289 1141 2347; x_wconf 89' lang='lat' dir='ltr'><strong>habere</strong></span> <span class='ocrx_word' id='word_1_199' title='bbox 1165 2283 1234 2344; x_wconf 82' lang='lat' dir='ltr'><strong>me?</strong></span> <span class='ocrx_word' id='word_1_200' title='bbox 1269 2287 1356 2344; x_wconf 87' lang='lat' dir='ltr'><strong>immo</strong></span> 
     </span>
     <span class='ocr_line' id='line_1_21' title="bbox 201 2379 1356 2455; baseline -0.001 -11"><span class='ocrx_word' id='word_1_201' title='bbox 201 2386 303 2455; x_wconf 78' lang='lat' dir='ltr'><strong>habui,</strong></span> <span class='ocrx_word' id='word_1_202' title='bbox 327 2388 478 2449; x_wconf 85' lang='lat' dir='ltr'><strong>Chremes.</strong></span> <span class='ocrx_word' id='word_1_203' title='bbox 523 2392 609 2449; x_wconf 85' lang='lat' dir='ltr'><strong>Nune</strong></span> <span class='ocrx_word' id='word_1_204' title='bbox 640 2389 763 2449; x_wconf 88' lang='lat' dir='ltr'><strong>habeam</strong></span> <span class='ocrx_word' id='word_1_205' title='bbox 789 2408 884 2450; x_wconf 87' lang='lat' dir='ltr'><strong>neone</strong></span> <span class='ocrx_word' id='word_1_206' title='bbox 907 2392 1092 2449; x_wconf 84' lang='lat' dir='ltr'><strong>incertumst.</strong></span> <span class='ocrx_word' id='word_1_207' title='bbox 1137 2381 1229 2446; x_wconf 83' lang='lat' dir='ltr'><strong>Addo</strong></span> <span class='ocrx_word' id='word_1_208' title='bbox 1253 2379 1356 2446; x_wconf 83' lang='lat' dir='ltr'><strong>locunt</strong></span> 
     </span>
     <span class='ocr_line' id='line_1_22' title="bbox 203 2479 1356 2566; baseline -0.004 -21"><span class='ocrx_word' id='word_1_209' title='bbox 203 2479 307 2548; x_wconf 84' lang='lat' dir='ltr'><strong>Plauti</strong></span> <span class='ocrx_word' id='word_1_210' title='bbox 330 2483 395 2549; x_wconf 88' lang='lat' dir='ltr'><strong>Mil.</strong></span> <span class='ocrx_word' id='word_1_211' title='bbox 421 2484 478 2557; x_wconf 86' lang='grc' dir='ltr'>ΙΙΙ,</span> <span class='ocrx_word' id='word_1_212' title='bbox 505 2491 532 2566; x_wconf 91' lang='grc'>1,</span> <span class='ocrx_word' id='word_1_213' title='bbox 559 2491 633 2551; x_wconf 87' lang='lat'>103:</span> <span class='ocrx_word' id='word_1_214' title='bbox 668 2488 739 2547; x_wconf 89' lang='lat' dir='ltr'><strong>Tum</strong></span> <span class='ocrx_word' id='word_1_215' title='bbox 771 2490 910 2564; x_wconf 89' lang='lat' dir='ltr'><strong>opstitrix</strong></span> <span class='ocrx_word' id='word_1_216' title='bbox 933 2484 1129 2561; x_wconf 71' lang='lat' dir='ltr'><strong>expostulavit</strong></span> <span class='ocrx_word' id='word_1_217' title='bbox 1150 2499 1282 2556; x_wconf 88' lang='lat' dir='ltr'><strong>meeum,</strong></span> <span class='ocrx_word' id='word_1_218' title='bbox 1307 2500 1356 2558; x_wconf 90' lang='lat' dir='ltr'><strong>pa·</strong></span> 
     </span>
     <span class='ocr_line' id='line_1_23' title="bbox 203 2579 1356 2665; baseline 0.002 -25"><span class='ocrx_word' id='word_1_219' title='bbox 203 2601 267 2642; x_wconf 86' lang='lat' dir='ltr'><strong>rum</strong></span> <span class='ocrx_word' id='word_1_220' title='bbox 290 2587 411 2646; x_wconf 91' lang='lat' dir='ltr'><strong>missum</strong></span> <span class='ocrx_word' id='word_1_221' title='bbox 434 2589 500 2660; x_wconf 85' lang='lat' dir='ltr'><strong>sibi,</strong></span> <span class='ocrx_word' id='word_1_222' title='bbox 525 2585 579 2649; x_wconf 88' lang='lat' dir='ltr'><strong>ubi</strong></span> <span class='ocrx_word' id='word_1_223' title='bbox 603 2604 663 2650; x_wconf 89' lang='lat' dir='ltr'><strong>sec.</strong></span> <span class='ocrx_word' id='word_1_224' title='bbox 708 2585 883 2665; x_wconf 79' lang='lat' dir='ltr'><strong>Reisigium</strong></span> <span class='ocrx_word' id='word_1_225' title='bbox 912 2604 940 2664; x_wconf 88' lang='lat' dir='ltr'><strong>p.</strong></span> <span class='ocrx_word' id='word_1_226' title='bbox 965 2587 1027 2647; x_wconf 81' lang='lat'><strong>492</strong></span> <span class='ocrx_word' id='word_1_227' title='bbox 1050 2579 1192 2662; x_wconf 84' lang='lat' dir='ltr'><strong>perfeeto</strong></span> <span class='ocrx_word' id='word_1_228' title='bbox 1207 2580 1356 2659; x_wconf 84' lang='lat' dir='ltr'><strong>&#39;repetita</strong></span> 
     </span>
     <span class='ocr_line' id='line_1_24' title="bbox 200 2678 1355 2763; baseline 0.001 -22"><span class='ocrx_word' id='word_1_229' title='bbox 200 2678 285 2742; x_wconf 89' lang='lat' dir='ltr'><strong>aetio</strong></span> <span class='ocrx_word' id='word_1_230' title='bbox 308 2679 488 2761; x_wconf 86' lang='lat' dir='ltr'><strong>significata</strong></span> <span class='ocrx_word' id='word_1_231' title='bbox 510 2691 573 2760; x_wconf 88' lang='lat' dir='ltr'><strong>est,</strong></span> <span class='ocrx_word' id='word_1_232' title='bbox 602 2702 683 2763; x_wconf 89' lang='lat' dir='ltr'><strong>quae</strong></span> <span class='ocrx_word' id='word_1_233' title='bbox 706 2691 811 2748; x_wconf 81' lang='lat' dir='ltr'><strong>tamen</strong></span> <span class='ocrx_word' id='word_1_234' title='bbox 838 2701 900 2746; x_wconf 93' lang='lat' dir='ltr'><strong>non</strong></span> <span class='ocrx_word' id='word_1_235' title='bbox 923 2683 963 2747; x_wconf 91' lang='lat' dir='ltr'><strong>ad</strong></span> <span class='ocrx_word' id='word_1_236' title='bbox 986 2689 1112 2758; x_wconf 91' lang='lat' dir='ltr'><strong>tempus</strong></span> <span class='ocrx_word' id='word_1_237' title='bbox 1135 2679 1355 2758; x_wconf 87' lang='lat' dir='ltr'><strong>praeteritum,</strong></span> 
     </span>
     <span class='ocr_line' id='line_1_25' title="bbox 202 2774 1356 2861; baseline -0.002 -23"><span class='ocrx_word' id='word_1_238' title='bbox 202 2775 259 2839; x_wconf 92' lang='lat' dir='ltr'><strong>sed</strong></span> <span class='ocrx_word' id='word_1_239' title='bbox 286 2795 436 2856; x_wconf 89' lang='lat' dir='ltr'><strong>praesens</strong></span> <span class='ocrx_word' id='word_1_240' title='bbox 465 2785 605 2861; x_wconf 85' lang='lat' dir='ltr'><strong>spectet,</strong></span> <span class='ocrx_word' id='word_1_241' title='bbox 636 2782 720 2860; x_wconf 92' lang='lat' dir='ltr'><strong>quod</strong></span> <span class='ocrx_word' id='word_1_242' title='bbox 748 2801 786 2845; x_wconf 82' lang='lat' dir='ltr'><strong>ex</strong></span> <span class='ocrx_word' id='word_1_243' title='bbox 809 2799 846 2845; x_wconf 91' lang='lat' dir='ltr'><strong>eo</strong></span> <span class='ocrx_word' id='word_1_244' title='bbox 869 2781 953 2859; x_wconf 89' lang='lat' dir='ltr'><strong>quod</strong></span> <span class='ocrx_word' id='word_1_245' title='bbox 977 2778 1055 2842; x_wconf 92' lang='lat' dir='ltr'><strong>illud</strong></span> <span class='ocrx_word' id='word_1_246' title='bbox 1077 2778 1141 2840; x_wconf 87' lang='lat' dir='ltr'><strong>ianr</strong></span> <span class='ocrx_word' id='word_1_247' title='bbox 1164 2774 1286 2840; x_wconf 86' lang='lat' dir='ltr'><strong>factum</strong></span> <span class='ocrx_word' id='word_1_248' title='bbox 1309 2779 1356 2839; x_wconf 90' lang='lat' dir='ltr'><strong>est</strong></span> 
     </span>
     <span class='ocr_line' id='line_1_26' title="bbox 201 2871 1352 2958; baseline -0.001 -22"><span class='ocrx_word' id='word_1_249' title='bbox 201 2874 400 2940; x_wconf 81' lang='lat' dir='ltr'><strong>concluditur</strong></span> <span class='ocrx_word' id='word_1_250' title='bbox 436 2897 530 2958; x_wconf 87' lang='lat' dir='ltr'><strong>posse</strong></span> <span class='ocrx_word' id='word_1_251' title='bbox 569 2883 602 2942; x_wconf 89' lang='lat' dir='ltr'><strong>et</strong></span> <span class='ocrx_word' id='word_1_252' title='bbox 629 2880 731 2943; x_wconf 90' lang='lat' dir='ltr'><strong>solere</strong></span> <span class='ocrx_word' id='word_1_253' title='bbox 762 2881 878 2943; x_wconf 91' lang='lat' dir='ltr'><strong>iterum</strong></span> <span class='ocrx_word' id='word_1_254' title='bbox 906 2875 991 2956; x_wconf 86' lang='lat' dir='ltr'><strong>fieri,</strong></span> <span class='ocrx_word' id='word_1_255' title='bbox 1026 2893 1103 2957; x_wconf 87' lang='lat' dir='ltr'><strong>ergo</strong></span> <span class='ocrx_word' id='word_1_256' title='bbox 1133 2873 1227 2953; x_wconf 85' lang='lat' dir='ltr'><strong>plane</strong></span> <span class='ocrx_word' id='word_1_257' title='bbox 1260 2871 1352 2936; x_wconf 87' lang='lat' dir='ltr'><strong>simili</strong></span> 
     </span>
     <span class='ocr_line' id='line_1_27' title="bbox 202 2972 1192 3056; baseline -0.001 -22"><span class='ocrx_word' id='word_1_258' title='bbox 202 2972 295 3036; x_wconf 92' lang='lat' dir='ltr'><strong>modo</strong></span> <span class='ocrx_word' id='word_1_259' title='bbox 318 2979 415 3054; x_wconf 89' lang='lat' dir='ltr'><strong>atque</strong></span> <span class='ocrx_word' id='word_1_260' title='bbox 438 2980 558 3042; x_wconf 86' lang='lat' dir='ltr'><strong>aoristo</strong></span> <span class='ocrx_word' id='word_1_261' title='bbox 583 2976 788 3056; x_wconf 83' lang='lat' dir='ltr'><strong>Graecorum,</strong></span> <span class='ocrx_word' id='word_1_262' title='bbox 812 2977 867 3056; x_wconf 93' lang='lat' dir='ltr'><strong>qui</strong></span> <span class='ocrx_word' id='word_1_263' title='bbox 890 2976 1016 3054; x_wconf 87' lang='lat' dir='ltr'><strong>dieitur,</strong></span> <span class='ocrx_word' id='word_1_264' title='bbox 1039 2972 1192 3054; x_wconf 83' lang='lat' dir='ltr'><strong>gnomioo.</strong></span> 
     </span>
    </p>

    <p class='ocr_par' dir='ltr' id='par_1_3' title="bbox 200 3071 1353 4433">
     <span class='ocr_line' id='line_1_28' title="bbox 288 3071 1353 3154; baseline 0.009 -19"><span class='ocrx_word' id='word_1_265' title='bbox 288 3071 398 3137; x_wconf 90' lang='lat' dir='ltr'><strong>Naevii</strong></span> <span class='ocrx_word' id='word_1_266' title='bbox 422 3075 493 3140; x_wconf 90' lang='lat' dir='ltr'><strong>bell.</strong></span> <span class='ocrx_word' id='word_1_267' title='bbox 519 3076 595 3141; x_wconf 90' lang='lat' dir='ltr'><strong>Pun.</strong></span> <span class='ocrx_word' id='word_1_268' title='bbox 619 3076 637 3139; x_wconf 91' lang='lat' dir='ltr'><strong>l.</strong></span> <span class='ocrx_word' id='word_1_269' title='bbox 664 3076 688 3154; x_wconf 90' lang='grc' dir='ltr'><strong>Ι,</strong></span> <span class='ocrx_word' id='word_1_270' title='bbox 711 3075 748 3139; x_wconf 87' lang='lat' dir='ltr'><strong>lr.</strong></span> <span class='ocrx_word' id='word_1_271' title='bbox 773 3081 806 3139; x_wconf 87' lang='lat'><strong>2:</strong></span> <span class='ocrx_word' id='word_1_272' title='bbox 830 3083 987 3150; x_wconf 66' lang='lat' dir='ltr'><strong>posternam</strong></span> <span class='ocrx_word' id='word_1_273' title='bbox 1009 3105 1050 3116; x_wconf 90' lang='lat'><em>-</em></span> <span class='ocrx_word' id='word_1_274' title='bbox 1074 3090 1143 3132; x_wconf 87' lang='lat' dir='ltr'><strong>aves</strong></span> <span class='ocrx_word' id='word_1_275' title='bbox 1166 3102 1208 3114; x_wconf 83' lang='lat'><em>-</em></span> <span class='ocrx_word' id='word_1_276' title='bbox 1231 3071 1353 3144; x_wconf 60' lang='lat' dir='ltr'><strong>atmii-</strong></span> 
     </span>
     <span class='ocr_line' id='line_1_29' title="bbox 201 3165 1352 3252; baseline -0.002 -22"><span class='ocrx_word' id='word_1_277' title='bbox 201 3165 296 3232; x_wconf 88' lang='lat' dir='ltr'><strong>Ennii</strong></span> <span class='ocrx_word' id='word_1_278' title='bbox 319 3173 424 3237; x_wconf 84' lang='lat' dir='ltr'><strong>annal.</strong></span> <span class='ocrx_word' id='word_1_279' title='bbox 448 3173 466 3238; x_wconf 91' lang='lat' dir='ltr'><strong>l.</strong></span> <span class='ocrx_word' id='word_1_280' title='bbox 484 3173 526 3252; x_wconf 93' lang='grc' dir='ltr'><strong>ΙΙ,</strong></span> <span class='ocrx_word' id='word_1_281' title='bbox 549 3174 586 3239; x_wconf 88' lang='lat' dir='ltr'><strong>ir.</strong></span> <span class='ocrx_word' id='word_1_282' title='bbox 606 3180 660 3239; x_wconf 83' lang='lat'><strong>18:</strong></span> <span class='ocrx_word' id='word_1_283' title='bbox 680 3181 835 3250; x_wconf 79' lang='lat' dir='ltr'><strong>postquam</strong></span> <span class='ocrx_word' id='word_1_284' title='bbox 851 3180 947 3235; x_wconf 86' lang='lat' dir='ltr'><strong>Ancus</strong></span> <span class='ocrx_word' id='word_1_285' title='bbox 968 3174 1102 3233; x_wconf 86' lang='lat' dir='ltr'><strong>Marcius</strong></span> <span class='ocrx_word' id='word_1_286' title='bbox 1125 3188 1217 3244; x_wconf 82' lang='lat' dir='ltr'><strong>regna</strong></span> <span class='ocrx_word' id='word_1_287' title='bbox 1238 3169 1352 3242; x_wconf 72' lang='lat' dir='ltr'><strong>recepit-</strong></span> 
     </span>
     <span class='ocr_line' id='line_1_30' title="bbox 201 3261 1353 3349; baseline -0.003 -20"><span class='ocrx_word' id='word_1_288' title='bbox 201 3261 220 3327; x_wconf 95' lang='lat' dir='ltr'><strong>l.</strong></span> <span class='ocrx_word' id='word_1_289' title='bbox 250 3265 310 3347; x_wconf 92' lang='grc' dir='ltr'>ΙΙΙ,</span> <span class='ocrx_word' id='word_1_290' title='bbox 333 3269 371 3335; x_wconf 88' lang='lat' dir='ltr'><strong>ir.</strong></span> <span class='ocrx_word' id='word_1_291' title='bbox 395 3277 428 3337; x_wconf 85' lang='lat'><strong>3:</strong></span> <span class='ocrx_word' id='word_1_292' title='bbox 462 3275 620 3349; x_wconf 79' lang='lat' dir='ltr'><strong>Postquam</strong></span> <span class='ocrx_word' id='word_1_293' title='bbox 645 3279 756 3337; x_wconf 87' lang='lat' dir='ltr'><strong>lumina</strong></span> <span class='ocrx_word' id='word_1_294' title='bbox 786 3276 826 3334; x_wconf 88' lang='lat' dir='ltr'><strong>sis</strong></span> <span class='ocrx_word' id='word_1_295' title='bbox 854 3274 948 3333; x_wconf 87' lang='lat' dir='ltr'><strong>oeulis</strong></span> <span class='ocrx_word' id='word_1_296' title='bbox 979 3274 1072 3332; x_wconf 91' lang='lat' dir='ltr'><strong>honus</strong></span> <span class='ocrx_word' id='word_1_297' title='bbox 1100 3274 1200 3328; x_wconf 88' lang='lat' dir='ltr'><strong>Ancus</strong></span> <span class='ocrx_word' id='word_1_298' title='bbox 1228 3267 1353 3339; x_wconf 63' lang='lat' dir='ltr'><strong>reiiqat</strong></span> 
     </span>
     <span class='ocr_line' id='line_1_31' title="bbox 200 3361 1353 3452; baseline -0.001 -28"><span class='ocrx_word' id='word_1_299' title='bbox 200 3361 238 3426; x_wconf 87' lang='lat' dir='ltr'><strong>ir.</strong></span> <span class='ocrx_word' id='word_1_300' title='bbox 264 3371 293 3444; x_wconf 86' lang='grc'>7,</span> <span class='ocrx_word' id='word_1_301' title='bbox 317 3385 344 3430; x_wconf 82' lang='grc' dir='ltr'><strong>ν.</strong></span> <span class='ocrx_word' id='word_1_302' title='bbox 371 3374 444 3434; x_wconf 79' lang='lat'>154:</span> <span class='ocrx_word' id='word_1_303' title='bbox 476 3375 635 3452; x_wconf 89' lang='lat' dir='ltr'><strong>Postquam</strong></span> <span class='ocrx_word' id='word_1_304' title='bbox 659 3374 771 3434; x_wconf 87' lang='lat' dir='ltr'><strong>defessi</strong></span> <span class='ocrx_word' id='word_1_305' title='bbox 794 3381 871 3433; x_wconf 83' lang='lat' dir='ltr'><strong>sunt.</strong></span> <span class='ocrx_word' id='word_1_306' title='bbox 917 3368 937 3433; x_wconf 86' lang='lat' dir='ltr'><strong>l.</strong></span> <span class='ocrx_word' id='word_1_307' title='bbox 963 3366 1051 3443; x_wconf 86' lang='lat' dir='ltr'><strong>Vlll,</strong></span> <span class='ocrx_word' id='word_1_308' title='bbox 1074 3365 1110 3428; x_wconf 87' lang='lat' dir='ltr'><strong>ir.</strong></span> <span class='ocrx_word' id='word_1_309' title='bbox 1136 3371 1168 3427; x_wconf 76' lang='lat'><strong>2:</strong></span> <span class='ocrx_word' id='word_1_310' title='bbox 1197 3370 1353 3439; x_wconf 72' lang='lat' dir='ltr'><strong>postquam</strong></span> 
     </span>
     <span class='ocr_line' id='line_1_32' title="bbox 202 3456 1353 3547; baseline 0.002 -25"><span class='ocrx_word' id='word_1_311' title='bbox 202 3464 361 3528; x_wconf 87' lang='lat' dir='ltr'><strong>Discordia</strong></span> <span class='ocrx_word' id='word_1_312' title='bbox 384 3477 482 3533; x_wconf 84' lang='lat' dir='ltr'><strong>taetra</strong></span> <span class='ocrx_word' id='word_1_313' title='bbox 507 3476 581 3534; x_wconf 89' lang='lat' dir='ltr'><strong>Belli</strong></span> <span class='ocrx_word' id='word_1_314' title='bbox 604 3474 734 3535; x_wconf 86' lang='lat' dir='ltr'><strong>ferratos</strong></span> <span class='ocrx_word' id='word_1_315' title='bbox 756 3479 858 3547; x_wconf 88' lang='lat' dir='ltr'><strong>postes</strong></span> <span class='ocrx_word' id='word_1_316' title='bbox 881 3477 1042 3545; x_wconf 87' lang='lat' dir='ltr'><strong>portasque</strong></span> <span class='ocrx_word' id='word_1_317' title='bbox 1065 3463 1198 3537; x_wconf 73' lang='lat' dir='ltr'><strong>resreqit.</strong></span> <span class='ocrx_word' id='word_1_318' title='bbox 1247 3456 1353 3523; x_wconf 81' lang='lat' dir='ltr'><strong>Annal</strong></span> 
     </span>
     <span class='ocr_line' id='line_1_33' title="bbox 200 3556 1352 3645; baseline -0.004 -22"><span class='ocrx_word' id='word_1_319' title='bbox 200 3559 260 3626; x_wconf 90' lang='lat' dir='ltr'><strong>ino.</strong></span> <span class='ocrx_word' id='word_1_320' title='bbox 292 3565 358 3629; x_wconf 87' lang='lat' dir='ltr'><strong>sed.</strong></span> <span class='ocrx_word' id='word_1_321' title='bbox 387 3567 425 3631; x_wconf 84' lang='lat' dir='ltr'><strong>ir.</strong></span> <span class='ocrx_word' id='word_1_322' title='bbox 455 3575 513 3634; x_wconf 84' lang='lat'><strong>42:</strong></span> <span class='ocrx_word' id='word_1_323' title='bbox 542 3577 700 3645; x_wconf 76' lang='lat' dir='ltr'><strong>postquam</strong></span> <span class='ocrx_word' id='word_1_324' title='bbox 729 3572 833 3630; x_wconf 88' lang='lat' dir='ltr'><strong>inclita</strong></span> <span class='ocrx_word' id='word_1_325' title='bbox 861 3569 979 3629; x_wconf 79' lang='lat' dir='ltr'><strong>condita</strong></span> <span class='ocrx_word' id='word_1_326' title='bbox 1009 3568 1102 3625; x_wconf 90' lang='lat' dir='ltr'><strong>Roma</strong></span> <span class='ocrx_word' id='word_1_327' title='bbox 1132 3566 1182 3622; x_wconf 85' lang='lat' dir='ltr'><strong>est.</strong></span> <span class='ocrx_word' id='word_1_328' title='bbox 1234 3556 1273 3622; x_wconf 89' lang='lat' dir='ltr'><strong>fr.</strong></span> <span class='ocrx_word' id='word_1_329' title='bbox 1301 3562 1352 3621; x_wconf 78' lang='lat'><strong>89:</strong></span> 
     </span>
     <span class='ocr_line' id='line_1_34' title="bbox 205 3657 1351 3743; baseline -0.001 -24"><span class='ocrx_word' id='word_1_330' title='bbox 205 3661 339 3725; x_wconf 86' lang='lat' dir='ltr'><strong>Flamma</strong></span> <span class='ocrx_word' id='word_1_331' title='bbox 364 3671 423 3728; x_wconf 88' lang='lat' dir='ltr'><strong>looi</strong></span> <span class='ocrx_word' id='word_1_332' title='bbox 445 3674 603 3743; x_wconf 71' lang='lat' dir='ltr'><strong>postquam</strong></span> <span class='ocrx_word' id='word_1_333' title='bbox 629 3670 795 3728; x_wconf 76' lang='lat' dir='ltr'><strong>eorrelusast</strong></span> <span class='ocrx_word' id='word_1_334' title='bbox 820 3669 939 3727; x_wconf 90' lang='lat' dir='ltr'><strong>turbine</strong></span> <span class='ocrx_word' id='word_1_335' title='bbox 964 3683 1061 3725; x_wconf 85' lang='lat' dir='ltr'><strong>saevo.</strong></span> <span class='ocrx_word' id='word_1_336' title='bbox 1107 3657 1295 3739; x_wconf 83' lang='lat' dir='ltr'><strong>Iphigeniae</strong></span> <span class='ocrx_word' id='word_1_337' title='bbox 1317 3657 1351 3721; x_wconf 84' lang='lat' dir='ltr'><strong>ir.</strong></span> 
     </span>
     <span class='ocr_line' id='line_1_35' title="bbox 206 3760 1352 3844; baseline -0.001 -26"><span class='ocrx_word' id='word_1_338' title='bbox 206 3762 257 3821; x_wconf 85' lang='lat'><strong>12:</strong></span> <span class='ocrx_word' id='word_1_339' title='bbox 289 3763 447 3839; x_wconf 81' lang='lat' dir='ltr'><strong>Postquam</strong></span> <span class='ocrx_word' id='word_1_340' title='bbox 471 3770 522 3828; x_wconf 84' lang='lat' dir='ltr'><strong>aba</strong></span> <span class='ocrx_word' id='word_1_341' title='bbox 546 3776 590 3841; x_wconf 86' lang='lat' dir='ltr'><strong>te,</strong></span> <span class='ocrx_word' id='word_1_342' title='bbox 615 3769 811 3844; x_wconf 77' lang='lat' dir='ltr'><strong>Agamemno,</strong></span> <span class='ocrx_word' id='word_1_343' title='bbox 834 3774 866 3824; x_wconf 90' lang='lat' dir='ltr'><strong>ut</strong></span> <span class='ocrx_word' id='word_1_344' title='bbox 890 3767 1030 3838; x_wconf 84' lang='lat' dir='ltr'><strong>venirem,</strong></span> <span class='ocrx_word' id='word_1_345' title='bbox 1054 3760 1149 3832; x_wconf 77' lang='lat' dir='ltr'><strong>tetipit</strong></span> <span class='ocrx_word' id='word_1_346' title='bbox 1170 3776 1259 3818; x_wconf 86' lang='lat' dir='ltr'><strong>aures</strong></span> <span class='ocrx_word' id='word_1_347' title='bbox 1284 3777 1352 3819; x_wconf 91' lang='lat' dir='ltr'><strong>nun-</strong></span> 
     </span>
     <span class='ocr_line' id='line_1_36' title="bbox 202 3856 1351 3942; baseline -0.001 -27"><span class='ocrx_word' id='word_1_348' title='bbox 202 3859 269 3919; x_wconf 88' lang='lat' dir='ltr'><strong>tius.</strong></span> <span class='ocrx_word' id='word_1_349' title='bbox 315 3860 516 3929; x_wconf 88' lang='lat' dir='ltr'><strong>Euhemerus</strong></span> <span class='ocrx_word' id='word_1_350' title='bbox 539 3863 576 3927; x_wconf 89' lang='lat' dir='ltr'><strong>lr.</strong></span> <span class='ocrx_word' id='word_1_351' title='bbox 600 3870 629 3942; x_wconf 87' lang='grc'>4,</span> <span class='ocrx_word' id='word_1_352' title='bbox 655 3869 708 3926; x_wconf 78' lang='grc' dir='ltr'><strong>25ε</strong></span> <span class='ocrx_word' id='word_1_353' title='bbox 732 3873 888 3940; x_wconf 89' lang='lat' dir='ltr'><strong>postquam</strong></span> <span class='ocrx_word' id='word_1_354' title='bbox 913 3863 1044 3923; x_wconf 86' lang='lat' dir='ltr'><strong>rescivit.</strong></span> <span class='ocrx_word' id='word_1_355' title='bbox 1089 3856 1127 3920; x_wconf 85' lang='lat' dir='ltr'><strong>ir.</strong></span> <span class='ocrx_word' id='word_1_356' title='bbox 1145 3860 1173 3932; x_wconf 86' lang='grc'>7,</span> <span class='ocrx_word' id='word_1_357' title='bbox 1190 3860 1245 3919; x_wconf 84' lang='grc'><strong>31;</strong></span> <span class='ocrx_word' id='word_1_358' title='bbox 1274 3857 1351 3916; x_wconf 84' lang='lat' dir='ltr'><strong>Post·</strong></span> 
     </span>
     <span class='ocr_line' id='line_1_37' title="bbox 201 3958 1351 4040; baseline 0.01 -23"><span class='ocrx_word' id='word_1_359' title='bbox 201 3972 292 4027; x_wconf 77' lang='lat' dir='ltr'><strong>quam</strong></span> <span class='ocrx_word' id='word_1_360' title='bbox 314 3979 349 4021; x_wconf 90' lang='lat' dir='ltr'><strong>eo</strong></span> <span class='ocrx_word' id='word_1_361' title='bbox 372 3966 509 4026; x_wconf 66' lang='lat' dir='ltr'><strong>ascendit.</strong></span> <span class='ocrx_word' id='word_1_362' title='bbox 554 3962 656 4027; x_wconf 90' lang='lat' dir='ltr'><strong>Plaut.</strong></span> <span class='ocrx_word' id='word_1_363' title='bbox 673 3961 789 4040; x_wconf 89' lang='lat' dir='ltr'><strong>Amph.</strong></span> <span class='ocrx_word' id='word_1_364' title='bbox 814 3961 837 4040; x_wconf 90' lang='lat' dir='ltr'><strong>l,</strong></span> <span class='ocrx_word' id='word_1_365' title='bbox 860 3966 885 4038; x_wconf 91' lang='lat' dir='ltr'><strong>l,</strong></span> <span class='ocrx_word' id='word_1_366' title='bbox 901 3964 941 4022; x_wconf 83' lang='lat'><strong>64</strong></span> <span class='ocrx_word' id='word_1_367' title='bbox 958 3975 1041 4037; x_wconf 85' lang='lat' dir='ltr'><strong>sqq:</strong></span> <span class='ocrx_word' id='word_1_368' title='bbox 1069 3958 1229 4029; x_wconf 78' lang='lat' dir='ltr'><strong>Postquam</strong></span> <span class='ocrx_word' id='word_1_369' title='bbox 1252 3958 1351 4015; x_wconf 83' lang='lat' dir='ltr'><strong>utrim-</strong></span> 
     </span>
     <span class='ocr_line' id='line_1_38' title="bbox 202 4054 1350 4137; baseline -0.003 -21"><span class='ocrx_word' id='word_1_370' title='bbox 202 4075 259 4131; x_wconf 90' lang='lat' dir='ltr'><strong>que</strong></span> <span class='ocrx_word' id='word_1_371' title='bbox 283 4061 421 4122; x_wconf 79' lang='lat' dir='ltr'><strong>eritumst</strong></span> <span class='ocrx_word' id='word_1_372' title='bbox 441 4081 577 4123; x_wconf 89' lang='lat' dir='ltr'><strong>maxuma</strong></span> <span class='ocrx_word' id='word_1_373' title='bbox 598 4065 694 4137; x_wconf 86' lang='lat' dir='ltr'><strong>eopia,</strong></span> <span class='ocrx_word' id='word_1_374' title='bbox 719 4063 879 4136; x_wconf 88' lang='lat' dir='ltr'><strong>Dispertiti</strong></span> <span class='ocrx_word' id='word_1_375' title='bbox 902 4061 966 4131; x_wconf 88' lang='lat' dir='ltr'><strong>viri,</strong></span> <span class='ocrx_word' id='word_1_376' title='bbox 991 4057 1141 4131; x_wconf 86' lang='lat' dir='ltr'><strong>dispertiti</strong></span> <span class='ocrx_word' id='word_1_377' title='bbox 1165 4054 1297 4130; x_wconf 87' lang='lat' dir='ltr'><strong>ordines,</strong></span> <span class='ocrx_word' id='word_1_378' title='bbox 1315 4080 1350 4094; x_wconf 89' lang='grc'><strong>-·</strong></span> 
     </span>
     <span class='ocr_line' id='line_1_39' title="bbox 202 4152 1353 4237; baseline -0.007 -23"><span class='ocrx_word' id='word_1_379' title='bbox 202 4157 317 4217; x_wconf 87' lang='lat' dir='ltr'><strong>Deinde</strong></span> <span class='ocrx_word' id='word_1_380' title='bbox 348 4170 472 4237; x_wconf 89' lang='lat' dir='ltr'><strong>uterque</strong></span> <span class='ocrx_word' id='word_1_381' title='bbox 502 4163 663 4236; x_wconf 89' lang='lat' dir='ltr'><strong>imperator</strong></span> <span class='ocrx_word' id='word_1_382' title='bbox 690 4162 720 4219; x_wconf 93' lang='lat' dir='ltr'><strong>in</strong></span> <span class='ocrx_word' id='word_1_383' title='bbox 745 4161 871 4218; x_wconf 90' lang='lat' dir='ltr'><strong>medium</strong></span> <span class='ocrx_word' id='word_1_384' title='bbox 895 4165 1012 4218; x_wconf 83' lang='lat' dir='ltr'><strong>exeunt.</strong></span> <span class='ocrx_word' id='word_1_385' title='bbox 1058 4171 1086 4216; x_wconf 89' lang='lat' dir='ltr'><strong>v.</strong></span> <span class='ocrx_word' id='word_1_386' title='bbox 1111 4156 1166 4213; x_wconf 80' lang='lat'><strong>72:</strong></span> <span class='ocrx_word' id='word_1_387' title='bbox 1197 4152 1353 4225; x_wconf 74' lang='lat' dir='ltr'><strong>Postquam</strong></span> 
     </span>
     <span class='ocr_line' id='line_1_40' title="bbox 203 4251 1352 4335; baseline -0.003 -24"><span class='ocrx_word' id='word_1_388' title='bbox 203 4255 233 4313; x_wconf 90' lang='lat' dir='ltr'><strong>id</strong></span> <span class='ocrx_word' id='word_1_389' title='bbox 255 4262 393 4335; x_wconf 81' lang='lat' dir='ltr'><strong>actumst,</strong></span> <span class='ocrx_word' id='word_1_390' title='bbox 423 4262 510 4319; x_wconf 90' lang='lat' dir='ltr'><strong>tubae</strong></span> <span class='ocrx_word' id='word_1_391' title='bbox 534 4262 680 4334; x_wconf 88' lang='lat' dir='ltr'><strong>utrimque</strong></span> <span class='ocrx_word' id='word_1_392' title='bbox 704 4266 809 4317; x_wconf 91' lang='lat' dir='ltr'><strong>eontra</strong></span> <span class='ocrx_word' id='word_1_393' title='bbox 832 4267 950 4316; x_wconf 87' lang='lat' dir='ltr'><strong>canunt.</strong></span> <span class='ocrx_word' id='word_1_394' title='bbox 996 4252 1240 4329; x_wconf 81' lang='lat' dir='ltr'><strong>11‚1‚5esq.:</strong></span> <span class='ocrx_word' id='word_1_395' title='bbox 1279 4251 1352 4309; x_wconf 84' lang='lat' dir='ltr'><strong>linio</strong></span> 
     </span>
     <span class='ocr_line' id='line_1_41' title="bbox 202 4348 1350 4433; baseline -0.009 -20"><span class='ocrx_word' id='word_1_396' title='bbox 202 4355 314 4417; x_wconf 91' lang='lat' dir='ltr'><strong>homini</strong></span> <span class='ocrx_word' id='word_1_397' title='bbox 338 4361 438 4419; x_wconf 90' lang='lat' dir='ltr'><strong>nescio</strong></span> <span class='ocrx_word' id='word_1_398' title='bbox 461 4359 530 4433; x_wconf 91' lang='lat' dir='ltr'><strong>quid</strong></span> <span class='ocrx_word' id='word_1_399' title='bbox 554 4366 602 4418; x_wconf 89' lang='lat' dir='ltr'><strong>est</strong></span> <span class='ocrx_word' id='word_1_400' title='bbox 623 4360 692 4418; x_wconf 89' lang='lat' dir='ltr'><strong>mali</strong></span> <span class='ocrx_word' id='word_1_401' title='bbox 718 4389 755 4399; x_wconf 92' lang='lat'>-</span> <span class='ocrx_word' id='word_1_402' title='bbox 782 4356 930 4416; x_wconf 86' lang='lat' dir='ltr'><strong>obiectum</strong></span> <span class='ocrx_word' id='word_1_403' title='bbox 945 4386 988 4394; x_wconf 88' lang='lat'>—</span> <span class='ocrx_word' id='word_1_404' title='bbox 1003 4353 1162 4424; x_wconf 80' lang='lat' dir='ltr'><strong>Postquam</strong></span> <span class='ocrx_word' id='word_1_405' title='bbox 1178 4367 1195 4408; x_wconf 87' lang='lat' dir='ltr'><strong>a</strong></span> <span class='ocrx_word' id='word_1_406' title='bbox 1211 4367 1256 4409; x_wconf 89' lang='lat' dir='ltr'><strong>me</strong></span> <span class='ocrx_word' id='word_1_407' title='bbox 1272 4348 1350 4408; x_wconf 73' lang='lat' dir='ltr'><strong>aiiii</strong></span> 
     </span>
    </p>
   </div>
   <div class='ocr_carea' id='block_1_3' title="bbox 0 0 1568 5075">
    <p class='ocr_par' dir='ltr' id='par_1_4' title="bbox 0 0 1568 5075">
     <span class='ocr_line' id='line_1_42' title="bbox 0 0 1568 5075; baseline 0 0"><span class='ocrx_word' id='word_1_408' title='bbox 0 0 1568 5075; x_wconf 95' lang='lat' dir='ltr'><strong> </strong></span> 
     </span>
    </p>
   </div>
  </div>
 </body>
</html>
