3125 5075
568 1320 746 1423 Sectio
776 1323 962 1454 prima

281 1530 465 1631 syntaxis
498 1531 871 1627 substantivorum,
909 1532 1261 1636 praepositionum

537 1674 662 1773 atque
697 1667 994 1771 pronominum

667 1877 871 1887 βω...-

610 1999 638 2077 1,
689 1998 925 2078 Substantiva

705 2175 776 2250 Gap.
800 2176 825 2233 1.

470 2308 526 2373 De
547 2307 705 2374 notione
727 2304 1072 2372 substantivorum.

279 2433 318 2513 In
338 2449 464 2532 syntaxi
486 2451 526 2515 de
547 2449 739 2515 substantivi
753 2449 882 2515 notione
904 2452 1002 2528 atque
1023 2443 1252 2528 significatione
1272 2453 1343 2539 tan·

219 2550 267 2613 lun
285 2571 320 2618 ea
346 2552 516 2620 tractanda
544 2557 636 2632 sunt,
661 2571 753 2634 ,quae
782 2553 824 2617 ad
850 2568 942 2618 usum
972 2549 1165 2632 singularem
1194 2568 1347 2631 generum

219 2653 391 2723 quorundam
413 2650 702 2730 substantivorum,
736 2650 791 2730 qui
812 2649 929 2714 iterum
955 2664 993 2713 ac
1021 2646 1149 2728 saepius
1175 2647 1347 2727 reperitur,

217 2752 349 2829 neunt,
382 2766 446 2814 non
467 2765 546 2813 vero
574 2746 821 2830 significationes
846 2746 1026 2829 singulares
1053 2742 1249 2826 singulorum
1272 2744 1347 2810 sub·

217 2843 418 2926 sciurorum,
453 2863 534 2928 quas
561 2865 748 2915 enumerare
774 2845 981 2928 lexicologiae
1009 2850 1072 2925 est,
1104 2862 1167 2909 non
1195 2844 1347 2928 syntaxis,

216 2952 384 3024 quanquam
406 2962 468 3008 non
490 2950 599 3025 potest
620 2946 745 3027 negari,
778 2947 811 3010 in
832 2944 892 3008 hac
912 2944 983 3025 ipsa
1008 2948 1101 3025 parte
1123 2941 1348 3024 grammaticae

216 3029 273 3103 fines
293 3046 390 3120 atque
416 3041 535 3107 limites
562 3044 730 3123 utriusque
757 3043 922 3107 doctrinae
949 3058 1012 3104 non
1040 3058 1134 3122 posse
1162 3045 1228 3102 tam
1254 3056 1347 3104 accu-

215 3139 265 3201 rate
291 3139 442 3204 constitui
470 3145 504 3204 et
530 3141 622 3222 quasi
649 3139 880 3218 circumscribi,
913 3142 1040 3202 utnon
1074 3136 1234 3202 interdum
1261 3134 1348 3201 hand

215 3244 294 3308 pauca
316 3236 347 3300 in
371 3239 497 3318 syntaxi
520 3237 796 3304 commemoranda
816 3237 890 3314 sint,
912 3253 996 3316 quae
1013 3236 1143 3317 proprie
1163 3238 1204 3303 ad
1224 3237 1347 3304 lexicon

212 3333 363 3405 pertinent.
408 3334 443 3398 si
464 3353 540 3401 vero
563 3337 748 3401 immensam
770 3334 1058 3412 substantivorum,
1082 3338 1240 3415 quotquot
1262 3341 1346 3414 sunt,

213 3430 314 3506 copiam
336 3430 587 3512 perlustramus,
617 3432 710 3499 lacile
737 3432 914 3514 poterimus
942 3431 1005 3495 duo
1033 3431 1205 3511 praecipue
1228 3449 1347 3513 genera

212 3537 301 3590 eornm
323 3529 520 3609 discernere,
555 3548 691 3611 quorum
720 3548 818 3594 unum
846 3527 1047 3593 substantiva
1073 3528 1174 3608 magis
1200 3529 1347 3609 specialis

212 3624 288 3700 abne
309 3626 496 3707 singularis,
528 3627 665 3693 alterum
688 3627 791 3709 magis
813 3624 973 3708 generalis
1001 3620 1240 3705 significationis
1263 3642 1347 3691 com·

208 3715 349 3794 plectitur.

279 3826 304 3882 1.
341 3819 411 3884 lam
432 3837 511 3885 usus
533 3822 669 3887 maxime
690 3819 905 3888 memorabilis
932 3825 966 3884 et
994 3825 1125 3902 praeter
1153 3824 1279 3886 ceteros
1301 3820 1349 3886 dl·

209 3929 283 3997 gnus,
305 3917 360 3999 qui
383 3919 417 3982 in
438 3918 682 3987 adumbratione
704 3921 799 3986 huius
826 3919 928 4001 partis
951 3918 1092 3998 syntaxis
1118 3917 1237 3983 latinae
1260 3934 1345 3984 com-

209 4020 396 4096 memoretur,
420 4016 475 4096 qui
497 4015 593 4082 etiam
615 4017 768 4084 latissime
790 4021 897 4099 patet,
918 4015 970 4081 hic
992 4020 1052 4094 est,
1074 4020 1111 4129 tp
1132 4033 1191 4096 pro
1212 4012 1349 4080 notioni·

207 4105 253 4176 bus
283 4113 500 4195 singularibus
528 4115 688 4195 generalis
727 4116 830 4196 magis
866 4110 1106 4193 significationis
1127 4100 1347 4192 ‘substantiva

205 4221 325 4285 quorum
347 4210 488 4275 ambitus
509 4208 606 4278 latius
627 4216 733 4293 patet,
756 4212 842 4277 haud
863 4227 938 4275 raro
960 4212 1168 4289 usurpentur,
1190 4224 1254 4289 quo
1274 4228 1348 4290 per·

205 4303 272 4371 linet
303 4307 467 4388 inprimis,
505 4308 532 4372 si
565 4310 728 4377 abstracta
760 4328 820 4392 pro
850 4305 1007 4373 concretis
1036 4309 1208 4385 ponuntur.
1258 4306 1347 4371 Idem

203 4415 269 4469 usus
291 4410 342 4469 est
360 4405 446 4485 apud
462 4404 612 4488 Graecos,
635 4408 675 4472 de
698 4407 814 4488 quibus
836 4406 898 4471 vid.
921 4400 1110 4483 Bernhardy
1131 4400 1220 4484 Synt.
1242 4421 1347 4484 graec.

198 4513 223 4578 p.
244 4505 284 4565 46
317 4520 364 4582 sq.
409 4500 551 4568 Plurima
582 4512 690 4570 autem
718 4504 933 4582 substantiva,
966 4515 1049 4580 quae
1080 4497 1144 4563 huc
1175 4500 1348 4580 pertinent,

240 4600 324 4650 Holtu,
338 4601 449 4651 synaxin.
477 4603 497 4642 1.
1121 4608 1137 4662 ι
