3125 5075
515 540 603 581 CASUS
617 541 883 582 suesisn'ilvonuu.
898 562 921 571 -
941 543 1045 584 ABLAT.
1317 560 1358 619 69

214 718 277 777 belii
298 719 331 778 et
352 718 487 777 militiae.
534 715 585 781 Sic
608 716 701 782 Ennii
724 715 910 798 Iphigeniae
933 715 970 781 fr.
993 725 1023 796 4,
1046 737 1075 783 ν.
1100 722 1177 785 257;
1201 727 1278 784 euim
1306 744 1358 788 ue·

211 832 259 890 que
279 814 358 874 domi
380 832 458 875 nunc
481 832 537 876 uos
561 833 617 876 uec
639 818 764 876 militiae
787 835 896 878 sumus.
929 814 1033 880 Plane.
1049 816 1236 899 Caph-prol.
1254 840 1282 884 u.
1299 825 1358 887 68:

210 915 320 985 latete,
355 913 470 974 indices
504 916 683 987 iustissumi,
717 916 809 974 Domi
837 915 983 990 duellique
1010 916 1199 981 duellatores
1233 923 1357 993 optumi.

208 1008 284 1073 isin.
296 1007 358 1085 ΠΙ,
373 1013 403 1089 2,
423 1014 476 1075 13:
501 1029 576 1087 quac
592 1012 671 1071 domi
685 1013 833 1087 duellique
848 1018 924 1075 mule
941 1013 1048 1074 fecisti.
1080 1011 1207 1077 Terent.
1222 1014 1357 1097 Adelph.

207 1105 258 1182 111,
278 1115 309 1186 4,
330 1111 390 1170 49:
417 1127 478 1169 uns
500 1126 619 1185 semper
640 1112 765 1170 utilit-lue
787 1118 815 1172 et
835 1112 914 1170 domi
937 1111 1067 1173 Fuimus.
1112 1109 1215 1175 Rudd.
1238 1130 1269 1191 p.
1294 1118 1357 1178 274

207 1203 300 1269 adnot.
325 1210 342 1267 7
367 1204 447 1270 dicit
468 1208 541 1267 belli
563 1206 630 1271 sive
654 1210 746 1270 duelli
770 1210 867 1273 etiam
890 1224 952 1271 non
977 1206 1087 1270 addita
1109 1225 1186 1272 voce
1208 1212 1287 1272 domi
1309 1210 1357 1277 sic

208 1302 350 1382 reperiri,
373 1303 430 1367 sed
453 1320 537 1383 quse
559 1302 654 1370 affert
675 1305 836 1386 exemplu,
859 1304 920 1370 hoc
941 1305 1104 1369 nonsatis
1127 1304 1356 1372 demonstrant

208 1398 277 1462 Nam
298 1398 369 1464 loco
391 1399 487 1464 Ennii
510 1420 560 1482 up.
584 1400 736 1467 Pn'scian.
760 1403 779 1467 Ι.
797 1402 854 1481 nn
877 1422 908 1483 p.
927 1409 990 1468 453
1007 1401 1115 1467 Krehl.
1141 1411 1204 1483 (ap.
1221 1404 1355 1472 Vahlen.

210 1495 241 1560 tr.
261 1498 319 1561 inc.
341 1497 428 1562 sedis
450 1518 478 1561 v.
501 1502 591 1574 biiii:
615 1505 677 1563 Hos
700 1505 795 1577 pestis
817 1505 928 1578 necuit,
950 1521 1022 1578 pars
1042 1504 1154 1564 occidit
1173 1506 1227 1565 illu
1249 1505 1356 1566 duellia

209 1596 267 1674 ipse
283 1595 524 1661 Rudclimannus
546 1598 623 1662 dicit
646 1600 677 1664 in
702 1598 848 1663 omnibus
871 1598 938 1663 suis
957 1597 1048 1662 libris
1068 1598 1132 1679 legi
1152 1603 1269 1676 duellis,
1293 1619 1357 1666 non

209 1696 297 1759 duelli
322 1698 355 1759 et
377 1695 423 1758 sic
446 1694 544 1759 hebet
565 1697 661 1761 etium
678 1696 863 1761 Vahlenius.
901 1695 1015 1776 Amph.
1032 1695 1072 1773 ΙΙ,
1093 1699 1122 1774 2,
1142 1700 1194 1761 16;
1218 1709 1251 1760 ut
1274 1717 1357 1761 meus

209 1794 295 1853 victor
315 1796 361 1853 uir
382 1795 451 1853 belli
473 1797 571 1855 clueat
594 1795 753 1875 genitivus
774 1794 894 1873 pendet
916 1813 936 1858 s
961 1798 1065 1869 victer,
1088 1794 1355 1874 quemadmodum

209 1888 293 1952 etiam
315 1894 412 1952 victor
435 1911 551 1968 pugnae
579 1892 640 1957 dici
664 1897 786 1972 petest,
821 1891 873 1956 nbi
902 1910 963 1955 non
992 1891 1094 1972 magis
1122 1899 1173 1956 est
1199 1892 1357 1960 locativus
1459 1882 1462 1889 ¹

210 1987 394 2052 statuendus.
441 1989 564 2054 Deinde
587 1989 712 2054 Terent.
737 1989 853 2055 Heaut.
876 1989 901 2069 I,
927 1995 960 2067 l,
984 1993 1039 2053 60:
1074 1999 1162 2067 atque
1191 1994 1231 2052 ibi
1262 1994 1356 2056 Simul

209 2104 260 2145 ren
275 2098 305 2146 et
319 2088 447 2163 gloriam
462 2091 552 2149 armis
568 2091 635 2152 aelli
650 2091 773 2165 repperi
794 2086 905 2153 dubito
920 2105 961 2152 an
981 2087 1143 2167 genitivus
1163 2092 1237 2152 belli
1257 2089 1356 2153 etiam

209 2182 383 2263 simpliciter
405 2184 445 2248 ab
469 2189 558 2247 armis
583 2186 722 2265 pendere
746 2186 856 2266 possit.

279 2284 368 2343 Ruri.
415 2279 495 2346 Cato
525 2283 561 2348 R.
586 2283 622 2347 li.
646 2303 673 2348 c.
695 2290 732 2348 4:
767 2288 834 2347 ruri
856 2288 882 2346 si
905 2294 988 2345 recte
1012 2287 1203 2346 habitaveris.
1248 2283 1355 2349 Plaut.

210 2378 292 2445 Truc.
316 2380 355 2459 V,
379 2398 407 2443 V.
432 2384 487 2445 23:
521 2385 625 2459 Neque
647 2386 716 2445 ruri
745 2402 841 2459 neque
871 2385 920 2443 hic
952 2386 1109 2459 quidquam
1132 2387 1232 2459 operis
1262 2386 1355 2445 facto.

210 2476 268 2543 Ces.
291 2477 317 2557 Ι,
342 2498 370 2542 v.
399 2484 450 2543 17:
485 2483 636 2557 Praefeci,
671 2484 738 2544 ruri
760 2491 844 2544 recte
873 2484 924 2558 qui
951 2490 1036 2543 curet
1060 2490 1167 2542 tumen.
1212 2480 1306 2546 Most.
1329 2481 1357 2562 1,

209 2583 228 2652 1,
250 2583 305 2642 31:
328 2585 375 2641 An
399 2580 467 2639 ruri
490 2599 599 2655 quaeso
623 2602 679 2642 non
704 2591 772 2643 snut
796 2599 869 2657 quos
892 2599 979 2641 cures
1002 2580 1106 2641 bovis?
1141 2578 1199 2657 ΙΙΙ,
1224 2586 1253 2659 2,
1279 2585 1356 2644 112:

207 2677 261 2737 Sibi
288 2681 414 2754 quisque
441 2680 512 2739 rocci
541 2685 632 2740 metit.
679 2678 776 2741 hiere.
805 2697 834 2741 v.
865 2683 941 2742 509:
980 2683 1051 2741 ruri.
1082 2696 1108 2740 v.
1140 2684 1215 2743 543:
1248 2681 1355 2740 rurist.

203 2772 251 2851 ll,
279 2779 304 2854 l,
329 2778 369 2838 20
392 2779 474 2838 etv.
500 2779 575 2839 766:
613 2781 684 2837 ruri.
731 2795 759 2839 v.
785 2781 861 2839 760:
896 2780 1002 2838 rurist.
1049 2795 1076 2840 v.
1106 2782 1177 2841 324.
1208 2776 1249 2854 ΙΙ,
1273 2780 1302 2850 2,
1326 2780 1356 2840 2.

202 2871 415 2950 bacculis,
434 2877 509 2937 131:
533 2879 564 2935 Si
588 2878 633 2935 illi
657 2883 725 2935 sunt
746 2877 846 2951 virgae
870 2877 946 2942 ruri,
968 2882 1000 2934 at
1021 2878 1091 2937 mihi
1107 2886 1221 2952 tergum
1237 2878 1355 2938 domist.

202 2971 289 3036 ilost.
313 2971 340 3047 Ι,
369 2977 454 3048 1,4:
478 2975 541 3048 Ego
564 2975 615 3049 pol
639 2973 771 3040 tereti,
800 2976 825 3033 si
850 2976 954 3049 vivam,
978 2977 1108 3036 ulciscar
1130 2979 1232 3050 prebe.
1271 2992 1300 3037 v.
1318 2979 1354 3037 7:

200 3078 242 3133 hu
266 3074 334 3133 ruri
355 3088 461 3130 censes
486 3082 515 3131 te
539 3071 627 3132 csse?
671 3089 699 3132 v.
727 3074 781 3134 18:
820 3074 951 3147 lugebis
973 3073 1042 3133 ruri
1064 3091 1231 3146 numerum,
1261 3091 1356 3150 genus

201 3169 341 3230 forratile.
366 3166 686 3246 Ter.Phorm.II,3,
706 3172 756 3231 16:
781 3172 848 3230 ruri
871 3169 934 3230 iere
951 3172 989 3230 Se
1012 3173 1193 3233 continebat.
1220 3167 1355 3249 Adelph.

200 3266 272 3343 11,
296 3272 354 3329 ue:
388 3268 470 3327 Rctri
498 3286 586 3342 agere
609 3271 709 3327 vitam.
755 3265 781 3344 Ι,
805 3269 835 3345 2,
862 3272 917 3330 15;
953 3270 1008 3328 Rei
1039 3269 1110 3330 dare
1139 3287 1259 3343 operam
1287 3269 1358 3330 ruri

201 3384 318 3440 parcum
342 3383 377 3424 uc
402 3366 542 3426 sobrium.
587 3362 644 3441 ΙΙΙ,
670 3369 698 3443 3,
722 3370 780 3427 47;
815 3368 1007 3426 Iamdudum
1031 3368 1142 3442 aliquid
1170 3369 1237 3426 ruri
1266 3385 1356 3444 agere

203 3465 336 3525 arbitror.
381 3461 437 3540 lv,
461 3467 490 3540 2,
514 3466 549 3526 3:
581 3464 610 3523 Is
634 3465 725 3523 filium
753 3474 843 3538 negat
866 3482 932 3524 esse
955 3465 1032 3525 rum
1077 3461 1155 3526 Hec.
1178 3462 1221 3540 ΙΙ,
1245 3470 1275 3542 l,
1303 3466 1356 3527 18:

203 3566 259 3634 hu,
285 3563 355 3636 quia
379 3563 446 3622 ruri
468 3579 534 3622 esse
558 3563 666 3622 erebro
689 3565 780 3623 soleo.
825 3557 952 3623 Pherm.
971 3557 1012 3637 ΙΙ,
1039 3565 1065 3638 Ι,
1090 3563 1146 3622 2οε
1181 3565 1262 3636 Opus
1289 3561 1359 3622 ruri

204 3658 376 3720 taciundum.

282 3759 351 3818 llic.
398 3754 502 3820 Huius
530 3756 674 3820 adverbii
697 3756 842 3836 exemplu
865 3756 1039 3820 seeundum
1064 3773 1118 3820 eas
1142 3755 1261 3821 classes
1283 3773 1357 3836 pro·

208 3850 308 3934 leram,
330 3872 411 3935 quas
433 3852 510 3918 lecit
532 3853 675 3917 Handius
698 3854 729 3917 in
753 3854 943 3919 Turselhno.

284 3973 312 4016 1.
346 3954 409 4013 Hic
424 3949 583 4032 significat
598 3951 711 4031 locum,
735 3953 766 4015 in
782 3970 845 4033 qno
862 3971 931 4034 ego,
955 3952 1009 4033 qui
1025 3951 1147 4032 loquor,
1172 3957 1231 4015 sto.
1256 3949 1356 4016 Nacv.

210 4045 491 4114 Tarentilleeh.4:
515 4054 621 4113 hicine.
651 4051 745 4114 Ennii
756 4050 943 4131 Iphigeniae
955 4049 992 4114 ir.
1005 4057 1036 4130 4,
1059 4069 1088 4113 v.
1102 4055 1174 4113 257.
1208 4047 1358 4130 Thyestis

211 4142 240 4209 ir.
262 4153 308 4214 13.
332 4147 528 4229 Epigramm.
556 4166 584 4227 τ,
608 4167 635 4211 v.
661 4155 695 4213 5:
718 4152 780 4212 Hic
802 4161 849 4212 est
871 4152 923 4212 ille
946 4153 1030 4212 situs.
1075 4146 1178 4211 Plaut.
1199 4144 1313 4210 Bacch.
1330 4145 1357 4227 Ι,

214 4249 235 4321 l,
260 4253 313 4326 71,
343 4253 398 4311 74:
437 4248 537 4309 Semul
577 4249 626 4309 hic
655 4252 756 4310 nescio
786 4252 836 4326 qui
864 4250 985 4310 turbare
1019 4251 1128 4324 coepit.
1167 4243 1212 4326 ll,
1236 4248 1272 4323 2,
1301 4246 1356 4307 26:

212 4344 266 4416 llic,
287 4356 447 4408 exeuntem
469 4365 515 4407 me
539 4348 617 4407 unde
640 4350 784 4423 aspexisti
807 4349 903 4408 modo.
948 4365 977 4410 v.
1001 4349 1057 4410 49:
1083 4364 1138 4422 ego
1162 4345 1211 4404 hic
1235 4345 1356 4407 curabo.

212 4435 243 4519 ΙΙ,
264 4447 292 4523 3,
317 4450 392 4510 12Ι;
418 4463 493 4521 quus
516 4463 570 4523 ego
599 4447 646 4506 llic
668 4449 770 4508 turbas
797 4447 882 4507 dabo.
927 4442 988 4522 ΙΙΙ,
1013 4449 1041 4521 3,
1066 4446 1116 4506 68.
1163 4440 1217 4519 lv,
1240 4448 1270 4521 4,
1294 4446 1348 4506 64;

211 4542 260 4604 ism
282 4546 351 4607 laxo
374 4546 424 4606 lu'e
447 4554 544 4605 erunt.
590 4541 688 4608 Stich.
711 4562 740 4608 v.
765 4547 815 4607 67.
840 4562 868 4608 v.
892 4546 942 4608 92.
987 4541 1013 4622 Ι,
1038 4546 1067 4621 3,
1091 4545 1141 4606 90.
1185 4539 1228 4620 11,
1254 4548 1281 4620 l,
1306 4544 1356 4605 38.
