3125 5075
272 532 336 597 326
559 517 622 560 ΟΔΡ.
635 517 682 558 Π.
707 514 857 557 DOOERINA
883 513 1137 557 ammanium

273 709 394 790 cipiens
427 701 595 775 ἀσυνδέτους
627 703 754 769 adiecta
787 708 837 768 est
864 702 978 783 priori,
1010 721 1083 768 nam
1111 708 1140 764 ιι
1171 699 1336 781 interponi
1361 704 1428 781 pot

273 806 384 871 uisset.

361 901 380 964 i.
425 898 610 966 Sententiae
650 896 859 962 disiunctivee
898 902 1033 977 possunt
1072 896 1232 962 communi
1270 895 1430 977 negationi

273 997 419 1065 submitti
447 999 614 1061 ettamen
641 998 813 1072 utrumque
839 995 1017 1060 membrum
1045 994 1159 1075 negari
1189 1011 1249 1075 per
1276 1011 1371 1069 neone
1390 1027 1430 1039 -

275 1113 378 1170 nepae.
423 1093 550 1158 Terent
573 1092 654 1156 Eun
677 1089 709 1169 I,
734 1095 771 1169 2,
795 1096 836 1156 67
859 1106 922 1171 sq.:
950 1096 1045 1156 babeo
1076 1095 1125 1154 bic
1154 1095 1303 1152 ιιοιιιιιιειιι
1329 1093 1430 1166 Nepae

275 1196 401 1256 amicum
422 1210 515 1265 meuc
536 1199 702 1268 cognatum.
747 1188 850 1268 11,s‚
875 1195 928 1254 14:
954 1193 1051 1253 aeuo
1087 1193 1203 1259 hercle,
1231 1207 1327 1264 new
1355 1191 1431 1251 unde

275 1310 340 1353 sam
362 1307 455 1363 aeque
477 1307 616 1364 quorsum
642 1306 718 1350 eam.
762 1285 819 1365 IV,
842 1293 877 1366 4,
908 1292 965 1351 54ι
999 1291 1043 1350 Tu
1065 1291 1134 1367 pol,
1163 1289 1191 1349 si
1217 1289 1317 1363 sapis,
1349 1286 1432 1361 Quod

276 1390 337 1450 scis
359 1388 468 1462 ιιιιεοίε,
490 1402 582 1458 nepus
605 1386 642 1445 de
664 1388 914 1459 eunuchumque
936 1388 973 1447 de
994 1388 1068 1447 vitio
1089 1387 1222 1460 virginis.

360 1482 392 1546 k.
437 1480 680 1562 Coniunguntur
703 1480 787 1545 duae
809 1482 988 1546 sententies
1009 1498 1069 1561 per
1090 1500 1185 1556 meuse
1205 1515 1248 1526 —
1271 1488 1309 1543 et.
1357 1479 1434 1545 Cato

277 1579 315 1644 R
332 1579 370 1644 R.
387 1596 413 1644 c.
434 1582 510 1643 130:
533 1582 580 1641 ltu
600 1598 694 1654 necue
715 1579 831 1642 fumosa
853 1591 951 1653 erunt,
974 1586 1003 1642 ei
1024 1582 1172 1641 ardebunt
1185 1582 1273 1642 bene.
1305 1577 1432 1642 Terent.

275 1679 358 1743 Eun.
380 1677 418 1753 V,
441 1682 477 1745 4,
499 1680 557 1741 43:
585 1679 670 1754 Vide,
694 1680 858 1756 Parmeno,
883 1680 960 1752 Quid
982 1697 1068 1755 agas,
1090 1696 1128 1739 ne
1151 1695 1245 1752 ueqece
1267 1679 1314 1738 illi
1337 1679 1434 1753 prosis

277 1782 359 1838 citu
381 1796 499 1853 pereas.

361 1873 382 1938 l.
427 1872 608 1953 Separatim
629 1870 728 1936 affero
751 1889 807 1936 eos
829 1870 925 1948 locos,
948 1870 1004 1935 ubi
1018 1890 1071 1933 nec
1085 1870 1214 1952 ponitur
1230 1868 1435 1934 coniunctum

277 1988 349 2037 cum
371 1969 572 2036 coniunctivo
594 1967 810 2049 imperatorio.
846 1968 942 2032 Ennii
965 1968 1151 2049 epigramm.
1177 1974 1204 2037 1,
1225 1985 1255 2030 ι.
1280 1971 1317 2030 3ι
1341 1970 1435 2029 Nemo

275 2086 323 2130 me
345 2070 488 2130 lacrumis
512 2068 636 2129 decoret
655 2086 709 2128 aec
730 2067 837 2129 funera
859 2066 931 2127 deta
956 2068 1058 2127 Facit.
1089 2066 1193 2129 Pleut.
1218 2065 1308 2128 Asiu
1333 2061 1390 2140 lv,
1409 2070 1435 2140 1,

277 2167 319 2229 29
342 2180 428 2243 sqq.:
452 2164 640 2240 Suspitiones
662 2167 758 2226 omnis
781 2165 819 2224 ab
842 2182 875 2226 se
898 2173 1045 2241 segreget,
1067 2166 1169 2238 Neque
1183 2167 1275 2225 illaec
1289 2165 1347 2223 ulli
1360 2164 1435 2238 pede

276 2264 383 2339 pedem
413 2260 562 2338 [aequum]
591 2263 703 2323 bomini
726 2266 857 2336 premet.
904 2264 999 2336 Quom
1027 2269 1147 2338 surgat,
1173 2279 1269 2335 acque
1297 2259 1380 2337 [illa]
1406 2263 1436 2320 in

276 2363 387 2422 lectum
420 2360 575 2420 inscendat
605 2377 798 2433 proxumum,
832 2359 935 2432 Neque
963 2378 1049 2434 quom
1078 2360 1244 2420 descendet
1269 2358 1359 2435 indo,
1391 2360 1438 2418 det

277 2460 435 2535 quoiquam
464 2475 590 2518 manum.
634 2457 835 2530 Spectandum
869 2473 907 2517 ue
938 2459 1097 2532 quoiquam
1126 2459 1247 2516 anulum
1270 2458 1436 2530 dataeque

276 2562 367 2630 repet.
414 2553 504 2635 Capt.
527 2552 574 2631 II,
598 2556 627 2622 3,
651 2557 706 2616 76:
729 2556 884 2628 inquere
908 2574 964 2631 pro
987 2558 1082 2616 libero
1106 2572 1173 2615 esse
1197 2555 1306 2629 ducas,
1331 2558 1435 2631 pignus

276 2654 410 2730 deseres,
432 2654 538 2726 Neque
557 2653 607 2712 des
630 2669 752 2727 operam
766 2670 823 2726 pro
839 2669 886 2712 me
908 2659 942 2712 ιιι
964 2655 1051 2714 huius
1067 2653 1207 2713 reducem
1223 2651 1319 2713 facias
1335 2653 1434 2713 filium.

276 2747 341 2824 ΠΙ,
365 2754 395 2826 4,
419 2755 473 2813 73:
496 2751 600 2824 Neque
626 2753 676 2825 pol
699 2767 746 2809 me
776 2748 927 2816 insanum,
957 2751 1069 2825 Hegio,
1097 2767 1164 2811 esse
1191 2749 1311 2810 ονιάιιιῗιι
1334 2753 1435 2826 Neque

277 2847 371 2909 fuisse
393 2866 530 2923 umquam
553 2864 648 2921 neque
671 2862 738 2906 esse
761 2848 911 2923 morbum,
935 2864 1022 2922 quem
1044 2850 1113 2908 istic
1136 2854 1278 2908 autumat.
1322 2846 1434 2911 Bacclu

277 2942 342 3022 111,
365 2948 395 3021 3,
419 2947 473 3007 72:
496 2945 579 3019 ipsus
602 2960 698 3017 neque
713 2950 795 3004 amat
815 2960 907 3016 umus
928 2952 962 3003 tu
976 2945 1102 3005 medeas
1125 2944 1180 3017 (=
1195 2943 1283 3022 neu).
1308 2943 1434 3008 Terent

276 3039 357 3104 Eun.
382 3039 412 3115 I,
439 3045 473 3116 l,
494 3043 534 3103 31
554 3055 635 3117 squ:
659 3042 700 3099 Et
723 3058 760 3100 ne
784 3048 814 3100 te
837 3040 982 3100 adflictes.
1013 3038 1079 3103 PH.
1103 3043 1188 3101 Itane
1213 3044 1343 3103 suades?
1372 3041 1434 3105 Pr.

278 3139 310 3199 Si
333 3139 422 3210 sepis.
453 3138 555 3210 Neque
582 3146 704 3213 praeter
735 3155 822 3211 quem
851 3157 925 3212 quas
953 3141 1019 3214 ipse
1048 3157 1131 3199 amor
1160 3142 1316 3201 molestias
1340 3143 1437 3201 Habet

279 3235 382 3300 addus,
405 3243 437 3294 et
458 3237 526 3296 illes
550 3253 622 3309 quas
645 3235 738 3295 babet
758 3242 842 3295 recte
866 3235 956 3295 feras.
1001 3233 1119 3299 Heaut.
1143 3234 1180 3313 V,
1205 3240 1239 3311 2,
1264 3241 1321 3299 22:
1347 3240 1391 3298 Ne
1407 3246 1436 3297 te

278 3332 426 3395 admisce:
449 3364 492 3375 -
512 3350 566 3393 uec
587 3341 620 3391 tu
642 3349 724 3391 aram
747 3333 803 3392 tibi
824 3333 887 3392 Nec
907 3341 1095 3408 precatorem
1112 3336 1248 3407 pararis.

365 3433 414 3493 32.
460 3432 541 3490 Neve
569 3428 635 3492 sive
662 3447 720 3488 neec
746 3427 864 3492 dicitur
888 3445 947 3508 pro
980 3436 1009 3489 et
1039 3449 1084 3492 ue.
1130 3431 1276 3495 Handius
1300 3431 1435 3496 Turseli.

279 3524 336 3602 IV,
359 3543 389 3604 p.
416 3531 475 3592 173
500 3544 561 3606 squ
586 3524 764 3605 „Negativa
787 3526 960 3603 sententia,
984 3544 1047 3606 qua
1069 3527 1206 3603 iubetur,
1230 3546 1271 3593 ue
1295 3530 1373 3608 quid
1395 3531 1437 3594 sit

278 3628 336 3686 aut
358 3620 430 3701 fiat,
463 3623 530 3687 sive
553 3623 740 3702 imperativo
770 3623 837 3686 sive
860 3624 1061 3689 coniunctivo
1084 3643 1250 3705 expressa,
1275 3627 1330 3691 nbi
1355 3628 1436 3691 duae

277 3718 330 3783 vel
351 3718 461 3799 plures
483 3737 536 3783 res
558 3716 790 3800 significantur,
820 3720 853 3784 iu
875 3720 978 3784 altero
1000 3722 1142 3787 membro
1164 3731 1222 3787 aut
1244 3724 1276 3787 in
1300 3732 1438 3804 utroque

279 3817 393 3895 recipit
418 3835 497 3880 nece.
547 3816 598 3881 Ita
623 3813 660 3880 fit
681 3835 719 3878 ne
740 3850 782 3860 -
804 3836 876 3878 nece
902 3837 928 3883 s.
950 3838 1021 3889 eeu,
1048 3839 1107 3881 aeas
1129 3855 1171 3866 -
1198 3832 1288 3884 uere.“
1337 3823 1438 3904 Legg.

278 3912 341 3977 Xll
363 3913 450 3977 tabb.
474 3912 514 3992 X,
540 3919 566 3976 1.
591 3919 657 3979 3.4
680 3919 732 3979 est
752 3914 958 3995 imperativus
981 3917 1168 3983 coniunctus
1184 3936 1257 3982 cum
1273 3940 1320 3998 ne,
1344 3938 1437 4000 quem

278 4010 426 4089 sequitur
446 4029 505 4073 uere
527 4028 599 4076 cum
621 4012 822 4092 imperativo.
867 4013 914 4077 lb.
937 4013 976 4078 fr.
995 4020 1014 4078 9
1039 4020 1090 4078 est
1110 4036 1182 4077 neve
1203 4034 1276 4082 cum
1300 4018 1439 4099 impers-

277 4107 345 4170 tivo
380 4107 533 4188 positum,
568 4126 631 4174 non
665 4128 856 4190 praegresso
888 4130 935 4174 ne.
982 4110 1061 4175 Cato
1085 4113 1121 4177 R
1145 4113 1181 4176 R.
1206 4132 1230 4178 c
1266 4119 1301 4178 1:
1337 4122 1381 4180 sic
1409 4121 1438 4177 in

279 4209 377 4266 animo
401 4208 527 4284 habeto,
554 4211 600 4268 eti
621 4226 658 4268 ne
681 4211 789 4285 cupide
808 4228 888 4270 unce
913 4227 983 4271 neve
1007 4229 1099 4287 opera
1123 4221 1174 4273 tna
1191 4230 1307 4288 pereae
1329 4219 1437 4287 visere,

277 4308 308 4361 et
329 4322 365 4362 ne
387 4306 461 4365 sutls
483 4307 595 4367 babeas
618 4311 710 4367 semel
733 4310 900 4370 circumire.
946 4307 980 4371 C.
1005 4313 1037 4373 3:
1061 4312 1109 4370 Ita
1133 4313 1285 4389 aedifices,
1309 4332 1348 4372 ne
1369 4316 1439 4373 villa

278 4398 399 4460 fundum
423 4410 548 4474 quaerat
570 4422 641 4465 neve
664 4405 771 4465 fundus
794 4409 904 4466 uillam.
950 4403 990 4468 Ο..
1009 4411 1045 4469 5:
1069 4411 1192 4470 Terram
1216 4412 1366 4471 cariosam
1390 4429 1437 4470 ca·

278 4505 347 4557 veto
367 4515 402 4557 ne
425 4516 493 4560 ores
515 4518 586 4560 nece
608 4504 753 4575 plostrum
776 4520 848 4563 neoc
870 4520 962 4588 pecus
990 4507 1134 4580 impellas.
1182 4504 1217 4570 C.
1243 4511 1293 4570 37.
1324 4506 1359 4572 C.
1383 4510 1436 4571 38:
