3125 5075
320 371 359 409 1>ss
368 371 465 409 ironis.
473 391 498 400 -
507 371 728 412 conicimus-
742 373 987 425 Quuuooquineil.
1002 374 1091 426 quoii.
1228 382 1289 444 119

134 577 222 620 uuum
243 565 391 621 maturum
414 560 478 621 crit
500 557 563 623 Ib.:
586 563 670 635 Quae
692 564 834 624 materies
859 580 960 627 moran
983 582 1042 625 non
1065 565 1204 639 babebit,
1227 583 1295 625 cass

130 656 243 731 plebat,
265 659 444 733 tempestiva
464 660 532 719 erit.
556 656 591 723 O.
614 663 671 724 33:
694 678 762 721 coos
782 679 857 735 opus
878 662 943 723 crit
965 657 1000 723 G.
1017 663 1072 724 38:
1096 661 1171 722 0888
1192 664 1294 723 cinere

135 759 223 814 eruto
251 772 327 829 opus
353 755 420 814 crit
446 752 507 818 ib:
538 757 611 817 &aas
633 755 786 819 fornacem
815 758 917 829 socia.
947 754 981 820 O.
1005 760 1064 821 39:
1093 760 1153 820 Ubi
1179 766 1294 835 tempe·

135 858 232 912 states
261 853 358 911 nudae
394 860 497 930 erunt,
530 870 596 913 acm
623 872 697 930 opus
726 855 794 916 lieri
826 873 885 916 non
910 856 1029 929 poterit
1068 851 1187 919 (1.4οι
1220 858 1295 918 Cum

134 948 303 1023 praecides.
340 944 374 1010 C.
396 949 456 1011 41:
488 952 565 1011 Vitis
586 953 689 1012 insitio
713 982 751 996 -
776 954 874 1014 altera
895 959 943 1013 est
964 969 1031 1013 acm
1053 970 1110 1014 ura
1129 956 1223 1026 (ieret
1257 951 1293 1017 0.

132 1047 194 1108 45:
219 1045 294 1107 Oscos
314 1047 430 1107 dolabis
452 1055 503 1109 ant
524 1050 644 1110 secabis.
667 1046 732 1112 Ib.:
757 1052 832 1111 eras
854 1052 962 1110 taleam
985 1050 1125 1115 aestua.
1147 1048 1213 1114 Ib.:
1237 1052 1294 1112 (io-

134 1147 265 1218 votoquc
276 1160 314 1204 nc
329 1145 436 1204 librum
453 1147 573 1206 scindes
587 1164 654 1206 cum
668 1147 778 1220 adipes.
825 1144 858 1209 G.
875 1149 931 1210 ὅθι
955 1148 1030 1209 Oen
1044 1156 1132 1223 prata
1146 1149 1293 1220 &sordes

134 1235 171 1301 C.
196 1243 254 1302 53:
281 1242 341 1301 Per
368 1260 420 1301 ver
451 1260 519 1302 acm
541 1244 694 1319 88811188,
721 1251 881 1320 sutequam
909 1246 1026 1305 ocinum
1054 1255 1212 1322 nascatur,
1240 1246 1294 1307 des

134 1336 215 1411 qnod
236 1338 329 1398 edant
351 1340 454 1399 bubus
479 1337 512 1401 C.
536 1344 594 1402 54:
619 1340 692 1401 Ocea
714 1348 880 1401 stramenta
901 1343 1014 1402 condes
1036 1339 1102 1404 Ib.:
1137 1343 1212 1403 Coos
1234 1358 1294 1403 non

133 1434 276 1494 orabunt
306 1433 370 1498 lb:
397 1438 473 1496 Nam
502 1439 597 1497 viride
627 1454 694 1497 cum
726 1438 824 1498 most
853 1436 917 1501 lb.:
948 1447 980 1499 et
1016 1440 1148 1501 fiscellas
1180 1439 1294 1499 habero

135 1540 272 1606 oportet,
303 1551 340 1592 ne
364 1535 485 1593 herbam
508 1539 662 1594 sectentur
684 1552 749 1595 com
771 1538 908 1597 orabunt
933 1531 967 1598 (l.
985 1537 1040 1598 60:
1063 1538 1205 1597 Pabulum
1228 1554 1296 1596 cam

132 1644 214 1688 88888
235 1632 310 1692 cett.
334 1622 448 1692 0165:
473 1632 547 1691 Gom
568 1635 664 1692 oleam
687 1650 778 1706 copes.
802 1629 836 1696 C.
854 1635 909 1695 88:
934 1633 1009 1693 eum
1031 1637 1075 1695 sol
1098 1635 1162 1693 erit.
1186 1630 1221 1695 C.
1238 1635 1294 1696 94:

137 1724 214 1785 0888
235 1744 287 1787 rer
308 1728 431 1801 adpetet.
462 1725 496 1789 C.
520 1732 577 1791 95:
603 1730 676 1790 eom
696 1731 828 1790 bitumen
852 1738 883 1790 et
905 1729 1001 1791 suliur
1023 1732 1154 1792 additum
1177 1734 1226 1792 cst.
1259 1725 1292 1791 O.

137 1824 216 1883 112:
240 1840 346 1898 aquam
367 1843 405 1884 cx
421 1828 482 1886 alto
504 1826 647 1887 marinam
670 1830 777 1887 sumito
801 1829 874 1887 mari
892 1829 1067 1904 tranquillo,
1090 1845 1156 1888 cum
1189 1836 1296 1887 ventus

133 1937 196 1979 non
218 1922 282 1982 crit.
305 1918 432 1984 0115:
457 1924 541 1982 Vites
556 1940 621 1981 cum
636 1924 901 1996 obloqueoburrtar.
926 1921 961 1987 O.
988 1928 1064 1988 155:
1089 1924 1163 1985 Gom
1178 1926 1295 1999 plurius

133 2020 186 2076 cst.
220 2014 256 2079 G.
287 2020 362 2081 161:
395 2019 469 2079 dom
496 2036 583 2080 areas
609 2020 797 2091 deformatis.
834 2018 898 2083 Ib.:
927 2040 995 2081 cass
1023 2024 1081 2081 iam
1108 2023 1150 2082 cst
1177 2029 1293 2083 ventus.

135 2109 219 2175 (lato
246 2114 286 2177 de
318 2112 515 2178 feneratione
546 2114 628 2194 legis
651 2115 763 2180 laniae
792 2115 949 2180 dissuasio
976 2134 1027 2196 ap.
1050 2116 1137 2180 Fest
1160 2134 1190 2196 p.
1215 2121 1293 2180 234:

135 2227 204 2271 cam
227 2211 348 2272 Romam
372 2214 535 2274 veniebant.
569 2211 623 2276 Or.
651 2212 684 2275 in
706 2211 741 2275 L
765 2212 934 2275 Veturium
961 2213 1002 2276 de
1029 2210 1183 2277 sacrificio
1210 2229 1296 2278 com·

135 2305 236 2369 misso
262 2324 314 2385 ap.
340 2307 426 2371 Fest
454 2327 484 2387 p.
515 2313 592 2373 234:
624 2312 712 2370 Domi
741 2328 808 2370 cam
838 2312 1041 2385 auspicamus,
1075 2313 1216 2371 honorem
1247 2328 1295 2371 me

136 2405 219 2465 dium
241 2407 450 2467 immortalium
474 2409 560 2467 velim
581 2409 733 2468 habuisse.
757 2404 847 2470 Orat.
871 2406 910 2470 de
932 2425 969 2470 re
983 2406 1092 2470 Floria
1114 2404 1157 2486 (r.
1173 2406 1295 2487 Meyer.

135 2499 186 2566 ed.
216 2500 266 2577 Π,
295 2519 324 2582 p.
359 2506 437 2577 1263
481 2519 531 2582 ap.
567 2501 646 2568 Geli.
680 2503 720 2581 X,
757 2507 809 2568 13:
847 2506 893 2566 ibi
934 2525 989 2582 pro
1027 2514 1127 2568 sceno
1160 2505 1226 2577 init,
1264 2506 1296 2565 in

135 2603 305 2662 cubiculum
343 2603 551 2662 subrectitavit
587 2621 603 2663 e
642 2606 785 2676 convivio,
823 2621 890 2663 cum
925 2606 1035 2680 partim
1072 2605 1190 2664 illorum
1235 2604 1296 2663 iam

135 2716 229 2772 saepo
266 2699 304 2758 ad
334 2701 459 2759 eundem
503 2701 620 2760 modum
662 2706 735 2759 crot.
786 2696 874 2761 Orat.
906 2699 1044 2763 dedote
1071 2717 1122 2779 ap,
1148 2697 1293 2775 Gellii,

137 2798 196 2859 23:
228 2797 281 2856 Vir
302 2814 368 2857 cum
391 2798 549 2857 divortium
570 2797 641 2869 feeit
666 2800 793 2857 mulieri.
829 2796 924 2860 Ennii
950 2795 1054 2861 anuel.
1084 2796 1104 2859 l.
1126 2795 1157 2873 Ι,
1186 2793 1223 2858 ir.
1248 2799 1289 2858 57

136 2896 179 2956 87
197 2907 256 2969 sup:
288 2895 474 2968 Exspectant
497 2897 544 2954 vel
567 2899 610 2955 uti
633 2899 736 2954 consul
759 2912 826 2954 cum
852 2898 972 2956 mittero
995 2897 1110 2970 signum
1130 2897 1198 2956 Voti
1219 2896 1294 2957 cett

135 2988 158 3054 l.
182 2987 268 3066 xiv,
298 2987 334 3052 ir.
360 2995 391 3053 3:
424 2991 498 3051 Cum
520 2995 624 3066 procul
656 2994 813 3064 aspiciunt.
838 2990 950 3055 Annei.
977 2991 1036 3055 ine.
1067 2992 1153 3054 sedis
1174 2989 1213 3054 fr.
1240 2994 1295 3055 13:

139 3090 217 3153 Orcla
245 3107 312 3150 sese
344 3091 472 3148 exsiccat
498 3107 600 3149 somno
623 3090 756 3149 Romana
778 3092 925 3149 iuventus.
975 3087 1127 3153 Hecubae
1156 3086 1193 3152 ir.
1217 3093 1247 3162 4,
1269 3108 1297 3148 v.

138 3189 217 3250 2³0:
243 3188 378 3260 opulenti
406 3204 472 3246 cum
495 3189 640 3246 locuntur.
678 3183 862 3262 Iphigeniae
887 3182 927 3246 ir.
952 3189 1005 3248 13:
1035 3188 1190 3262 observat,
1218 3187 1297 3246 Iovis

140 3285 217 3346 eom
234 3301 328 3358 capra
342 3292 393 3344 ant
409 3302 487 3359 nepa
502 3291 553 3344 ant
567 3284 699 3342 cooritm
714 3287 813 3343 lnmcn
829 3283 949 3360 aliquod
975 3285 1089 3343 beluae.
1117 3279 1299 3344 Telamonis

136 3380 179 3446 fr·
203 3387 233 3459 3,
256 3399 283 3444 i·
308 3384 384 3444 361:
412 3382 484 3441 Cum
508 3383 605 3455 genui.
627 3378 760 3458 Telephi
779 3378 817 3442 ir·
843 3385 892 3458 13,
913 3397 942 3443 v.
967 3383 1045 3443 389:
1076 3380 1297 3440 Nihilominus

140 3482 200 3556 ipsi
223 3481 315 3552 lucet,
336 3496 402 3538 eum
424 3481 473 3538 illi
492 3477 663 3539 accenderit.
688 3475 796 3541 Satur.
818 3476 840 3542 l.
863 3476 922 3555 Vl,
945 3497 973 3541 v.
998 3480 1038 3539 26
1060 3474 1208 3538 Vahlen:
1231 3493 1298 3534 curu

139 3578 274 3639 advenis.
298 3573 402 3638 Satur.
426 3574 486 3638 inc.
515 3574 583 3637 libr.
607 3572 646 3638 ir.
671 3580 707 3636 5:
741 3575 815 3636 eom
838 3578 935 3650 spolia
962 3577 1080 3649 generis
1108 3573 1299 3635 detruseritis

140 3668 261 3751 [inpia]
286 3675 378 3747 Quam
402 3675 627 3748 inscriptionem
643 3673 775 3733 dabitis?
797 3670 902 3735 Plaut.
918 3669 1032 3750 Amph.
1054 3670 1133 3749 prol.
1148 3689 1176 3734 v.
1193 3673 1231 3733 91
1249 3683 1298 3745 sq.

139 3769 174 3847 1,
202 3772 318 3848 1‚42:
352 3788 438 3843 quom
472 3773 526 3830 illo
557 3771 711 3831 udomcw.
747 3784 777 3832 u.
807 3770 864 3832 44:
899 3772 976 3831 Nam
1009 3787 1096 3842 piem
1121 3768 1295 3843 papaoboa

139 3886 291 3940 maxume,
319 3886 374 3945 ego
403 3875 465 3927 tum
489 3868 636 3941 iupiebam
658 3884 804 3928 mmume.
832 3865 862 3944 l,
889 3872 923 3944 1,
950 3870 1002 3931 93.
1027 3869 1098 3930 269.
1128 3869 1199 3927 271.
1224 3866 1299 3927 285.

141 3969 213 4031 291.
237 3963 279 4039 ΙΙ,
306 3969 331 4043 l,
356 3969 405 4028 52.
429 3963 470 4040 11,
499 3967 527 4042 2,
552 3968 608 4028 36:
633 3965 792 4025 Gravidam
815 3983 870 4041 ego
885 3967 977 4024 illanc
1000 3966 1048 4024 hic
1071 3965 1188 4039 reliqui,
1211 3977 1299 4034 puoso

140 4066 223 4124 obeo.
253 4061 315 4139 III,
345 4066 378 4139 2,
405 4064 444 4125 72
472 4061 546 4125 libri
569 4059 689 4124 habent
711 4064 806 4136 Quom
834 4080 889 4136 ego
918 4093 961 4103 -
984 4063 1116 4132 trabam,
1147 4075 1205 4136 pro
1236 4073 1299 4136 quo

140 4158 369 4224 Fleckeisenus
386 4157 605 4221 Hermannum
627 4164 758 4222 secutus
781 4157 909 4236 scripsit
924 4161 1000 4218 Dum
1019 4177 1083 4233 ego.
1108 4155 1168 4232 111,
1193 4160 1222 4233 3,
1250 4159 1298 4217 14.

143 4257 192 4335 V,
210 4263 237 4335 i,
263 4262 310 4320 19.
334 4255 372 4333 V,
390 4261 419 4333 2,
445 4261 524 4334 iso.
548 4254 635 4319 Asin.
659 4254 685 4333 l,
713 4260 738 4325 1,
762 4259 802 4318 99
819 4272 878 4333 sp,
903 4254 956 4318 ubi
979 4263 1085 4318 tamen
1107 4253 1202 4318 etiam
1225 4268 1300 4315 can·

143 4353 220 4418 salis
241 4350 431 4434 significatio
454 4353 595 4419 admixta
617 4358 676 4417 est
700 4355 729 4430 2,
755 4356 803 4419 18.
828 4356 858 4430 3,
880 4356 932 4417 48.
947 4358 1006 4446 bt.
1029 4357 1078 4416 bb.
1101 4350 1144 4429 ll,
1169 4355 1198 4429 2,
1223 4354 1300 4415 105:
