3125 5075
563 367 711 408 DOCTRINA
726 366 961 407 PARTlCULARUH.
1283 375 1346 436 319

188 554 289 621 Stich.
320 556 375 633 IV,
408 561 439 634 l,
469 560 528 620 49:
560 558 699 618 Videlicet
726 575 852 633 nequam
881 559 973 618 luisse
1003 559 1085 618 illum
1114 559 1345 631 adulescentem,

187 673 218 717 v.
241 653 343 733 intpp.
367 652 495 717 Terent.
520 653 635 718 Heant.
661 653 708 728 ΙΙ,
734 659 769 732 3,
794 657 850 717 22;
875 657 931 715 Hic
956 657 991 715 de
1014 659 1124 716 nostris
1140 656 1240 715 verbis
1263 662 1347 715 errat

186 753 331 814 uidelicet.
376 748 439 826 Ill,
465 756 500 828 2,
524 756 552 816 3.
599 745 732 831 Adelph.
755 750 820 829 ΙΙΙ,
843 739 878 830 4,
904 759 932 815 4.
954 785 997 796 —-
1020 756 1186 827 Tamquam
1208 750 1288 815 Cato
1309 750 1345 814 R.

187 847 227 913 R
250 867 276 913 c.
299 854 358 913 41:
380 851 564 926 integitaque
586 853 623 911 ad
646 852 772 911 eundem
795 852 927 924 modum,
951 856 1093 924 tamquam
1109 855 1201 911 oleas.
1239 846 1273 913 C.
1290 854 1345 913 48:

187 951 289 1009 Nuces
313 950 417 1022 pineas
439 948 476 1008 ad
499 948 623 1008 eundem
648 950 780 1020 modum,
811 950 868 1007 nisi
890 953 1030 1023 tamquam
1062 952 1150 1009 alium
1180 952 1290 1020 serito,
1313 946 1346 1009 h.

188 1063 218 1109 e.
249 1044 362 1108 codem
393 1044 487 1109 modo
509 1061 571 1125 quo
600 1044 719 1107 allium.
765 1043 893 1122 Oratio,
923 1046 949 1108 si
977 1064 1012 1109 so
1040 1044 1082 1107 M.
1115 1042 1243 1108 Caelius
1271 1045 1343 1109 trib.

186 1141 292 1224 plebis
306 1140 517 1221 appellasset:
540 1146 705 1220 Numquam
730 1150 812 1203 tacet
835 1163 920 1218 quem
943 1146 1063 1205 morbus
1087 1152 1170 1204 tanet
1193 1145 1347 1220 loquendi,

187 1250 339 1317 umquam
362 1250 549 1302 veternosum
573 1242 695 1302 bibendi
717 1251 807 1318 atque
831 1241 1010 1315 dormiendi,
1034 1240 1074 1303 ad
1097 1256 1126 1318 q.
1150 1239 1170 1302 l.
1192 1238 1347 1322 'Meyerus

186 1358 220 1419 p.
248 1341 324 1402 132:
357 1354 441 1415 „non
469 1335 566 1401 aliter
587 1343 686 1417 atque
712 1344 915 1402 veternosum
944 1337 1074 1401 morbus
1102 1344 1191 1401 tenet
1217 1336 1347 1402 bibendi

186 1442 287 1517 atuue
308 1433 515 1499 dormiendi.“
537 1434 641 1499 Plaut.
665 1433 759 1499 Most.
791 1434 839 1514 Il,
870 1443 902 1516 l,
934 1439 990 1499 55:
1019 1438 1184 1511 Tampium
1211 1440 1237 1497 si
1266 1439 1347 1497 intus

186 1544 277 1597 natus
298 1552 386 1595 nemo
408 1538 438 1595 in
462 1536 585 1596 aedibus
602 1537 724 1595 habitat.
764 1532 828 1609 ΙΙΙ,
853 1539 886 1612 2,
913 1536 986 1596 122:
1012 1536 1152 1609 Qualibet
1171 1535 1348 1610 perambula

187 1623 411 1707 aedia'oppido
441 1637 591 1706 tamquam
617 1641 692 1693 tuae.
743 1648 772 1695 v.
805 1636 878 1696 123:
910 1633 1096 1706 Tamquam?
1139 1629 1207 1695 Mil.
1237 1628 1293 1708 IV,
1319 1633 1346 1707 l,

188 1735 247 1796 38:
278 1747 353 1805 quae
384 1737 414 1790 te
444 1736 595 1804 tamquam
626 1732 727 1791 oculos
752 1737 841 1791 amet.
886 1728 973 1793 Pers.
997 1729 1042 1805 ΙΙ,
1070 1735 1106 1807 4,
1137 1732 1187 1793 28.
1232 1726 1286 1806 IV,
1315 1733 1349 1805 4,

188 1831 239 1894 32.
284 1825 372 1891 Pers.
397 1845 425 1889 v.
449 1831 521 1892 638.
566 1827 692 1891 Terent.
715 1826 796 1890 Eun.
826 1826 876 1907 ll,
904 1831 939 1906 2,
969 1832 1027 1891 32;
1057 1831 1224 1902 Taurunum
1250 1829 1350 1904 philo·

187 1929 350 2003 sophorum
374 1927 484 1987 babent
506 1927 683 2002 disciplinae
707 1945 744 1986 cx
767 1929 841 2002 ipsis
871 1928 1033 1988 vocabula.
1080 1924 1215 2005 Adelph.
1239 1923 1299 1994 ΙΙΙ,
1317 1929 1345 1992 3,

187 2027 245 2087 ot:
269 2025 440 2100 Inspicere,
464 2028 613 2098 umquam
635 2027 664 2083 in
688 2028 857 2103 speculum,
880 2027 1002 2084 inritas
1020 2027 1157 2086 omnium.
1174 2057 1217 2067 —
1233 2026 1352 2098 Topper

187 2120 283 2187 Ennii
305 2117 342 2183 ir.
366 2119 426 2184 ine.
441 2115 513 2185 libr.
534 2127 585 2185 ll:
607 2127 711 2196 topper
733 2141 820 2197 quam
838 2140 923 2182 nemo
939 2124 1044 2182 melius
1062 2126 1127 2182 scit..
1161 2119 1294 2198 (Festus
1316 2138 1346 2199 p.

187 2222 250 2284 352
273 2217 333 2283 M.:
368 2216 517 2296 „Sinnius
538 2235 615 2281 vera
639 2220 696 2283 sic:
731 2224 836 2298 topper
863 2217 1000 2282 fortasse
1027 2217 1114 2281 valet
1145 2217 1176 2281 in
1203 2215 1287 2280 Enni
1315 2221 1350 2279 et

186 2314 286 2381 Pacui
307 2315 478 2397 scriptis.‘·‘t
523 2317 652 2380 Daren:
675 2315 734 2379 Iul.
758 2315 878 2379 Caesar
901 2315 983 2380 Scal.
1010 2315 1063 2379 lib.
1089 2321 1107 2378 t
1138 2315 1177 2379 de
1200 2332 1235 2378 re
1261 2317 1347 2396 poet.

188 2429 259 2494 usp.
291 2417 324 2476 1:
354 2416 478 2490 Semper
505 2417 629 2491 primam
657 2416 796 2490 producit
823 2421 944 2475 natura:
973 2415 1029 2474 fuit
1062 2419 1138 2475 enim
1168 2416 1345 2488 semiapero,

189 2518 269 2576 sieut
290 2523 379 2589 toper
401 2520 464 2574 toto
487 2532 596 2591 opere,
621 2531 715 2590 nuper
739 2530 814 2573 novo
837 2523 938 2589 opere.
983 2513 1137 2590 Significat
1157 2513 1235 2573 enim
1258 2518 1347 2587 toper

188 2614 250 2673 cito
273 2620 306 2672 ct
328 2614 483 2687 expedite,
506 2615 549 2672 ita
573 2626 605 2673 ut
621 2631 714 2688 opera
733 2612 871 2672 absoluta
886 2615 933 2672 sit.
970 2609 1074 2674 Huius
1090 2609 1176 2673 vocis
1192 2609 1345 2687 [tanquam

188 2710 227 2771 ab
260 2710 374 2770 ultimis
408 2718 439 2770 et
474 2711 532 2770 iam
569 2711 750 2771 oblitteratis
786 2711 969 2785 temporibus
1003 2707 1164 2785 repetitae]
1203 2704 1347 2770 meminit

188 2804 342 2883 Quinctil.
364 2806 436 2870 inst.
461 2810 543 2869 orat.
567 2806 596 2885 Ι,
620 2810 655 2885 6,
682 2812 729 2869 11.
768 2805 860 2883 Quod
877 2806 992 2871 Graeci
1015 2800 1106 2886 τάχα,
1123 2804 1229 2870 Latini
1245 2810 1351 2879 topper

187 2902 352 2991 dicebaut:
375 2899 452 2985 τάχα
482 2904 565 2968 enim
589 2912 623 2967 et
644 2906 700 2965 cita
723 2909 757 2968 et
786 2905 914 2977 fortasse
943 2900 1111 2985 siguificat.
1156 2902 1282 2983 Gnyeto
1311 2906 1348 2965 ut

187 3020 209 3065 a
228 3020 365 3076 manner
385 3020 489 3078 nuper,
510 3001 556 3066 sic
578 3019 598 3064 a
620 3007 758 3077 iusuper,
780 3007 884 3080 imper,
908 3007 999 3076 tcper.
1035 2999 1159 3064 BOTH.
1182 3033 1224 3044 —
1249 3005 1350 3076 Usque

186 3098 268 3165 nillil
291 3098 379 3164 aliud
400 3096 558 3180 significat
580 3116 675 3179 quam
698 3099 846 3163 continue
872 3102 929 3161 aut
955 3104 1201 3178 perseveranter
1227 3097 1346 3178 (Sanct.

187 3196 324 3263 utrem.
347 3214 379 3277 p.
406 3197 488 3278 167).
539 3197 756 3262 lterivandum
780 3205 830 3262 est
852 3214 922 3261 cum
945 3195 1120 3260 Schmidtio
1143 3196 1182 3260 de
1206 3213 1347 3276 pronam.

187 3314 219 3378 p.
238 3298 298 3359 101
315 3294 357 3359 ab
377 3313 422 3374 tte,
445 3295 530 3375 quod
547 3292 706 3376 significat
728 3316 788 3375 qua
803 3300 936 3369 ratione3
960 3315 1053 3372 usque
1074 3295 1175 3376 igitur
1190 3305 1237 3356 est
1259 3297 1351 3364 omni,

187 3396 272 3472 quae'
287 3396 318 3453 in
341 3410 405 3454 ram
429 3396 559 3470 aliquam
579 3396 687 3456 cadere
709 3398 822 3473 possit,
844 3399 976 3472 ratione,
1000 3397 1063 3463 diu,
1088 3396 1226 3465 multum.
1250 3395 1347 3467 valde,

187 3502 347 3570 perpetuo.
397 3490 475 3555 Inde
508 3488 558 3569 fit,
592 3496 628 3555 ut
655 3492 790 3557 actionis
819 3490 1089 3571 continuationem
1123 3495 1221 3569 utque
1252 3489 1349 3555 etiam

188 3588 252 3655 loci
273 3589 469 3670 temporisve
490 3587 585 3652 finem
609 3595 700 3655 notet
722 3599 753 3655 et
784 3590 830 3654 ita
852 3589 1097 3671 praepositionis
1126 3591 1272 3652 naturam
1300 3586 1355 3657 in·-

187 3687 269 3753 duat
301 3684 469 3766 (Schmidt.
503 3687 524 3750 l.
556 3684 603 3766 1.).
648 3685 861 3768 coniungitur
890 3704 962 3752 cum
991 3704 1098 3768 praep.
1128 3689 1181 3765 ad,
1216 3689 1268 3764 ab,
1303 3704 1349 3761 aa,

187 3784 305 3852 deiude
328 3802 401 3849 cnm
423 3784 584 3849 adverbiis
606 3785 761 3865 temporis
785 3793 818 3851 et
840 3786 901 3852 loci
930 3788 1015 3855 adeo,
1046 3786 1216 3854 admodum,
1243 3786 1350 3852 adbuc,

187 3886 334 3953 nmmo,
358 3884 452 3946 sam.
504 3882 675 3947 Adduutur
705 3884 943 3950 coniunctiones
976 3883 1144 3962 temporis,
1174 3881 1258 3944 unde
1288 3879 1349 3944 hae

187 3979 347 4048 formulae
375 3979 546 4045 exsistunt:
576 4000 671 4056 usqae
699 3983 782 4052 dam,
812 4002 904 4058 tuque
928 3984 1030 4050 donec,
1061 3999 1153 4056 usqae
1183 3980 1256 4041 adeo
1283 3997 1350 4053 aaa,

187 4098 282 4157 uque
304 4080 379 4141 atico
399 4080 486 4158 dam,
508 4098 602 4155 reaque
622 4082 696 4141 adea
716 4083 814 4152 donea
836 4099 926 4156 moute
947 4078 1105 4140 mmmmm
1127 4080 1206 4140 dam.
1243 4072 1349 4139 Plaut.

187 4176 284 4243 nost.
306 4175 345 4254 V,
372 4182 407 4256 1,
432 4180 486 4241 12:
508 4180 640 4255 Pergnut
661 4183 784 4241 turbare
806 4196 907 4253 asam.
953 4174 1051 4241 Mero.
1075 4174 1114 4255 V,
1138 4181 1172 4254 4,
1197 4179 1253 4238 l'l:
1278 4175 1351 4249 Qui-

187 4277 243 4338 bus
266 4281 315 4337 eat
338 4275 429 4336 buta
451 4277 681 4365 manuumque
701 4294 858 4339 oneremus
881 4278 976 4339 ambo.
1014 4274 1141 4339 Terent.
1165 4271 1241 4336 Heu.
1265 4270 1295 4341 1,
1319 4273 1355 4346 2,,

189 4376 247 4439 50:
272 4374 381 4447 thue
408 4374 488 4434 illud-
505 4374 629 4437 visumst
655 4376 811 4452 Pamphilo
839 4392 876 4436 ne
903 4377 1036 4452 utiquam
1065 4388 1165 4449 praue.
1214 4367 1353 4449 ndelhp.
