3125 5075
208 339 271 399 232
655 325 811 386 superarer.
826 323 882 364 cea
906 324 947 370 ιιι,

202 508 231 582 1,
257 508 292 568 4:
330 504 385 565 tibi
420 502 557 579 quidem,
593 502 673 577 quod
703 502 819 578 rideas,
854 503 950 578 mame
983 508 1031 563 est
1067 516 1158 573 quom
1190 506 1226 560 ut
1253 501 1369 561 irmen-

204 609 280 666 tere.
324 598 390 676 III,
432 602 465 676 1,
498 599 552 661 16;
594 600 699 662 Oratio
736 599 844 675 edepol
880 601 976 675 pluris
1013 606 1061 661 eet
1096 597 1237 674 huiusce,
1275 614 1364 671 w

205 700 310 777 quenti
332 703 472 773 emptast.
516 693 614 760 Mero.
653 713 682 759 v.
707 697 786 761 559:
824 698 903 758 hune
925 699 1053 759 vicinum
1076 697 1161 772 prius
1191 696 1366 756 conveniam

200 812 295 870 qaam
316 796 434 857 domum
457 794 597 855 Redeem.
642 791 703 873 111,
725 799 756 872 4,
781 796 838 855 16;
872 796 1074 868 Priusquam
1094 792 1229 868 meipias
1251 794 1363 853 anheli·

201 902 273 956 turn.
317 890 372 969 IV,
396 894 426 969 3,
451 892 505 954 16;
543 892 684 953 Pudicius
712 893 842 953 Faciunt
870 895 921 969 pol
952 907 1043 965 quom
1070 892 1126 953 illi
1169 886 1283 966 1v‚3,
1310 890 1360 952 18:

201 994 298 1053 minue
321 992 417 1069 Quam
437 989 552 1051 urbani.
596 985 695 1052 Mete.
719 1006 749 1053 v.
772 991 851 1053 806:
885 992 1041 1065 Multoque
1063 990 1213 1065 iniquiore
1235 990 1361 1049 misnae

201 1089 379 1162 poemeni.
427 1102 455 1148 v.
479 1088 559 1149 817:
590 1088 697 1149 Plures
717 1089 774 1148 viri
797 1090 859 1150 sint
881 1088 969 1163 vidui,
997 1105 1087 1161 quom
1108 1103 1188 1147 nune
1211 1087 1359 1146 mulieres

202 1184 300 1250 Mero.
339 1181 378 1261 V,
401 1186 432 1262 2,
456 1187 515 1246 22;
553 1186 640 1246 Prius
662 1184 804 1261 profecto
826 1201 918 1259 ᾳιιαιη
940 1192 993 1245 aut
1013 1186 1138 1245 emicem
1160 1189 1214 1243 aut
1236 1190 1360 1243 mortem

203 1285 432 1359 investigavero.
455 1278 496 1359 V,
516 1286 546 1359 4,
570 1285 624 1345 50:
647 1284 731 1357 prius
756 1311 794 1326 -
820 1299 920 1356 quom.
958 1279 998 1359 V,
1018 1285 1049 1360 4,
1073 1284 1129 1344 56:
1151 1280 1240 1341 Prius
1263 1295 1359 1352 paese

200 1378 245 1456 ΙΙ,
270 1383 300 1458 2,
323 1383 379 1443 28;
424 1383 558 1455 plus-
582 1381 898 1456 videoqcomprius.
945 1376 1060 1443 Caecil·
1083 1375 1163 1441 seat
1187 1374 1360 1457 Hypoboli-

202 1493 313 1541 maeus
336 1472 601 1541 Chaerestratus:
637 1478 730 1553 magis
753 1493 845 1549 pacm
867 1480 933 1540 viri.
979 1474 1107 1540 Terent.
1143 1473 1226 1546 Eun.
1249 1471 1360 1552 illa

202 1576 261 1637 21:
294 1576 394 1649 Thais,
418 1591 509 1648 qaam
530 1593 585 1650 ege
609 1592 672 1635 sum
696 1577 898 1637 maiusculast
943 1572 1070 1638 Phorm.
1093 1570 1149 1648 lv,
1172 1574 1202 1649 2,
1230 1576 1262 1635 l:
1299 1574 1360 1648 Ego

203 1674 353 1733 hominem
376 1673 562 1733 callidiorem
583 1672 644 1733 vidi
666 1674 814 1733 nemiuem
836 1675 933 1750 Quam
957 1672 1174 1733 Phormionem.
1205 1667 1285 1734 Hec.
1309 1667 1361 1738 lv,

200 1775 232 1845 4,
256 1772 313 1832 25:
350 1771 418 1831 Nou
442 1770 496 1829 tibi
518 1770 593 1829 illud
614 1768 727 1830 factum
748 1770 848 1833 mimis
870 1773 971 1845 placet
993 1786 1083 1842 quam
1105 1769 1194 1841 mihi,
1233 1770 1359 1829 Laches.

200 1866 278 1932 Hec.
311 1864 367 1942 IV,
394 1871 421 1945 l,
447 1871 484 1929 17
508 1882 588 1945 sqq:
629 1874 662 1928 ut
689 1884 815 1942 puerum
841 1874 1039 1943 praeoptares
1065 1868 1166 1943 perire
1195 1896 1231 1907 -
1260 1867 1360 1926 Potius

201 1984 290 2041 quom
313 1971 396 2025 esset
419 1981 486 2024 cum
508 1966 562 2026 illo
585 1966 691 2040 nupta!
726 1962 843 2029 Heaut.
866 1963 910 2043 ΙΙ,
934 1967 963 2043 2,
987 1967 1021 2026 8:
1045 1966 1153 2039 Pergin
1174 1964 1253 2024 istuc
1271 1964 1361 2036 price

204 2063 379 2141 diiudicare,
403 2078 494 2135 quam
516 2064 575 2123 scis
600 2063 671 2138 quid
692 2063 758 2123 reri
780 2063 859 2123 siet?
891 2060 939 2126 lb.
976 2059 1037 2140 111,
1062 2064 1090 2138 3,
1114 2062 1251 2124 23:1110
1269 2062 1358 2134 price

202 2177 234 2223 se
257 2160 398 2220 indicarit
419 2176 511 2233 paam
532 2178 588 2237 epo
611 2166 767 2235 argentum
790 2161 927 2222 effecero.
952 2157 1049 2222 Andr.
1073 2156 1236 2237 11,1,11:
1260 2160 1361 2218 omnie

201 2258 332 2334 experiri
355 2263 500 2319 certumst
515 2259 605 2332 prae
627 2274 718 2330 quam
739 2274 842 2333 pereo.
865 2256 939 2321 Huc
956 2254 1098 2337 pertinet
1112 2254 1210 2320 etiam
1225 2254 1359 2319 verbum

200 2354 302 2433 male,
332 2352 482 2433 quoniam
509 2352 543 2417 in
565 2370 603 2418 eo
625 2353 709 2418 inest
730 2354 816 2419 notio
838 2352 1056 2434 comparativi.
1100 2353 1194 2417 Ennii
1224 2351 1359 2417 Medeee

201 2449 303 2515 erulis
318 2448 356 2513 ir.
373 2454 408 2513 6:
431 2470 499 2513 nam
514 2460 563 2513 ter
586 2454 639 2514 snb
663 2454 754 2515 armis
777 2456 877 2514 melim
893 2454 984 2514 ritem
999 2470 1135 2528 cernere,
1164 2468 1254 2524 quare
1269 2454 1362 2512 semel

201 2551 290 2612 modo
312 2568 430 2625 parere.
452 2549 556 2614 Plane.
573 2548 663 2614 Pers.
679 2549 704 2629 Ι,
731 2554 759 2629 l,
782 2555 816 2615 4:
840 2584 883 2595 -
905 2553 1006 2626 malui,
1028 2567 1127 2624 quom.
1143 2581 1186 2594 -
1208 2552 1248 2627 9.,
1266 2553 1364 2627 Quare

203 2647 376 2726 respondet
396 2647 579 2713 notionibus
603 2646 764 2726 temporis.
791 2645 870 2711 Cato
894 2647 931 2711 R.
954 2647 990 2710 R.
1014 2666 1040 2712 e.
1061 2652 1115 2712 65:
1139 2646 1293 2710 Postridie
1312 2657 1362 2708 aut

201 2754 270 2822 post
294 2747 371 2808 diem
395 2750 516 2808 tertium
539 2764 628 2821 qaam
650 2751 733 2808 lecte
755 2750 823 2807 erit.
859 2743 965 2809 Plaut
989 2744 1102 2826 Amph.
1127 2743 1152 2824 Ι,
1175 2749 1204 2823 2,
1232 2749 1281 2809 19.
1306 2749 1360 2808 2οε

201 2846 291 2904 Alter
313 2845 437 2905 decumo
459 2853 529 2921 post
549 2864 652 2908 meuse
675 2851 816 2906 nascetur
843 2861 1033 2921 puerperam
1055 2847 1243 2921 seminarunt,
1266 2841 1308 2906 ad
1330 2858 1359 2921 q.

203 2939 224 3003 l.
246 2938 404 3004 Lindem.:
450 2940 573 3021 „Saepe
594 2941 681 3022 apud
704 2939 857 3006 Plautum
878 2939 1031 3006 adverbia
1047 2947 1129 3021 poet,
1152 2943 1257 3016 prius,
1285 2945 1363 3016 certe,

199 3043 333 3116 praeter,
356 3055 376 3101 a
399 3037 620 3105 coniunctione
641 3058 731 3115 poam
747 3038 950 3103 dirimuntur.
972 3037 1042 3103 Hac
1057 3037 1270 3118 diremptione
1294 3055 1362 3102 sue-

204 3133 307 3201 currit
328 3133 533 3202 Herurannus
555 3135 625 3202 loco
648 3135 772 3217 captiv.
817 3135 843 3216 1,
867 3141 896 3216 2,
921 3142 978 3201 54:
1013 3139 1090 3211 Quoi
1111 3139 1271 3214 optigerat,
1296 3145 1363 3212 post

205 3235 427 3311 Philopolemus
451 3252 541 3309 quam
564 3243 685 3313 captust
707 3233 862 3299 tuus.“—
877 3239 935 3313 10,
959 3236 1055 3313 Quae
1076 3232 1250 3313 respondet
1270 3250 1363 3312 prae·

203 3348 334 3411 gressae
357 3330 581 3408 enuntiationi,
605 3349 743 3412 quaeum
765 3330 937 3396 confertur.
972 3331 1078 3396 Plaut
1101 3329 1186 3396 Men.
1211 3329 1250 3408 V,
1274 3335 1305 3407 6,
1327 3336 1362 3393 4:

203 3430 245 3491 Ut
267 3430 391 3493 ebeente
414 3448 467 3492 ero
489 3449 552 3492 rem
573 3434 619 3492 sui
641 3433 686 3492 eri
710 3432 870 3507 diligenter
892 3433 1028 3506 latetur,
1062 3432 1198 3504 quamsi
1221 3431 1287 3505 ipse
1311 3430 1363 3490 ed·

204 3529 259 3594 sit,
277 3524 333 3591 ubi
359 3533 420 3588 tom
441 3530 597 3604 diiipenter
617 3526 694 3607 poni
715 3526 882 3607 potuisset
924 3525 1039 3591 Pseud.
1062 3524 1089 3606 1,
1112 3529 1141 3602 3,
1165 3530 1199 3590 8:
1240 3530 1275 3587 ln
1300 3546 1362 3588 rem

202 3626 280 3701 quod
304 3628 344 3687 sit
369 3628 572 3702 praeverteris
594 3644 684 3701 quom
710 3645 744 3687 re
770 3627 898 3687 advorsa
924 3628 1023 3687 animo
1046 3628 1212 3694 auscultes,
1248 3622 1305 3688 ubi
1332 3623 1362 3687 iu

202 3721 303 3787 verbo
322 3726 477 3798 pareone·
506 3723 591 3788 inest
612 3723 704 3802 quasi
725 3724 815 3788 notio
842 3721 1059 3802 comparativi.
1103 3720 1300 3787 Menaechm.
1324 3721 1362 3797 l’,

205 3824 232 3899 1,
258 3823 312 3885 26:
336 3824 413 3900 Non,
437 3824 566 3900 inquam,
589 3825 690 3898 patiar
712 3824 903 3899 praeterhac,
928 3824 1005 3896 Quin
1029 3821 1117 3882 vidua
1138 3823 1246 3896 virsm,
1271 3839 1364 3894 quaec

200 3920 276 3981 istos
300 3938 399 3983 mores
426 3920 592 3997 perieram,
629 3917 683 3984 ubi
705 3924 812 3985 mente
833 3918 1015 3984 addendum
1038 3922 1090 3982 est
1105 3920 1217 3992 poem.
1263 3916 1361 3984 Mera

202 4011 244 4093 11,
269 4019 298 4094 2,
323 4020 379 4081 26;
414 4021 461 4081 bis
482 4025 568 4081 tanto
590 4022 676 4080 raleo
697 4036 790 4092 wem
811 4019 892 4080 valui
914 4019 1008 4095 prius,
1042 4014 1098 4081 ubi
1119 4017 1166 4076 die
1187 4018 1238 4080 est
1259 4015 1364 4080 instar

205 4114 423 4194 comparativi.
461 4114 574 4182 Potest
595 4113 658 4181 huc
679 4115 776 4180 etiam
798 4113 915 4180 referri
930 4120 1053 4190 procer
1074 4131 1175 4190 quera,
1203 4117 1241 4178 ut
1262 4112 1363 4178 Naev.

203 4205 302 4273 Colax
323 4209 362 4276 fr.
388 4217 418 4292 3,
453 4231 482 4276 v.
507 4217 564 4278 34:
595 4218 715 4290 praeter
736 4231 827 4289 quom
849 4217 965 4277 vellem.
1009 4209 1362 4289 Plauteers.111‚1,

202 4309 260 4371 38:
301 4310 365 4384 Qua
395 4318 516 4386 praeter
546 4315 643 4389 sapiat
676 4329 767 4384 quom
800 4317 902 4388 plecet
939 4313 1123 4388 perentibus.
1168 4307 1260 4373 Adde
1286 4327 1364 4384 pree
