3125 5075
594 368 700 408 noune.
722 368 985 410 inununoenrtvalt.
1301 379 1363 440 245

205 573 336 622 manum
360 557 420 623 tibi
444 558 626 639 porrigerre
648 558 778 635 iubes?)
810 556 958 623 Mirantie
988 576 1018 623 v.
1047 562 1103 623 64:
1132 561 1233 634 iguem
1263 562 1367 638 ingen·

206 656 296 720 um?
317 681 361 710 =
382 656 481 737 quid?
504 665 539 720 tu
563 675 613 720 me
636 656 739 736 ignem
764 655 924 737 ingentem
953 654 1024 723 lieri
1055 656 1164 723 iubere
1192 656 1265 721 vis?
1300 659 1365 722 Ad·

208 753 341 819 miratio
368 771 398 818 v.
431 758 508 818 112:
536 758 594 816 Ain
626 753 683 817 tn?
715 753 835 817 dubium
866 757 989 818 habebis
1017 759 1117 832 etlam,
1148 766 1250 818 sancte
1279 777 1367 834 quom

208 868 268 930 epo
296 857 391 914 iurem
420 852 500 915 tibi?
542 851 695 926 (Miratur
729 851 897 932 Ergasilus
926 851 1103 933 Hegionem
1134 852 1195 917 sibi
1222 871 1262 918 ne
1284 872 1368 919 nuno

204 949 337 1032 quidem
353 949 493 1026 credere,
508 967 606 1030 onum
621 949 684 1013 iam
701 949 879 1016 iuraverit).
924 948 1017 1016 Cure.
1034 949 1060 1030 1,
1076 955 1106 1030 3,
1124 956 1162 1016 17
1172 971 1181 1017 :
1204 951 1367 1017 Prohibet?

206 1068 266 1112 nec
287 1051 452 1126 prohibere
481 1051 545 1126 quit
566 1049 631 1111 Nec
653 1051 824 1125 prohibebit
846 1047 1029 1130 (mirantis),
1052 1048 1093 1114 ed
1116 1066 1146 1129 q.
1171 1047 1191 1113 l.
1215 1048 1288 1113 vide
1311 1049 1367 1114 ad·

205 1153 274 1212 not.
295 1141 440 1211 Pi'sioriS.
471 1143 529 1226 IV,
553 1149 583 1225 3,
600 1150 655 1211 22:
682 1149 769 1225 Quid,
786 1148 923 1210 valeam?
944 1145 1129 1227 (mirantis).
1156 1152 1186 1225 t,
1206 1152 1260 1213 16:
1283 1152 1367 1213 Leno

206 1247 366 1308 minitetur
386 1247 460 1306 milri
483 1245 630 1321 lleaeque
652 1264 769 1323 pugnae
793 1248 958 1322 proeliares
981 1250 1128 1323 plurimae
1158 1250 1288 1324 optritae
1319 1250 1362 1311 ie·

207 1343 304 1407 cent?
327 1341 561 1424 (indignantis).
585 1361 614 1408 v,
640 1348 695 1408 26:
718 1346 812 1405 Tuum
828 1347 968 1406 libertum
992 1362 1058 1406 sese
1083 1346 1182 1406 aiebat
1197 1363 1263 1407 esse
1277 1346 1361 1406 Sum-

206 1460 338 1505 manum.
361 1439 429 1505 TH.
453 1442 574 1504 licam?
596 1438 780 1522 (mirantis).
815 1441 853 1512 V,
890 1447 919 1520 3,
953 1446 1008 1505 27:
1047 1444 1171 1517 Quodne
1207 1442 1364 1519 promisti?

205 1537 274 1606 cr.
296 1539 462 1603 Promissi?
484 1539 560 1618 qui?
584 1539 764 1617 (mirantis).
788 1559 817 1604 v.
839 1545 896 1606 33:
921 1539 1020 1615 Quid?
1047 1539 1161 1617 negas?
1192 1539 1362 1617 (admiran-

204 1635 250 1702 tis
272 1640 307 1702 et
328 1637 423 1701 simul
444 1637 659 1717 indignantis).
683 1638 766 1703 Men.
790 1636 832 1712 ΙΙ,
856 1642 885 1717 2,
908 1642 963 1702 32:
986 1637 1099 1716 negas?
1121 1637 1159 1717 V,
1185 1644 1211 1708 l,
1230 1642 1284 1704 50:
1303 1642 1365 1701 Ne·

205 1755 261 1813 pao
282 1739 401 1799 novisse
424 1733 491 1799 mei
513 1754 605 1813 negas
625 1748 743 1813 patrem
760 1736 885 1799 meum?
906 1734 1117 1815 (Quamquam
1134 1735 1197 1801 iam
1213 1738 1275 1802 scit
1288 1754 1364 1800 eum

205 1849 338 1914 negare,
360 1838 468 1898 tamen
490 1834 618 1915 quaerit
650 1835 767 1899 iterum
791 1832 1033 1914 admirabunda,
1057 1842 1092 1897 ut
1114 1833 1232 1899 iterum
1255 1833 1365 1898 audiat

205 1939 241 1996 et
262 1925 444 1997 'cocenim
466 1933 569 2010 sciat).
592 1932 658 1996 Mil.
681 1932 742 2012 ΙΙΙ,
766 1938 796 2012 2,
825 1936 876 1996 16:
900 1933 1024 2011 Nugas?
1047 1932 1143 1997 llere·
1166 1930 1223 2012 IV,
1252 1939 1282 2011 4,
1306 1937 1365 1998 23:

205 2032 309 2092 Etiam
331 2031 445 2108 negas?
466 2030 664 2095 admirantis.
711 2031 839 2096 Terent.
862 2028 961 2095 Andr.
990 2029 1029 2110 V,
1056 2037 1087 2107 4,
1111 2035 1144 2095 6.
1182 2033 1226 2092 Tu
1250 2029 1365 2107 negas?

205 2123 313 2191 Plaut
328 2125 401 2192 an.
416 2127 459 2208 ll,
476 2132 506 2208 6,
525 2134 579 2193 14:
602 2132 669 2191 libi
686 2132 810 2191 daretur
831 2129 907 2191 iila?
930 2133 1018 2202 (sunt
1032 2127 1220 2193 admirantis
1236 2129 1363 2193 eadem·

207 2239 272 2306 que
294 2227 404 2304 verbu,
427 2243 510 2306 qnae
532 2227 653 2292 Stalino
675 2226 810 2303 dixerat,
833 2226 975 2291 eiusdem
998 2225 1152 2305 temporis
1174 2224 1277 2290 iorma
1311 2243 1360 2289 re·

204 2322 357 2402 petentis.
407 2323 543 2391 Dixerat
564 2324 703 2391 Stalino:
733 2328 843 2388 Casina
866 2336 898 2386 ut
927 2343 1000 2386 uxor
1027 2327 1099 2385 milri
1128 2325 1286 2398 daretur?)
1314 2322 1361 2387 lb.

206 2418 333 2486 Stalino
354 2422 541 2504 respondet:
565 2426 638 2484 milri
660 2423 776 2499 enimi,
808 2439 890 2501 quae
917 2425 994 2485 sunt
1018 2420 1135 2484 iterum
1162 2419 1361 2500 admirantis,

205 2517 294 2599 quod
321 2527 388 2585 mm
414 2518 496 2585 ielsa
522 2521 649 2587 locutus
681 2522 724 2587 sit
751 2538 849 2600 seque
877 2519 1076 2600 corrigentis,
1106 2548 1150 2569 =
1175 2517 1273 2601 ouidi
1300 2536 1361 2601 ego

205 2612 392 2683 distertii?
415 2618 472 2684 alt!
494 2618 568 2684 Nou
591 2619 623 2685 id
646 2617 732 2683 volni
747 2619 863 2685 dicere.
909 2618 1074 2697 Quomodo
1090 2635 1150 2699 ego
1164 2621 1239 2680 mili
1254 2616 1362 2683 dicere

205 2716 309 2795 potui,
332 2733 429 2796 quum
457 2716 572 2781 vellem
602 2721 680 2780 lertio.
708 2723 738 2795 8,
773 2723 824 2782 lii:
855 2720 952 2793 Quid?
981 2717 1162 2782 deosculer?
1191 2715 1362 2797 (fluitantia,

205 2830 238 2877 v.
262 2812 388 2879 Laden.
412 2813 452 2878 od
474 2812 546 2879 Cas.
568 2814 601 2879 in
623 2833 704 2880 mue.
728 2815 828 2882 Rhen.
852 2815 911 2887 ΠΙ,
933 2834 963 2898 p.
989 2815 1074 2890 202).
1097 2834 1126 2881 v.
1149 2820 1206 2880 20:
1238 2818 1363 2878 Licetne

206 2913 429 2991 amplectite?
452 2910 516 2978 CH.
542 2912 641 2990 Quid?
664 2919 806 2992 amplecti
829 2914 924 2978 licet?
951 2917 1015 2989 (est
1041 2914 1239 2984 admirantis,
1267 2911 1363 2980 Stali-

203 3028 320 3077 nonem
349 3009 428 3075 haec
456 3011 555 3077 verba
585 3030 776 3094 usurpasse:
805 3012 903 3091 quid?
931 3016 967 3076 tu
994 3016 1132 3088 amplecti
1161 3014 1229 3075 licet
1254 3013 1360 3077 dicere

204 3110 339 3191 potes?,
360 3129 389 3174 v.
413 3110 510 3174 etiam
533 3109 749 3191 Ladewiginm
772 3109 791 3175 l.
814 3127 839 3174 c.
863 3107 923 3185 ΙΙΙ,
954 3118 983 3190 5,
1016 3114 1070 3175 30:
1095 3110 1153 3175 ST.
1181 3113 1266 3185 llum,
1296 3113 1359 3186 ple·

203 3207 309 3272 dium?
331 3211 401 3286 quid
424 3227 491 3270 enm
513 3210 665 3287 gladium?
701 3208 773 3285 (Est
795 3207 940 3272 mirantis
968 3213 1002 3271 et
1028 3206 1214 3287 perterriti).
1243 3225 1271 3270 v.
1303 3213 1359 3272 54:

204 3304 300 3384 quid?
321 3324 396 3368 uxor
418 3308 509 3369 Mea?
532 3328 597 3369 eam
621 3327 680 3369 non
703 3310 779 3368 adiit
800 3310 890 3383 atque
919 3306 1054 3369 ademit?
1081 3305 1139 3381 (sic
1167 3303 1361 3370 Fleickeise·

203 3420 276 3469 nne.
299 3422 364 3467 earn
385 3401 541 3468 insertum
565 3408 616 3469 eet
636 3426 655 3471 a
678 3402 897 3480 Lachmau1103
920 3422 1032 3469 versus
1048 3409 1098 3468 est
1111 3402 1357 3483 anapaesticus).

204 3504 236 3581 6,
261 3504 316 3566 12:
339 3518 392 3577 epo
412 3504 534 3566 areos?
557 3499 626 3583 (Sic
649 3501 795 3567 Bothius.
818 3501 926 3583 Vulgo
947 3521 1048 3565 mooe
1069 3503 1157 3580 spot,
1188 3506 1239 3566 est
1260 3500 1361 3565 admi-

205 3598 328 3674 rantis).
351 3598 443 3680 Epid.
467 3598 526 3676 ΙΙΙ,
539 3607 569 3677 4,
582 3605 623 3666 53
633 3627 644 3664 :¹
663 3602 755 3676 qaid?
778 3601 928 3664 madii?
951 3607 1010 3672 i:
1035 3599 1133 3679 quid?
1156 3607 1191 3663 tn
1215 3616 1286 3664 enm
1310 3617 1361 3665 me

200 3695 378 3764 concidisse
401 3695 501 3763 dicis?
523 3698 584 3762 Est
606 3697 774 3769 mirantis).
798 3698 836 3778 V,
862 3704 889 3778 1,
915 3703 967 3762 16:
984 3698 1087 3762 'hteci
1114 3703 1144 3777 2,
1174 3700 1232 3761 to:
1261 3700 1362 3760 Etiam

200 3798 373 3859 inclamitor
395 3801 481 3876 quasi
504 3797 631 3859 servos?
655 3801 717 3867 (est
748 3796 957 3878 indignantis:
985 3814 1090 3861 nonne
1120 3796 1285 3877 indignum
1313 3800 1364 3862 est

200 3910 253 3959 me
275 3892 467 3959 inclamitari
490 3894 581 3973 quasi
604 3894 764 3963 servum?l
790 3912 817 3956 v.
840 3900 897 3958 47:
919 3898 963 3957 Tu
986 3895 1144 3958 meruisti?
1166 3898 1227 3967 (est
1241 3896 1359 3959 miran-

201 3992 245 4057 tis
267 3990 435 4073 Epidicum
459 4010 494 4057 se
516 3993 671 4057 meruisse
692 3992 829 4058 liberum
851 3990 921 4058 fieri
944 3994 1051 4059 dicere
1068 3992 1225 4074 potuisse:
1251 3991 1359 4069 Quid?

203 4094 240 4155 tu
263 4095 297 4155 te
318 4089 475 4155 meruisse
498 4090 604 4156 dicere
628 4092 753 4170 potesl)
775 4090 890 4157 Bacch.
915 4089 941 4171 l,
965 4098 994 4170 2,
1021 4096 1074 4156 19:
1106 4095 1203 4152 Etiam
1235 4111 1280 4153 rne
1309 4093 1361 4153 sd·

202 4208 323 4252 rursum
345 4190 486 4251 exordire
510 4189 664 4266 argutius?
693 4186 759 4267 (est
788 4188 1004 4269 indignantis).
1035 4208 1064 4253 v.
1090 4194 1146 4256 39:
1178 4192 1265 4265 Quid,
1289 4208 1361 4251 cave

201 4286 305 4353 melo?
329 4289 394 4365 (est
415 4286 619 4368 indignantis,
642 4285 728 4366 quod
751 4286 948 4351 Pistoclerus
981 4293 1076 4352 antea
1099 4287 1187 4369 Lydo
1218 4286 1356 4351 dixerat:

201 4402 273 4449 care
298 4390 392 4451 meio.
438 4385 506 4448 lum
534 4384 586 4450 liic
612 4386 731 4466 repetit
758 4402 813 4449 ea:
845 4384 954 4463 Quid?
986 4391 1022 4451 tu
1050 4389 1087 4450 ut
1112 4385 1196 4449 malo
1227 4402 1356 4450 caveam
