3125 5075
493 256 584 293 CASUS
601 257 867 320 suussssluvoltuu.
884 281 904 286 --
923 260 1022 297 sistus.
1314 277 1350 329 93

206 433 247 493 lo:
264 431 386 504 mcum
407 432 547 492 adcubat.
571 429 609 509 V,
632 435 660 508 2,
686 437 739 496 75;
762 436 847 510 Egon
871 453 957 512 quom
980 438 1054 496 haec
1076 452 1143 496 mam
1156 438 1209 497 illo
1223 437 1353 501 udeubst

203 528 378 605 &potami
413 526 482 592 BA.
512 529 605 590 Immo
628 532 763 605 equidem
792 536 843 608 pol
866 538 959 593 umam
980 533 1164 595 adeumbam.
1208 532 1302 600 Most
1325 535 1353 617 Ι,

201 628 321 704 2151ε
343 644 413 688 m
432 630 529 687 mua
549 628 673 688 adeubo.
719 626 803 692 Meu.
828 647 856 693 v.
883 631 980 693 1308:
1000 647 1067 692 eum
1088 635 1138 692 tuo
1159 633 1222 706 filio
1243 634 1355 696 Libera

201 725 328 787 munt
374 722 473 789 sum.
497 721 536 800 V,
560 726 588 802 5,
613 729 641 787 9.
687 724 802 789 Bacch.
825 726 849 795 Ι,
878 731 907 804 2,
931 729 964 790 9:
996 729 1074 801 ouis
1094 730 1151 790 tibi
1172 735 1353 795 enumeroist

199 840 255 883 sn
273 822 322 883 dis
343 823 610 883 musacium?
654 821 768 888 Bacch.
794 824 851 902 III,
876 827 904 902 6,
937 828 995 888 35;
1023 828 1202 903 Quibuscum
1224 831 1353 893 haberes

201 939 264 982 rem.
307 918 397 984 'driu
420 919 447 999 I,
471 924 502 996 2,
529 923 602 983 182:
625 925 843 998 Femigeratori
865 942 914 985 res
938 926 977 984 sit
999 943 1066 984 cum
1086 925 1194 985 damno
1216 932 1245 987 et
1263 930 1353 1004 mulo,

202 1016 287 1099 adq.
308 1016 330 1081 l.
354 1015 431 1081 vide
454 1016 479 1081 Ι.
503 1014 574 1081 Gul.
598 1016 692 1083 Truo.
716 1017 748 1097 I,
772 1024 807 1096 2,
836 1026 892 1084 51:
919 1024 979 1082 Sed
1008 1024 1086 1083 uuis
1113 1041 1179 1083 eum
1200 1043 1263 1085 rem
1286 1042 1353 1087 esse

205 1116 310 1178 nun?
353 1113 454 1181 Stich.
473 1113 517 1194 ΙΙ,
547 1119 575 1192 2,
599 1120 632 1179 9;
662 1120 740 1192 Quid
760 1129 903 1180 meeumst
926 1121 1001 1181 tibi?
1022 1118 1117 1184 Most.
1141 1119 1201 1197 III,
1227 1126 1254 1200 l,
1280 1126 1353 1187 124:

206 1214 389 1292 Musaeus,
410 1232 523 1274 meeum
544 1234 606 1275 rem
630 1217 715 1276 habe.
748 1213 846 1281 Mero.
869 1216 928 1294 ΠΙ,
954 1222 981 1294 1,
1006 1221 1141 1281 361iam
1164 1220 1354 1298 bienniumst,

210 1330 281 1388 quom
304 1314 399 1372 habet
420 1331 483 1373 rem
506 1314 620 1373 emm?
642 1311 730 1378 Pers.
753 1312 808 1391 IV,
828 1319 859 1393 4,
885 1318 939 1377 le:
967 1316 1041 1375 Cum
1062 1318 1188 1390 optumis
1201 1318 1276 1378 uiris
1290 1335 1354 1379 ram

207 1411 329 1472 iuuetis
375 1408 461 1474 Men.
483 1427 513 1474 u.
534 1413 612 1474 826:
636 1430 755 1487 quaeso,
780 1414 851 1487 quid
872 1414 943 1473 mihi
966 1415 1114 1475 uosmet?
1137 1413 1220 1478 Men.
1245 1414 1298 1494 IV,
1323 1419 1353 1492 2,

204 1511 249 1571 85:
269 1510 323 1569 lul
344 1509 418 1568 mihi
440 1513 571 1570 meumst.
615 1506 699 1573 Men.
723 1508 783 1585 ΙΙΙ,
806 1513 836 1587 2,
860 1513 914 1574 29:
941 1512 1013 1587 quid
1040 1513 1095 1572 tibi
1123 1531 1190 1572 nam
1213 1521 1355 1576 meumst

203 1609 246 1668 rei.
291 1603 378 1669 Meu.
400 1623 428 1667 v.
452 1609 529 1669 482:
557 1610 642 1683 quasi
662 1625 711 1669 res
740 1626 806 1668 mem
829 1626 865 1668 ea
887 1616 968 1670 esset
990 1610 1072 1670 mihi.
1117 1607 1201 1673 Men.
1223 1627 1254 1673 v.
1279 1614 1354 1677 369:

204 1706 270 1779 onis
292 1723 407 1766 mem
429 1706 484 1767 tibi
508 1707 577 1766 Fuit
599 1724 735 1781 umquam
755 1716 807 1767 ant
830 1724 907 1767 nune
929 1713 977 1768 est
998 1708 1126 1784 negoti?
1152 1706 1238 1773 Men.
1261 1707 1303 1785 ΙΙ,
1325 1712 1355 1790 2,

202 1807 250 1868 48:
279 1805 361 1879 Quid
388 1804 444 1865 tibi
472 1822 540 1863 nam
561 1811 701 1864 meeumt
722 1804 787 1864 rei?
831 1801 928 1868 Stich.
951 1803 990 1883 V,
1012 1809 1043 1879 4,
1067 1808 1102 1869 5:
1132 1808 1208 1866 Dum
1236 1808 1355 1882 quidem

202 1905 295 1964 lescle
317 1920 384 1963 m
405 1919 459 1962 suo
481 1904 603 1977 quisque
626 1905 725 1962 veniat
746 1904 824 1963 vino.
870 1901 963 1967 Truo.
986 1902 1023 1973 V,
1046 1922 1074 1966 v.
1099 1908 1156 1968 51:
1179 1907 1305 1966 Meliust
1322 1912 1354 1967 ta

201 2004 280 2062 minis
308 2009 427 2061 certare
455 2017 566 2059 numum
592 2018 679 2075 quam
707 2003 852 2062 minaciis.
904 1999 1020 2065 Bacch.
1047 2000 1108 2079 lv,
1146 2005 1180 2080 9,
1214 2006 1254 2065 41
1287 2018 1354 2082 sq.:

202 2102 265 2160 Post
286 2099 456 2174 maynufieo
479 2099 570 2157 meua
584 2131 626 2141 -
646 2098 781 2158 conflixi.
828 2095 925 2162 Stich.
948 2117 978 2160 v.
1001 2101 1057 2162 81:
1080 2101 1151 2175 quid
1172 2102 1245 2159 mihi
1267 2108 1357 2176 opust

205 2227 236 2240 -
265 2215 333 2258 uam
359 2198 432 2257 mdo
460 2199 573 2258 Genera
600 2198 720 2257 bellum.
769 2193 828 2273 IV,
859 2198 893 2274 2,
926 2202 983 2260 47:
1023 2199 1193 2275 Quicum
1220 2200 1356 2273 depugno

203 2298 287 2356 multo
314 2294 434 2356 futilius
462 2313 548 2370 quam
575 2312 641 2355 oum
672 2292 765 2365 fasne.
812 2290 899 2357 Pers.
920 2294 951 2371 Ι,
990 2299 1021 2371 l,
1056 2298 1155 2357 3-5:
1193 2297 1269 2355 Nem
1291 2312 1358 2355 mem
1392 2299 1396 2304 “

204 2394 291 2460 utne,
318 2410 387 2452 eum
408 2398 541 2460 excessu
566 2411 632 2453 eum
654 2409 756 2461 cervo,
784 2410 850 2453 cum
870 2411 943 2467 apro
970 2394 1117 2460 Aetolico,
1150 2393 1223 2453 Cum
1253 2394 1358 2454 ovibus

203 2491 418 2566 umbaldum,
454 2510 519 2552 cutm
543 2491 660 2552 Anmeo
690 2491 839 2552 deluotari
869 2494 975 2567 malni,
1015 2494 1108 2568 Quam
1143 2510 1210 2552 eum
1235 2490 1356 2556 Anam.

202 2588 283 2656 Pers.
306 2608 337 2653 v.
358 2593 412 2653 26:
435 2609 502 2650 eum
523 2591 564 2650 eis
584 2591 766 2666 belligerem.
797 2586 839 2665 ΙΙ,
862 2592 892 2668 2,
915 2594 975 2654 56:
998 2598 1116 2652 eermre
1139 2594 1240 2650 temam.
1272 2588 1356 2654 Men.

201 2704 226 2753 v.
248 2691 326 2753 765:
362 2690 458 2749 Credo
479 2706 546 2749 eum
566 2690 632 2748 uiro
663 2689 789 2762 litigium
817 2698 918 2748 natum
948 2708 1015 2751 esse
1044 2689 1173 2765 aliquod.
1217 2686 1302 2752 Men.
1325 2707 1353 2753 v.

203 2793 274 2851 151:
297 2788 439 2861 Litigium
459 2788 542 2846 tibist
564 2804 630 2846 eum
650 2803 751 2846 umore.
797 2783 911 2849 Pseud.
934 2785 983 2863 ΙΙ,
1015 2791 1048 2861 l,
1076 2790 1109 2849 6:
1139 2806 1205 2847 eum
1227 2789 1357 2850 uosuous

200 2887 246 2946 ubi
269 2884 348 2961 [ubi]
372 2885 557 2962 congrediar.
581 2882 695 2947 Pseud.
711 2881 736 2955 I,
756 2887 782 2960 l,
799 2885 833 2944 8:
853 2885 961 2946 Gestae
983 2887 1111 2946 tabellas
1133 2891 1233 2947 tecum.
1258 2884 1356 2950 Stich.

201 2981 222 3057 Ι,
245 2987 276 3059 2,
298 2987 356 3046 94:
380 2984 488 3042 Tecum
509 2983 632 3043 adduae.
664 2978 760 3044 Stich.
783 2978 826 3057 11,
850 2986 880 3058 2,
903 2986 960 3045 57;
988 2984 1105 3043 advexit
1128 3001 1233 3044 seeum.
1257 2982 1356 3049 Stich.

204 3099 231 3142 v.
254 3084 329 3145 388:
353 3084 442 3142 Poste
465 3089 563 3141 antem
586 3080 703 3139 advexit
725 3081 874 3154 parasitos
897 3098 1002 3141 seeum.
1046 3078 1105 3157 ΙΙΙ,
1137 3087 1168 3157 l,
1198 3087 1249 3145 17:
1283 3102 1356 3159 quas

202 3199 310 3240 meeum
333 3180 450 3239 adduxi.
473 3176 560 3240 Pers.
583 3175 609 3251 I,
630 3180 659 3254 3,
683 3179 739 3239 62;
763 3178 821 3238 uisi
844 3187 963 3254 gnatam
987 3183 1079 3238 seeum
1102 3181 1158 3239 hue
1181 3181 1239 3239 iam
1264 3200 1356 3255 quan-

205 3285 260 3337 tum
281 3286 382 3353 potest
404 3278 545 3338 Adducis.
589 3273 673 3338 Men.
697 3273 739 3353 H,
763 3278 792 3353 3,
817 3278 873 3338 76:
913 3278 994 3352 Ergo
1021 3294 1088 3336 mox
1115 3275 1232 3336 auferto
1256 3283 1356 3337 tecum.

209 3371 285 3438 lieu.
306 3372 388 3455 prol.
410 3393 440 3436 v.
464 3378 519 3436 27:
554 3376 714 3435 Tarentum
747 3376 847 3434 avexit
873 3391 970 3434 seeum
1003 3374 1042 3433 ad
1069 3382 1232 3434 mereatum
1260 3377 1356 3435 simul.

208 3472 312 3537 Baucis
346 3471 405 3549 lu,
434 3477 466 3551 l,
493 3476 529 3534 2:
566 3474 674 3533 Militis
707 3475 758 3547 qui
786 3474 909 3532 amicam
942 3489 1039 3532 seeum
1066 3475 1165 3533 avexit
1197 3491 1232 3531 ex
1260 3474 1357 3532 Samo.

209 3568 313 3634 Pseud.
336 3568 396 3646 IV,
426 3574 462 3648 6,
484 3573 538 3635 32;
567 3588 663 3630 seeum
685 3568 816 3631 abduxit.
861 3568 975 3632 Pseud.
999 3588 1028 3631 v.
1052 3572 1127 3633 693:
1151 3571 1232 3630 ducit
1257 3571 1358 3629 nescio

212 3688 285 3742 quem
306 3687 403 3730 secum
422 3672 524 3730 semul.
559 3666 601 3746 Π,
624 3672 654 3744 4,
679 3669 732 3729 66:
757 3670 912 3729 Hominem
934 3686 1000 3727 mem
1021 3669 1201 3728 orntumerttis
1224 3668 1358 3727 omuibus

214 3766 383 3828 Exomutum
406 3769 555 3840 adducite,
579 3763 665 3844 quod
685 3770 793 3827 tamen
809 3764 892 3827 malo
906 3763 948 3828 ad
964 3767 991 3825 d.
1008 3765 1180 3845 pertinere,
1204 3763 1357 3841 siqnidem

216 3881 268 3924 mn
293 3884 356 3926 om.
385 3863 494 3944 potius
521 3881 591 3927 cum
619 3861 789 3943 participio
817 3868 993 3924 exornatum
1019 3880 1113 3942 quam
1142 3879 1214 3925 cum
1242 3864 1359 3922 homine

216 3963 455 4043 ooniungendum
479 3979 549 4026 esse
575 3966 662 4041 puto.
707 3959 821 4024 Pseud.
846 3960 875 4037 l,
909 3966 940 4036 l,
969 3964 1024 4022 60:
1060 3980 1126 4021 nam
1156 3963 1227 4020 mihi
1256 3963 1358 4021 videor

215 4076 267 4119 tum
288 4081 322 4120 ea
342 4063 514 4122 fabularier.
559 4059 651 4124 Most.
676 4077 703 4120 v.
729 4062 804 4122 519:
841 4063 965 4136 Quinum
992 4063 1085 4120 istaec
1114 4059 1258 4134 loquere?
1302 4055 1358 4136 IV,

216 4159 239 4227 2,
259 4164 306 4222 39;
330 4164 394 4221 sine
418 4178 464 4220 me
488 4178 553 4218 mum
570 4177 664 4233 puero
686 4160 775 4232 loqui.
820 4156 907 4221 Pers.
929 4176 958 4220 v.
981 4161 1057 4219 486:
1091 4159 1149 4218 Ubi
1171 4174 1236 4215 cum
1259 4158 1359 4215 ῑεηοιιε

215 4273 252 4315 ne
272 4260 383 4320 videbis
407 4259 555 4333 conloqui.
600 4256 719 4320 Eadem
742 4253 894 4335 leguntur
915 4273 943 4319 v,
968 4259 1037 4316 728.
1076 4252 1174 4317 Mero.
1198 4252 1223 4331 Ι,
1247 4257 1276 4331 2,
1301 4258 1357 4315 76:
