3125 5075
331 513 396 555 ΙΟΤ.
411 514 515 557 PRABD.
529 515 559 555 ΙΙΙ
573 515 652 556 urit.
666 515 764 557 SPECT.
778 535 805 545 -
818 516 913 557 ΒΙΙΒΘΤ.
928 517 1045 561 ADIBOT.
1059 519 1098 560 ET
1111 520 1223 563 esurie.
1334 532 1353 595 5

200 717 284 765 esse·
330 700 372 779 ΙΙ,
396 706 424 779 3,
449 709 505 767 27:
550 707 625 765 Nam
647 708 799 781 pollicitus
822 726 885 768 sum
908 715 1117 784 deceptarum.
1162 709 1221 791 ΙΙΙ,
1245 716 1274 791 3,
1299 717 1352 778 20:

200 802 282 861 Dein
304 798 392 861 facile
416 820 452 861 ex
475 805 535 863 illis
558 821 624 864 sese
647 821 829 865 emersurum
851 810 946 868 malis.
991 806 1071 871 Eun.
1091 807 1117 888 Ι,
1142 813 1170 889 2,
1196 814 1268 875 125:
1312 815 1354 873 Et

200 898 228 959 is
251 898 340 958 hodie
362 905 517 960 venturum
540 901 577 960 ud
600 918 645 961 me
670 906 825 963 constituit
848 906 971 965 domum.
1017 904 1133 969 Heaut.
1155 908 1232 985 prol.
1255 926 1283 971 v.
1298 913 1352 973 19:

200 1003 234 1057 et
256 997 365 1055 deinde
389 998 541 1069 facturum
563 1008 703 1060 autumat.
749 998 867 1074 Hec.1‚
888 1006 913 1079 l,
931 1007 963 1065 b:
987 1006 1104 1064 iurabat
1125 1036 1168 1046 -
1189 1008 1353 1082 Numquam

199 1094 257 1155 illa
287 1096 354 1155 riva
381 1096 540 1155 ducturum
569 1115 689 1157 uxorem
720 1098 846 1159 domum.
892 1097 1023 1177 Adelph.
1056 1098 1114 1177 ΙΙΙ,
1139 1105 1167 1178 2,
1193 1106 1249 1167 35:
1296 1105 1353 1178 Qui

199 1208 235 1253 ae
257 1194 289 1251 in
313 1196 357 1252 sui
380 1196 492 1267 gremio
510 1196 677 1267 positurum
699 1213 822 1270 puerum
846 1198 965 1259 dicebat
987 1199 1099 1273 patris?

290 1292 317 1351 2.
362 1289 410 1352 Ex
443 1290 648 1368 praedicatis,
682 1307 763 1370 quae
793 1292 1028 1373 coniunguntur
1054 1313 1125 1359 cum
1152 1296 1250 1361 verbo
1278 1297 1353 1364 sub-

199 1386 343 1452 stantivo
375 1392 431 1450 aut
464 1406 615 1468 expresso
647 1393 704 1453 eut
732 1397 819 1453 certo
842 1389 1019 1472 cogitando,
1049 1394 1177 1457 maioris
1200 1394 1352 1460 momenti

200 1490 279 1551 sunt
300 1484 510 1564 substantiva,
533 1485 699 1565 adiectim,
722 1487 897 1568 participia,
920 1489 1049 1555 minoris
1064 1491 1224 1557 adverbia.

288 1600 316 1645 a
361 1583 559 1647 Substantioa.
604 1582 701 1663 Legg.
725 1582 788 1647 XII
811 1585 906 1657 teob,
931 1584 984 1662 Vl,
1006 1585 1043 1651 fr.
1061 1594 1093 1653 3:
1118 1593 1260 1665 Quoniam
1283 1609 1353 1654 usus

207 1683 368 1742 auctoritas
393 1681 475 1741 lnudi
497 1683 645 1743 biennium
668 1691 724 1758 est,
748 1682 803 1746 ubi
824 1700 882 1762 pro
905 1687 1053 1746 biennium
1075 1686 1202 1766 proprie
1225 1685 1355 1752 adiecti·

207 1795 279 1840 vum
301 1782 419 1840 biennis
444 1783 619 1858 exspectas,
644 1780 791 1858 quoniam
815 1781 909 1859 paulo
931 1790 1005 1861 post
1023 1782 1055 1845 in
1077 1784 1169 1848 simili
1183 1803 1218 1847 re
1234 1785 1354 1849 dietum

203 1886 266 1939 est:
302 1896 425 1951 querum
460 1896 578 1938 annuus
612 1887 659 1939 est
690 1898 770 1952 usus,
805 1877 890 1958 quod
918 1878 1074 1945 Funceius
1108 1899 1170 1945 non
1197 1882 1279 1947 male
1308 1881 1354 1947 sie

201 1969 384 2053 περιᾳράζειι
415 1994 483 2036 usus
511 1979 674 2037 auotoritas
704 1976 797 2051 fundi,
828 1994 891 2055 quo
913 1973 978 2054 fiat,
1005 1979 1154 2040 biennium
1178 1990 1231 2043 est.
1275 1978 1354 2044 (lato

201 2071 240 2135 Β,
263 2070 299 2133 R.
324 2088 349 2135 c.
370 2078 403 2135 4:
428 2076 452 2133 si
475 2074 545 2148 quid
569 2075 662 2149 (bona
685 2077 793 2149 salute)
814 2093 885 2136 usus
908 2078 1030 2149 venerit,
1053 2078 1179 2153 benigne
1202 2078 1353 2140 defendat.

202 2167 299 2234 Ennii
323 2168 530 2248 Epicharmus
552 2168 592 2232 fr.
617 2177 650 2233 i:
681 2175 780 2233 Haece
804 2182 927 2249 propter
949 2173 1086 2247 Iuppiter
1108 2184 1176 2235 suut
1198 2179 1257 2237 ista
1278 2192 1354 2252 quse

201 2269 272 2328 diro
296 2270 359 2343 tibi,
381 2285 420 2329 ex
442 2266 556 2346 quibus
580 2268 731 2347 exemplis
747 2273 837 2347 patet
851 2285 909 2332 neo
924 2268 955 2332 in
972 2285 1089 2348 genere
1104 2288 1161 2334 neo
1176 2271 1210 2336 in
1222 2271 1354 2356 metuero

203 2366 376 2430 convenire
405 2383 485 2444 opus
515 2383 585 2428 osse
614 2365 831 2445 praedicatum
859 2384 929 2431 cum
952 2366 1104 2442 subiecto,
1133 2368 1207 2431 item
1229 2355 1355 2450 Mi·

203 2469 312 2527 uatum
345 2479 439 2542 posse
477 2472 551 2526 aute
585 2463 762 2527 subiectum
798 2463 880 2543 poni,
915 2463 999 2543 quod
1032 2464 1152 2528 iactum
1181 2471 1231 2529 est
1260 2465 1355 2529 etiam

208 2562 311 2626 Plaut.
335 2561 429 2625 Poen.
455 2560 491 2638 V,
509 2567 537 2636 2,
558 2566 629 2625 108:
654 2566 728 2624 Nam
752 2566 823 2624 mihi
845 2564 965 2624 sobrino
988 2566 1165 2640 Ampsigura
1188 2572 1239 2624 tua
1261 2571 1356 2624 mater

205 2661 271 2724 tuit..
318 2659 444 2722 Terent.
478 2661 533 2724 Ad.
564 2659 623 2738 ΙΙΙ,
655 2665 683 2739 3,
715 2667 771 2725 31;
817 2665 869 2736 Tu,
899 2672 1024 2738 quantus
1053 2661 1198 2739 quantus,
1226 2664 1267 2723 nil
1298 2663 1357 2722 nisi

204 2761 354 2834 ramento
369 2778 411 2820 es.
456 2758 624 2823 Pertinent
645 2758 707 2822 huo
729 2759 825 2823 etiam
846 2758 982 2837 plurima
997 2759 1151 2839 exempla,
1167 2775 1248 2837 quae
1263 2755 1357 2822 attuli

205 2855 237 2919 in
260 2854 452 2919 nominativo
475 2854 493 2937 ἓ
516 2864 544 2920 4.

292 2957 322 3017 3.
346 2953 374 3017 b.
418 2956 575 3016 Adieottua
603 2961 631 3014 et
656 2958 827 3030 participio.
872 2955 921 3019 De
943 2955 1109 3035 participio
1133 2953 1194 3019 hue
1216 2953 1357 3033 pertinet

205 3051 388 3130 coniugatio
424 3069 506 3130 quae
544 3051 660 3115 dicitnr
696 3050 944 3131 periphrastiea‚
981 3069 1062 3131 quae
1100 3051 1201 3116 rarior
1237 3056 1287 3115 est
1323 3050 1357 3115 in

206 3149 377 3229 participio
393 3149 580 3229 praesentis,
597 3148 805 3212 usitatissima
821 3156 855 3212 et
869 3149 1049 3214 necessaria
1064 3149 1154 3226 adeo,
1170 3155 1206 3211 ut
1221 3150 1356 3227 constat,

203 3246 236 3310 in
263 3252 345 3326 part.
375 3246 431 3311 lut.
459 3248 556 3312 activi
584 3251 617 3310 et
645 3247 723 3326 perf.
753 3264 837 3325 pass.
869 3245 948 3310 Cato
972 3246 1007 3308 ll.
1033 3246 1068 3308 R.
1093 3245 1206 3326 prael:
1238 3250 1356 3308 minime

203 3377 245 3390 -
268 3349 347 3406 male
366 3341 526 3421 cogitantes
545 3352 622 3407 sunt.
668 3343 763 3424 Apud
792 3343 927 3408 comicos
954 3344 1015 3407 huc
1045 3342 1184 3423 pertinet
1213 3342 1357 3423 inprimis

203 3441 355 3523 frequens
382 3442 519 3507 formula
547 3451 581 3505 ut
609 3447 650 3505 sis
672 3446 773 3512 sciens,
803 3441 842 3505 de
870 3458 933 3520 qua
963 3440 1033 3503 vide
1059 3441 1152 3505 Heus.
1177 3440 1216 3502 ad
1239 3439 1356 3520 Reisig.

203 3558 234 3621 p.
260 3545 333 3618 745,
357 3541 461 3606 adnot.
487 3547 557 3619 579,
581 3542 626 3606 sic
648 3542 752 3605 Plaut.
776 3540 872 3602 Poen.
896 3537 934 3616 V,
958 3542 986 3619 2,
1012 3542 1067 3601 78:
1106 3540 1277 3613 Carthagini
1301 3554 1365 3615 ego-

204 3658 268 3701 snm
292 3649 409 3716 gnatus,
437 3646 471 3701 ut
498 3647 531 3703 tu
552 3644 594 3702 sis
615 3643 716 3702 serens.
762 3637 891 3701 Terent.
917 3636 1015 3701 Andr.
1039 3634 1099 3712 ΙΙΙ,
1122 3641 1151 3713 2,
1175 3640 1232 3698 28:
1262 3645 1294 3697 ut
1316 3636 1357 3698 sis

204 3740 313 3800 sciens.
360 3737 415 3816 iv,
438 3746 467 3815 4,
491 3744 547 3803 36:
581 3748 613 3799 ut
635 3748 667 3799 tu
691 3743 731 3799 sis
754 3741 864 3799 sciens.
911 3734 1146 3798 Adiectivorum
1170 3737 1358 3812 praeterea

204 3834 361 3914 exempla,
392 3851 473 3913 quae
501 3837 531 3899 in
561 3835 753 3899 nominativo
777 3833 797 3896 l.
821 3850 847 3897 e.
870 3832 973 3905 attuli,
1002 3831 1080 3894 haee
1109 3847 1230 3909 ponam.
1277 3829 1356 3894 Cato

205 3930 292 3995 RB.
310 3951 335 3996 c.
354 3937 386 3995 5:
409 3933 529 3996 Primus
552 3937 653 3996 cubitu
676 3943 790 4010 surgat:
809 3937 975 4007 postremus
998 3932 1127 3991 cubitum
1151 3937 1209 3992 eat.
1253 3927 1356 3992 Plaut.
1399 3946 1407 3961 ·

204 4027 290 4096 Pers.
317 4030 341 4106 Ι,
368 4037 393 4105 l,
422 4039 451 4095 i:
497 4036 552 4107 Qui
581 4052 683 4093 amans
712 4050 802 4106 egens
830 4033 980 4105 ingressus
1012 4036 1059 4087 est
1082 4028 1218 4100 pnirmeps
1240 4028 1358 4087 Amoris

201 4128 233 4191 in
256 4134 329 4191 vias.
376 4128 503 4193 Terent.
527 4130 605 4193 Eun.
630 4129 671 4207 ΙΙ,
699 4133 724 4202 l,
750 4133 804 4191 15:
828 4128 971 4203 Vigilabis
996 4127 1098 4186 lassos.
1145 4121 1358 4187 Memorabilia

202 4233 253 4291 est
268 4231 407 4290 attractio
422 4228 451 4292 in
470 4228 662 4307 praedicato,
680 4231 715 4288 nt
730 4243 831 4305 genus
847 4223 1025 4288 attributiri
1042 4241 1104 4285 non
1122 4239 1191 4284 cum
1204 4219 1358 4297 subiecto,

205 4323 261 4387 sed
284 4343 356 4388 cum
380 4325 563 4404 praedicato
587 4325 732 4388 concinat
755 4323 912 4400 (sinriliter
928 4321 1012 4400 apud
1030 4319 1180 4396 Graecos
1197 4335 1224 4380 v.
1244 4315 1357 4380 Bornh.

202 4429 284 4504 synt
310 4441 342 4502 p.
366 4428 451 4501 337),
482 4423 607 4488 Terent.
635 4421 759 4485 Phorm.
793 4421 817 4498 Ι,
842 4427 871 4496 2,
894 4426 949 4483 lt:
995 4423 1159 4494 Paupertas
1187 4417 1257 4476 mihi
1284 4433 1359 4476 onus

202 4527 327 4586 meumst
349 4531 380 4584 et
402 4527 542 4584 miserum
565 4534 595 4583 et
618 4539 717 4598 grave,
739 4537 769 4582 v.
794 4518 894 4583 Rudo.
920 4516 961 4594 ΙΙ,
985 4533 1013 4594 p.
1039 4520 1069 4578 5.
