3125 5075
297 547 359 607 364
584 538 646 578 ΟΔΡ.
661 539 706 579 XV.
733 537 882 579 ΒΟῦΤΙΙΙΙΙΔ
909 537 1129 579 Etuuclnulouu
1135 538 1162 577 tl.

381 727 411 792 b.
455 726 568 792 Potest
588 746 700 806 causa,
729 726 887 806 adquam
909 746 977 803 erpo
1001 724 1153 805 refertur,
1182 731 1298 807 postea
1326 723 1444 789 demum

297 825 389 903 addi,
418 825 522 905 ipsum
550 831 658 889 autern
684 825 857 906 praemitti.
902 824 1017 907 Amph.
1040 825 1072 904 Ι,
1098 831 1125 903 l,
1152 829 1230 892 122:
1260 822 1347 900 Ergo
1375 827 1444 886 istuc

299 928 401 1001 magis,
427 927 502 999 Quia
526 924 695 997 vanilocu¹s,
719 926 885 1000 vapulabis.

382 1040 407 1086 c.
452 1020 637 1100 Usurpatur
658 1020 691 1084 in
714 1018 909 1086 conficienda
925 1020 1202 1102 argumentatione
1219 1021 1301 1085 etin
1317 1018 1447 1088 finienda

298 1118 507 1185 conclusione.
551 1118 706 1198 Exempla
727 1118 800 1184 vide
822 1134 872 1197 ap.
895 1117 1055 1182 Handium
1071 1113 1108 1197 'p
1130 1123 1314 1185 oso-449.

383 1217 412 1281 d.
465 1214 537 1280 Alia
577 1221 721 1296 potestas
762 1215 857 1280 huius
900 1215 1046 1280 vocabuli
1090 1213 1362 1282 confirmationem
1406 1217 1447 1282 rei

296 1333 392 1380 verae
428 1311 565 1378 exhibet.
629 1319 735 1393 Atque
769 1314 802 1377 in
844 1314 1012 1378 sententiis
1051 1331 1119 1377 rem
1153 1314 1338 1379 universam
1371 1312 1448 1379 affir-

297 1412 459 1477 mantibus
489 1417 677 1491 usurpatur,
708 1413 764 1477 sed
794 1411 890 1476 etism
919 1412 950 1475 iu
978 1412 1090 1491 quavis
1117 1412 1318 1477 dubitatione
1347 1413 1447 1495 expel-

297 1509 402 1575 lendo.
427 1507 581 1588 Amph.l,
602 1513 698 1586 1,·20:
728 1514 815 1584 Ergo
839 1514 868 1570 in
893 1512 1035 1571 servitute
1059 1519 1204 1586 expetunt
1226 1516 1323 1572 multa
1344 1514 1448 1588 iniqua

299 1608 380 1672 Rud.
403 1606 444 1686 ΙΙ,
461 1613 490 1685 3,
507 1611 561 1671 71:
584 1612 669 1683 Ergo
690 1613 804 1669 animus
828 1626 938 1685 aequos
961 1616 1144 1684 optumumst
1166 1627 1329 1671 aerumnae
1353 1612 1449 1671 condi·

299 1718 440 1769 mentum.

384 1822 411 1866 e.
454 1802 505 1865 lta
528 1821 585 1882 per
607 1821 676 1878 erpo
704 1801 835 1867 additur
857 1800 1027 1867 affirmatio
1057 1802 1121 1880 rei,
1150 1819 1233 1882 quae
1263 1809 1322 1869 aut
1344 1804 1449 1885 negari

300 1909 358 1965 aut
384 1901 465 1965 mira
494 1917 564 1965 esse
593 1899 728 1964 videtur.
774 1899 865 1977 Quod
896 1900 993 1964 etiam
1021 1905 1089 1964 tum
1113 1897 1184 1964 fieri
1206 1905 1333 1982 potest,
1359 1919 1449 1981 quun

299 1999 467 2077 sententia,
491 1999 531 2063 ad
553 2015 649 2078 quarn
671 2000 887 2079 comprobatio
911 1998 1080 2078 referatur,
1105 1998 1223 2062 omissa
1245 2003 1306 2063 est.
1341 1998 1447 2063 Bacch.

299 2096 359 2176 Ill,
384 2102 413 2176 6,
437 2101 494 2162 39:
518 2099 600 2158 Duas
622 2114 692 2172 erpo
713 2101 761 2160 hic
784 2103 864 2160 intus
885 2117 973 2160 eccas
995 2099 1168 2159 Bacchides.

385 2191 406 2257 Ι.
450 2191 629 2258 Affirmatio
667 2196 814 2275 augescit
850 2195 967 2260 additis
1000 2194 1165 2259 vocabulis
1206 2194 1450 2259 asseverationis

297 2294 446 2369 profecto,
469 2292 583 2371 edepol,
610 2299 732 2363 ecoctrr,
761 2297 866 2356 hercle.
910 2292 1020 2372 Mill,
1045 2295 1153 2372 1,63:
1188 2294 1286 2369 ‘Ergo
1307 2307 1450 2356 mecastor

301 2394 408 2467 pulcer
430 2390 485 2451 est'
508 2393 606 2466 iuquit
627 2394 698 2451 mihi
721 2394 761 2451 Et
785 2395 928 2471 liberalis,
954 2391 1007 2456 ubi
1029 2389 1137 2455 Lind.:
1167 2391 1275 2472 ,Ergo
1290 2416 1336 2445 =
1358 2399 1449 2469 certo,

302 2505 425 2567 revera,
450 2491 485 2550 ut
507 2505 614 2567 saepe.
638 2486 684 2553 cf.
708 2490 819 2555 Dousa
841 2490 943 2555 Plaut.
968 2488 1049 2569 expl.
1073 2487 1137 2564 ΙΙΙ,
1162 2487 1211 2550 7.“
1298 2556 1314 2577 .·

387 2605 417 2667 g.
463 2583 640 2650 Adfirmatio
663 2593 770 2667 potest
791 2588 823 2651 in
846 2607 918 2652 eum
941 2588 1071 2651 modurn
1093 2587 1231 2665 intendi,
1261 2594 1298 2651 ut
1321 2607 1392 2658 res,
1417 2588 1450 2652 de

301 2702 364 2764 qua
386 2683 560 2764 loquimur,
591 2689 751 2764 tamquam
776 2686 890 2751 eximia
912 2685 1095 2751 distinctius
1125 2684 1314 2766 designetur
1338 2693 1395 2750 aut
1415 2686 1449 2748 ab

301 2783 384 2847 omui
408 2782 607 2846 dubitatione
630 2789 754 2847 remota
775 2801 835 2863 per
856 2802 891 2848 se
914 2783 1049 2863 intelligi
1072 2783 1282 2847 existimetur.
1330 2784 1448 2849 Terent.

300 2880 399 2945 Andr.
423 2880 460 2960 V,
484 2885 513 2949 2,
537 2884 572 2943 9:
596 2884 715 2942 Mihin?
759 2881 807 2946 SI.
831 2885 896 2944 Tibi
920 2900 997 2957 crgo.

385 2976 416 3040 h.
461 2975 647 3041 Affirmandi
671 2979 718 3042 vis
741 2980 874 3043 inservit
896 2978 1105 3059 indignationi
1127 2984 1161 3041 et
1182 2979 1314 3044 ironiae.
1354 2980 1449 3044 Plaut-

301 3075 417 3140 Bacch.
441 3074 466 3152 Ι,
491 3078 519 3153 2,
547 3080 598 3138 17:
622 3080 716 3138 Nemo
739 3096 807 3151 crgo
831 3082 884 3139 tibi
908 3082 971 3139 Hoc
994 3081 1158 3154 adparovit.

385 3173 403 3235 i.
456 3171 668 3252 coniungitur
706 3194 777 3239 curu
813 3175 1016 3254 imperativo,
1050 3195 1078 3238 v.
1113 3175 1216 3240 Haud.
1258 3194 1287 3255 p.
1323 3181 1383 3238 451
1408 3191 1448 3252 sq.

303 3271 385 3335 lllen.
410 3270 457 3346 ll,
482 3276 517 3349 3,
542 3275 590 3334 ld.
618 3272 682 3335 llil.
707 3272 756 3351 ΙΙ,
780 3278 816 3352 2,
842 3278 912 3336 100.
935 3273 1033 3337 llere.
1058 3273 1095 3352 V,
1120 3279 1154 3351 2,
1180 3280 1248 3336 114.
1273 3274 1388 3338 Pseud.
1412 3271 1447 3343 ll,

301 3374 338 3448 2,
368 3375 423 3434 57:
463 3372 544 3430 Doto
583 3374 681 3432 istunc
716 3373 878 3437 sumbolum
919 3390 987 3447 erpo
1027 3375 1079 3434 illi.
1134 3371 1222 3435 Pers.
1252 3371 1303 3451 ΙΙ,
1333 3378 1368 3450 2,
1399 3375 1447 3434 bl:

301 3472 349 3531 dic
372 3488 452 3546 ergo.

385 3566 415 3629 lr.
441 3565 564 3646 ¹Saepe
587 3587 656 3643 crgo
679 3567 879 3647 componitur
901 3585 972 3631 cum
994 3567 1091 3631 verbo
1115 3585 1177 3643 ape.
1215 3566 1310 3631 Most.
1336 3566 1399 3643 ΙΙΙ,
1425 3572 1448 3641 l,

304 3668 379 3728 133:
401 3666 468 3739 Ape
490 3669 714 3726 comminiscere
737 3685 816 3742 ergo.

385 3760 404 3825 l.
451 3760 677 3826 Coniunctivus
702 3770 735 3827 et
756 3764 898 3828 futurum
923 3763 1032 3829 eodem
1055 3765 1148 3826 modo
1171 3771 1372 3843 usurpatur,
1394 3781 1450 3842 qrro

298 3860 515 3939 imperativus.
539 3859 604 3924 llil.
628 3860 654 3938 l,
681 3868 706 3936 l,
732 3866 786 3926 78:
809 3869 872 3940 Age
897 3881 996 3925 corneas
1019 3882 1094 3936 erpo.
1118 3862 1159 3940 ll,
1177 3869 1205 3938 5,
1229 3865 1271 3924 66
1294 3861 1339 3942 (v.
1361 3862 1450 3941 litii:

299 3964 384 4034 Ergo
408 3961 432 4020 si
456 3962 551 4034 sapis,
575 3963 759 4022 Mussitobia.

385 4074 425 4119 m.
471 4055 605 4120 Ponitur
635 4059 666 4120 in
694 4059 957 4139 interrogatione,
985 4077 1013 4121 v.
1041 4056 1142 4120 Hand.
1173 4074 1201 4135 p.
1226 4059 1301 4123 453.
1341 4057 1452 4123 Bacch.

299 4154 354 4228 IV,
380 4161 416 4232 4,
440 4158 493 4217 58:
517 4158 575 4217 Ubi
599 4176 675 4217 nnnc
698 4161 902 4219 Mnesilochus
932 4156 1052 4233 ergoet?
1096 4154 1151 4232 IV,
1177 4160 1213 4232 2,
1239 4160 1276 4220 6:
1313 4161 1452 4221 Utramue

299 4256 389 4329 erpo?
432 4259 471 4327 4,
497 4256 551 4316 38:
581 4257 695 4330 Nempe
719 4273 787 4332 ergo
810 4259 865 4318 hoc
890 4265 921 4318 nt
944 4259 1059 4319 laceret
1086 4258 1164 4331 quod
1188 4257 1318 4331 loquor?
1364 4255 1453 4318 Most.

300 4350 342 4429 Π,
367 4357 394 4429 2,
421 4356 459 4414 59
484 4367 548 4430 sq.:
573 4354 625 4412 Ait
648 4357 764 4416 venisse
789 4357 924 4416 illumin
949 4358 1058 4416 somnis
1080 4355 1117 4414 sd
1140 4372 1172 4415 se
1196 4363 1355 4415 mortuom.
1390 4352 1453 4415 ΤΗ.

299 4450 414 4525 Nempe
437 4468 505 4525 erpo
531 4453 560 4510 in
591 4453 722 4512 somnis?
766 4449 821 4522 lv,
845 4456 879 4529 2,
905 4458 961 4516 56:
990 4455 1218 4514 Philolachesne
1242 4455 1334 4526 crgo?
1379 4450 1452 4514 Bud.

299 4544 357 4620 ΙΙΙ,
381 4554 409 4621 3,
434 4552 488 4610 56:
513 4552 605 4623 Quam
630 4568 696 4609 mox
719 4554 758 4610 mi
781 4565 936 4628 argentum
960 4569 1028 4626 crgo
1050 4553 1209 4612 redditur?
