3125 5075
349 385 359 404 ἃ
1275 355 1281 375 o

290 571 315 633 4
617 559 762 601 ΙΙΟἩΟΙΙΒΒ
776 557 961 599 ementem.
989 556 1052 597 CAV.
1068 555 1116 598 vu.

294 750 392 815 Andr.
409 748 434 825 1,
451 755 480 827 5,
495 754 530 813 4:
553 768 649 810 nonna
672 752 755 825 prius
777 749 1022 810 manentum
1036 746 1185 820 oportuit?
1223 742 1314 806 Adde
1329 740 1446 804 Heaut

293 847 366 927 1‚o,
382 850 437 912 26:
459 865 592 908 mansam
615 857 714 909 umen
736 848 872 922 oportuit.
916 842 975 920 ΙΙΙ,
999 848 1028 922 2,
1045 847 1101 905 25:
1125 845 1207 904 Haec
1231 842 1314 914 saeta
1335 841 1372 901 ab
1395 841 1449 901 illo

294 947 452 1020 oportebat.
496 942 533 1007 In
557 961 594 1007 eo
617 948 724 1009 autem
738 942 815 1007 mihi
831 940 1024 1007 Ritsehelius
1049 958 1079 1021 p.
1097 944 1158 1005 325
1175 938 1305 1003 nimium
1320 935 1449 1000 videtur

298 1040 507 1119 contendisse,
521 1042 604 1120 quod
620 1041 747 1121 negavit
763 1059 823 1103 essa
840 1039 988 1103 Plautum
1006 1038 1154 1102 omittere
1167 1037 1198 1101 in
1211 1033 1447 1102 constructione

296 1137 469 1203 accusativi
485 1155 556 1202 cum
571 1136 737 1217 infinitivo,
749 1156 822 1202 nam
839 1137 917 1202 satis
932 1135 1023 1200 multi
1039 1140 1163 1200 restant
1175 1133 1236 1199 loci
1249 1128 1448 1208 emendandi,

296 1235 445 1316 utEpid.
470 1234 495 1311 Ι,
520 1238 603 1314 1,6:
642 1238 787 1312 Spondeo.
833 1235 895 1299 ΕΡ.
933 1235 1033 1311 Qniut
1077 1231 1143 1296 TH.
1181 1236 1230 1293 lia
1252 1234 1451 1304 acceptarum,

297 1338 323 1395 si
346 1336 437 1396 dabis.
482 1330 551 1396 Cae.
575 1332 634 1411 ΙΙΙ,
659 1340 688 1411 5,
712 1339 769 1397 37;
795 1336 960 1407 Deioravit,
988 1333 1150 1392 occisuram
1173 1348 1248 1391 aum.
1265 1326 1312 1421 ΙΙ).
1337 1344 1367 1389 v,
1393 1331 1447 1390 51:

297 1434 392 1493 altero
425 1440 454 1491 te
488 1431 652 1492 occisarum
686 1435 737 1493 ait.
781 1430 894 1496 Pseud.
928 1428 953 1508 Ι,
989 1433 1017 1506 3,
1057 1431 1114 1490 118
1151 1427 1220 1507 ipse
1253 1422 1447 1488 Bitschelius

296 1527 426 1607 scripsit
452 1530 609 1590 iuravistiu
644 1540 674 1589 to
708 1532 788 1590 illam
824 1531 897 1590 nulli
929 1528 1117 1588 obedituram
1147 1527 1203 1586 nisi
1233 1523 1327 1584 mihi?
1379 1519 1447 1584 Non

158 1665 178 1694 a
296 1625 438 1706 pertinet
459 1624 521 1689 huc
542 1630 649 1688 autem
672 1625 760 1690 locus
782 1624 878 1690 Merc.
895 1624 920 1703 Ι,
941 1630 967 1702 l,
984 1628 1039 1687 65:
1065 1626 1161 1685 Multo
1185 1640 1274 1698 opere
1299 1621 1447 1680 immundo

296 1726 409 1785 rustico
432 1741 464 1784 so
487 1724 653 1800 sancitam,
676 1727 740 1784 Nec
761 1726 818 1784 nisi
840 1726 961 1799 quincto
984 1742 1060 1784 anno
1077 1739 1192 1797 quoquo
1206 1719 1326 1780 solitam
1340 1720 1446 1793 visera,

297 1819 445 1900 quoniam
466 1837 495 1883 v.
519 1825 560 1883 64
581 1838 803 1901 praegressum
827 1824 891 1884 est:
924 1824 997 1883 adeo
1021 1830 1087 1884 arta
1109 1818 1266 1880 cohibitam
1291 1834 1324 1877 sa
1348 1832 1444 1877 asara

297 1924 395 1994 patre.
419 1933 458 1980 ex
480 1933 542 1995 quo
564 1916 604 1980 ad
625 1916 792 1997 sequentia
808 1934 933 1997 quoque
949 1937 1008 1980 esse
1029 1913 1235 1997 repetendum
1251 1919 1312 1976 est.
1358 1910 1443 1976 Haec

297 2012 450 2079 hmtenus
472 2012 513 2077 de
535 2012 658 2077 Plauto.
683 2013 798 2079 Caecil.
819 2014 900 2079 Stat
925 2014 1128 2080 Obolostates
1150 2010 1188 2076 ir.
1213 2015 1246 2074 6:

1127 2113 1223 2172 satine
1247 2110 1316 2169 huia
1340 2110 1446 2181 ordini,

505 2213 570 2271 Etsi
594 2213 667 2271 nihil
690 2214 786 2287 egisti,
810 2213 949 2288 quaesti?

383 2305 436 2371 Sic
464 2305 616 2371 Ribbeck.
645 2307 733 2372 Libri
761 2313 818 2385 egi.
863 2306 1012 2373 Bothius:
1059 2356 1073 2384 ,
1097 2334 1140 2355 =
1163 2308 1281 2366 Satisne
1305 2307 1445 2380 quaesitis

298 2407 367 2466 huic
397 2407 493 2467 ordini
521 2403 728 2485 (meretricio,
756 2407 817 2471 nisi
844 2406 962 2484 fallor,)
990 2414 1046 2485 ost,
1074 2408 1143 2481 quia
1170 2406 1200 2463 hi
1228 2410 1296 2463 sunt
1318 2401 1445 2462 aemuli?

297 2505 370 2565 Etsi·
400 2505 474 2565 nillil
508 2507 563 2579 egi,
599 2504 657 2568 etsi
691 2506 782 2571 irrita
813 2504 942 2571 inerunt
975 2520 1045 2567 mea
1072 2500 1201 2567 consilia
1227 2498 1267 2563 de
1297 2497 1357 2563 tibi
1385 2495 1444 2562 illis

298 2600 510 2665 conciliandis,
554 2599 618 2665 Fac
647 2602 704 2667 tibi
732 2622 782 2668 me
811 2623 872 2669 non
901 2601 1065 2686 profuisse,
1093 2606 1127 2663 at
1149 2597 1250 2662 ordini
1273 2597 1305 2659 in
1329 2613 1444 2677 gauere

296 2697 431 2778 profui.“
493 2697 663 2763 Videamus
701 2700 894 2766 Terentium.
930 2699 1054 2764 Phorm.
1092 2695 1139 2775 ΙΙ,
1177 2702 1211 2771 4,
1251 2701 1306 2758 14:
1369 2698 1444 2769 Quot

297 2798 440 2869 hominos,
474 2804 519 2856 tot
553 2803 735 2874 sententiae,
772 2820 841 2862 snos
873 2801 999 2876 quoique
1031 2816 1103 2858 mos.
1159 2792 1255 2856 Andr.
1285 2790 1323 2870 V,
1355 2796 1384 2867 6,
1413 2796 1443 2853 6:

297 2901 384 2970 i)ater
406 2894 519 2952 ΜΝ
540 2911 672 2956 sumtibus
695 2899 787 2970 nobis,
811 2914 852 2962 sc.
877 2903 935 2960 est.
981 2892 1113 2973 Adelph.
1137 2891 1162 2968 Ι,
1186 2896 1214 2967 2,
1241 2893 1294 2952 16:
1325 2893 1443 2951 Nullum

296 2991 383 3050 huius
410 2992 505 3051 simile
532 2989 651 3053 factum.
696 2993 868 3072 11‚1,oo:
913 2997 959 3055 De
990 3001 1114 3068 argento
1144 2993 1296 3051 somnium.
1344 2986 1441 3051 Andr.

296 3083 338 3161 11,
362 3089 391 3162 2,
415 3090 454 3149 23
478 3103 543 3166 sqq.
575 3090 705 3154 verbum
733 3091 965 3156 substantivum
995 3089 1112 3167 ubique
1139 3087 1289 3150 omissum
1314 3092 1373 3149 est.
1419 3101 1442 3143 r.

296 3187 352 3248 23:
376 3186 529 3245 Paululum
553 3188 670 3250 obsoni:
693 3191 775 3265 ipsus
798 3191 909 3251 tristis:
934 3191 970 3250 do
994 3190 1144 3263 inproviso
1167 3187 1296 3260 nuptiae.
1339 3200 1366 3242 v.
1392 3186 1442 3246 25:

297 3283 390 3357 Quom
418 3284 471 3344 illo
499 3285 632 3362 advenio,
664 3288 793 3348 solitudo
815 3297 884 3349 anta
907 3290 1022 3349 ostium.
1073 3280 1222 3363 Inprimis
1249 3280 1280 3344 in
1308 3279 1444 3343 formula

294 3381 340 3439 nit
365 3397 457 3454 aspra
484 3378 614 3443 verbum
641 3383 744 3447 omitti
774 3384 866 3463 solet,
897 3385 936 3449 de
964 3402 1027 3464 qua
1054 3400 1089 3446 re
1118 3380 1191 3444 vide
1213 3377 1376 3442 Bromium
1405 3377 1443 3442 ad

294 3473 409 3555 Nepet.
454 3493 484 3556 p.
509 3481 579 3540 362.
624 3477 748 3544 Ruhnk.
772 3483 813 3546 ad
837 3481 933 3546 Andr.
955 3481 979 3557 Ι,
1007 3486 1032 3558 l,
1057 3484 1110 3545 93;
1134 3482 1175 3540 Et
1197 3482 1277 3539 voltu
1300 3509 1343 3518 —
1366 3478 1439 3537 adeo

294 3582 428 3648 venusto,
457 3584 489 3634 nt
515 3578 560 3635 ne
585 3595 685 3651 sapru,
712 3577 741 3642 h.
766 3599 792 3643 e.
815 3579 888 3644 addi
909 3578 958 3642 vel
981 3595 1052 3642 esso
1074 3581 1179 3656 queat.
1225 3573 1305 3637 Eun.
1330 3571 1390 3650 ΙΙΙ,
1418 3578 1440 3647 l,

295 3674 350 3735 et:
395 3673 517 3748 Facete,
549 3676 656 3750 lepide,
684 3681 778 3738 laute:
808 3681 852 3738 ait
873 3696 972 3752 sama.
1018 3666 1152 3755 Adelph.
1174 3671 1216 3749 11,
1240 3676 1268 3749 3,
1294 3677 1348 3734 ll:
1394 3673 1440 3732 Nil

293 3771 374 3845 potis
407 3788 505 3844 supra,
540 3770 593 3834 ubi
626 3774 782 3837 Donatus:
830 3771 980 3854 ,ἔλλειψις
1015 3791 1073 3852 per
1106 3769 1348 3837 admirationem
1383 3777 1439 3832 cst

295 3863 552 3929 subaudiendum
585 3874 635 3933 est
664 3870 746 3933 enim
776 3872 827 3936 vel
860 3892 919 3936 esse
953 3874 1094 3936 volatici.
1146 3867 1299 3947 Exempla
1328 3866 1440 3930 tertiae

294 3977 450 4041 personae
480 3962 612 4041 pluralis
640 3969 774 4033 omissae
803 3977 877 4034 sunt
903 3954 999 4035 Andr.
1031 3969 1067 4048 V,
1099 3974 1127 4048 3,
1150 3971 1190 4032 20
1214 3984 1274 4044 sn:
1320 3968 1439 4036 Domus,

294 4077 378 4137 uxor,
401 4061 487 4120 liberi
516 4065 627 4124 innanti
653 4070 744 4126 invito
772 4077 864 4143 patre.
910 4069 1039 4130 Adducti
1067 4071 1129 4144 qni·
1144 4069 1224 4127 illam
1254 4067 1348 4124 civem
1373 4064 1439 4122 hina

295 4157 404 4217 dicant.
449 4156 528 4223 Eun.
562 4160 596 4238 V,
627 4168 655 4240 5,
678 4166 710 4225 8:
742 4169 837 4227 satine
863 4170 984 4228 salona?
1029 4163 1161 4244 Adelph.
1192 4161 1250 4239 ΙΙΙ,
1275 4165 1304 4236 2,
1327 4166 1384 4226 33:
1414 4163 1439 4219 in

294 4271 352 4329 quo
368 4263 488 4317 nostrae
505 4277 573 4334 spes
590 4280 720 4338 opesque
738 4282 840 4325 omues
855 4265 938 4327 sitae
983 4262 1127 4342 Denique
1143 4277 1238 4340 saepe
1259 4278 1277 4323 a
1293 4257 1439 4321 Terentio

292 4347 325 4414 in
360 4354 593 4420 constructione
626 4375 689 4423 acc.
724 4376 794 4423 cum
827 4359 979 4426 infinitivo
1015 4360 1099 4441 apud
1132 4357 1334 4441 participium
1363 4350 1437 4436 peri.

292 4446 413 4526 passivi
435 4453 468 4513 ot
490 4448 546 4516 lut
568 4456 664 4523 activi
686 4457 845 4522 omittitur
873 4457 1045 4525 infinitivus
1067 4477 1135 4523 esse.
1178 4456 1231 4525 Sic
1246 4453 1343 4519 Andr.
1360 4449 1436 4533 prol.

291 4557 324 4606 v.
349 4549 402 4610 14:
446 4547 571 4611 Fatetur
599 4558 791 4619 transtulisse
814 4566 903 4634 atquo
931 4575 1100 4643 campora
1128 4558 1199 4630 sais,
1231 4551 1261 4617 h.
1291 4569 1319 4616 e.
1347 4564 1436 4616 usum
