3125 5075
301 336 361 397 128
747 327 873 368 vennone.
901 327 964 369 ene.
977 325 1026 367 ru.

296 517 497 589 veliementer,
520 518 590 591 qnia
605 523 735 576 scortum
758 519 816 579 sibi
839 518 884 578 Ob
907 520 1008 577 oculos
1031 517 1190 577 adduxerit
1211 517 1243 575 in
1268 514 1368 588 audis,
1390 515 1454 575 deu

296 616 360 673 ruri
387 617 454 688 ipse
483 615 571 673 abest.
617 612 654 690 V,
678 618 708 691 4,
731 616 787 677 46:
815 632 873 675 non
904 615 1032 675 utibilist
1061 615 1110 673 liic
1138 616 1237 685 locus,
1267 612 1364 672 tectis
1392 614 1455 685 tris,

298 710 382 769 Dum
408 727 606 769 memoramus
642 714 718 773 cett.
748 708 864 774 Pseud.
896 709 927 787 I,
959 715 992 787 l,
1017 712 1069 773 38:
1103 712 1199 783 Tace,
1229 708 1303 769 dam
1332 710 1455 769 tabellas

291 806 413 880 pelleum
458 805 574 869 Pseud.
597 824 627 868 v.
652 811 731 871 921:
757 809 830 867 dum
851 810 903 867 illo
918 808 1033 869 domuit.
1057 805 1153 869 Poen.
1176 804 1249 883 ie,
1275 808 1357 870 149:
1380 806 1456 866 Dea

297 912 328 964 te
351 909 608 979 exspectansque
631 907 719 965 aliam
743 923 866 980 nsquam
882 906 952 965 mihi
968 905 1072 979 parari
1095 905 1222 978 copiam,
1247 904 1359 980 Neque
1384 907 1454 965 istnc

297 1018 418 1078 nsquam
443 1003 576 1075 adparet.
622 1004 669 1061 lte
696 1020 773 1062 nnnc
805 1004 900 1064 servio
924 1004 1017 1063 nihilo
1045 1004 1150 1063 minus.
1196 997 1252 1076 IV,
1278 1004 1314 1076 2,
1341 1004 1399 1064 92:
1419 1005 1456 1060 lt

298 1102 376 1159 anim
400 1100 475 1158 nihil
497 1106 561 1170 est,
585 1099 642 1157 nisi
663 1099 733 1159 dum
755 1098 846 1166 calet,
869 1101 925 1160 hoc
959 1102 1065 1174 agitur.
1122 1097 1210 1162 Pers.
1247 1094 1320 1175 ΙΙΙ,
1348 1103 1381 1173 l,
1404 1102 1453 1162 35:

295 1195 378 1255 Mm
401 1198 530 1280 tunicam
554 1198 579 1255 is
595 1197 694 1269 pontt.
739 1199 767 1272 3,
791 1200 851 1258 43:
884 1197 967 1257 Dum
988 1201 1058 1265 etas,
1081 1198 1208 1256 reditum
1232 1197 1381 1271 oportuit.
1403 1194 1453 1271 lv,

297 1296 326 1370 3,
343 1296 400 1355 31:
423 1302 501 1366 tace,
516 1293 586 1352 dum
598 1294 716 1368 pelupo.
734 1290 771 1366 V,
789 1296 818 1371 2,
835 1296 892 1356 30:
916 1295 1031 1354 Deinde
1048 1302 1080 1354 nt
1106 1294 1198 1361 lubet,
1213 1310 1284 1353 erus
1300 1293 1377 1353 dam
1391 1295 1453 1353 hinc

296 1392 385 1452 abest.
410 1388 502 1454 Truc.
523 1387 548 1466 I,
575 1395 601 1458 1,
627 1395 682 1452 17:
705 1392 844 1466 Dumque
869 1392 925 1451 hnc
948 1390 1076 1465 meaque
1099 1392 1171 1450 illuc
1197 1392 1339 1452 irretitos
1369 1393 1451 1466 impe-

293 1488 347 1548 mr.
374 1485 439 1562 (Sic
466 1484 669 1550 scribendum
696 1485 851 1550 existimo.
880 1488 930 1565 Ag
960 1490 1027 1548 dum
1055 1489 1122 1561 hoc,
1153 1488 1221 1566 dnm
1255 1489 1333 1549 illuc
1356 1498 1451 1549 reteor

295 1587 367 1661 imp.
396 1583 444 1663 &g
467 1592 532 1645 rete
555 1602 589 1645 or
611 1587 680 1660 imp.
703 1586 838 1645 irretitos
860 1602 880 1647 a
907 1583 1066 1664 scaligero
1092 1580 1273 1663 proiectum
1303 1588 1382 1654 est).
1404 1583 1451 1653 lv,

295 1685 325 1760 2,
356 1686 410 1749 24;
442 1685 576 1759 Interea,
606 1680 757 1757 magister,
792 1682 864 1743 dum
897 1691 929 1742 tn
960 1684 1186 1743 commentatore.
1222 1677 1345 1745 Caecil.
1378 1681 1449 1746 Stat.

294 1778 414 1842 Karine
437 1777 476 1842 fr.
501 1781 534 1841 3:
559 1781 648 1838 Modo
670 1779 704 1838 fit
727 1780 893 1855 obsequens
917 1781 1030 1841 hilarus
1059 1783 1151 1841 comis
1181 1781 1359 1841 Communis
1384 1799 1446 1841 con·

295 1878 403 1952 cordis,
426 1877 497 1936 dum
519 1878 549 1935 id
572 1877 651 1951 quod
670 1879 749 1950 petit
766 1879 890 1951 potitur.
934 1876 1075 1940 Plocium
1097 1874 1137 1938 fr.
1165 1882 1190 1945 l,
1214 1893 1242 1937 v.
1272 1881 1350 1939 147:
1373 1878 1448 1937 Dum

295 1977 358 2034 cius
386 1983 511 2034 mortem
537 1974 629 2048 iulio,
661 1985 778 2048 egomet
812 1977 878 2037 rivo
912 1979 991 2036 inter
1025 1976 1106 2036 viros
1133 1983 1277 2036 mortuus.
1326 1972 1447 2037 Terent.

293 2069 392 2133 Andr.
410 2067 446 2149 V,
467 2076 492 2141 l,
510 2076 542 2133 3:
566 2071 650 2131 Dum
670 2072 771 2132 studeo
794 2073 917 2148 obsequi
941 2075 1003 2144 tibi,
1027 2089 1123 2147 paene
1146 2073 1237 2132 inlusi
1253 2073 1349 2133 vitam
1365 2074 1444 2133 filine.

293 2184 322 2230 v.
353 2172 407 2233 13:
437 2171 545 2243 incepi,
576 2186 625 2228 res
653 2169 724 2227 dum
751 2171 853 2234 tetulit.
882 2169 963 2232 Eun.
986 2168 1045 2247 ΙΙΙ,
1073 2173 1102 2246 5,
1125 2173 1184 2232 47:
1208 2173 1366 2231 ventulum
1387 2172 1445 2231 hnic

292 2268 336 2327 sic
359 2265 459 2342 lecito,
482 2266 552 2325 dum
575 2267 721 2327 lavamur.
749 2265 787 2344 V,
820 2271 848 2342 2,
876 2272 907 2344 4,
930 2268 1014 2327 Dum
1040 2273 1108 2327 onte
1136 2268 1244 2328 ostium
1280 2272 1337 2335 sta,
1368 2276 1444 2329 notos

293 2366 363 2423 mili
387 2366 505 2438 qnidam
528 2365 642 2424 obviam
666 2361 767 2426 Venit.
792 2363 909 2427 Heaut.
934 2362 977 2443 ΙΙ,
1000 2369 1028 2441 2,
1053 2367 1105 2427 ll:
1129 2365 1207 2425 nosti
1229 2382 1334 2425 mores
1349 2367 1444 2426 mulie·

294 2481 374 2522 rum:
398 2463 481 2520 Dum
503 2461 766 2527 manaucandum
788 2467 941 2535 conantur,
966 2481 1060 2522 annus
1084 2470 1138 2523 ent.
1166 2463 1220 2538 ΙΙΙ,
1253 2465 1282 2528 1,
1313 2464 1371 2526 83:
1399 2464 1443 2522 So

293 2579 391 2620 mnum
415 2562 516 2620 hercle
541 2577 595 2633 ego
619 2561 674 2619 hac
699 2568 785 2620 nocte
808 2580 930 2620 -non
955 2562 1070 2621 vidi-
1093 2561 1175 2619 Dum
1197 2560 1226 2618 id
1250 2576 1375 2634 quaero,
1399 2563 1444 2620 tibi

296 2660 345 2731 qui
368 2658 461 2716 filium
484 2660 683 2718 restituerem.
730 2655 806 2719 Hec.
830 2656 867 2725 V,
891 2663 919 2733 3,
944 2662 1000 2722 31;
1024 2659 1155 2732 dicitque
1171 2675 1238 2716 sese
1255 2659 1301 2715 illi
1320 2663 1443 2727 anulum,

293 2754 366 2813 aum
388 2755 487 2826 lactat,
511 2756 686 2813 detraxisse.
737 2754 795 2816 Ad.
825 2752 849 2831 Ι,
874 2758 903 2831 2,
934 2758 988 2820 38;
1016 2757 1134 2815 dabitur
1164 2773 1181 2813 a
1207 2772 1255 2814 me
1283 2767 1443 2829 argentum,

290 2850 363 2910 dum
384 2852 442 2909 erit
469 2851 659 2912 commodum.
691 2848 727 2920 V,
753 2856 780 2928 7,
809 2856 821 2913 l
848 2867 893 2929 sq.

378 2945 407 3009 b.
452 2945 521 3009 Hoc
548 2947 702 3026 temporis
725 2948 863 3027 spatium
886 2947 1009 3011 duabus
1031 2949 1127 3012 rebus
1143 2965 1312 3012 commune
1328 2957 1441 3013 certam

294 3059 474 3105 mensuram
504 3042 621 3108 habere
650 3055 682 3109 et
712 3047 751 3108 ad
786 3045 923 3124 aliquem
961 3045 1129 3108 terminum
1163 3045 1297 3124 produci
1334 3054 1441 3126 potest

292 3140 372 3203 Tum
395 3158 462 3204 voc.
486 3143 556 3202 doum
578 3144 680 3221 ipsum
704 3144 872 3205 terminum
897 3142 1063 3224 significat,
1087 3145 1200 3204 mmdiu
1229 3162 1332 3216 quam,
1361 3161 1442 3218 usqu

290 3256 334 3317 eo,
357 3236 387 3316 lo
410 3237 502 3321 tange
526 3240 586 3302 alt.
611 3243 716 3320 Atque
739 3241 785 3302 ita
806 3241 945 3304 ambitus
968 3241 1103 3305 alicuius
1129 3240 1177 3303 rei
1207 3238 1364 3304 definitur
1392 3259 1441 3322 per

292 3342 419 3416 tempus
452 3337 586 3401 alterius
619 3338 674 3401 rei.
719 3339 779 3400 Ubi
800 3338 933 3418 simplex
956 3339 1037 3402 ratio
1060 3339 1214 3417 temporis
1237 3345 1381 3418 tenetur,
1402 3341 1441 3402 in-

290 3434 427 3498 dicativo
455 3435 644 3515 exprimitur
674 3436 833 3510 (Hendius
863 3437 882 3499 l.
912 3455 938 3499 c.
974 3455 1003 3514 p.
1038 3441 1100 3498 314
1137 3441 1203 3514 sq).
1229 3435 1336 3500 Plaut,
1364 3439 1438 3501 Asin.

291 3531 332 3610 ΙΙ,
355 3541 385 3611 4,
409 3539 464 3596 57:
489 3536 614 3593 Credam
639 3533 713 3607 lore,
736 3535 807 3593 dum
829 3537 945 3610 quidem
970 3538 998 3593 in
1022 3553 1110 3593 mann
1134 3538 1198 3608 ipse
1215 3536 1339 3598 habebo.
1366 3535 1402 3613 V,
1418 3539 1440 3605 2,

293 3634 348 3694 2οε
375 3632 444 3690 dum
467 3634 583 3706 quidem
608 3651 673 3692 cum
697 3636 749 3692 illo
773 3641 866 3708 nupta
888 3635 954 3694 crte.
979 3629 1069 3710 Capt.
1100 3650 1128 3692 v.
1161 3636 1232 3693 233.
1258 3631 1379 3696 Bacch.
1408 3632 1439 3705 ΙΙ,

291 3732 319 3797 2,
342 3729 400 3790 48:
425 3748 483 3788 non
505 3740 604 3790 metuo
627 3732 697 3788 rnilni
723 3749 777 3790 nec
801 3735 955 3806 quoiquam
980 3734 1125 3806 supplico,
1148 3731 1232 3788 Dum
1248 3733 1371 3804 quidem
1394 3734 1439 3790 hoc

290 3827 400 3885 valebit
424 3836 529 3901 pectus
559 3829 686 3902 perfidia
714 3848 819 3890 meum.
849 3827 902 3904 lv,
931 3836 960 3897 4,
990 3832 1044 3890 85:
1079 3831 1166 3886 Mane
1190 3829 1262 3886 dum
1285 3832 1398 3896 scribit,
1419 3848 1437 3887 r.

290 3923 397 3986 adnot.
422 3921 610 3986 Boxhornii:
642 3925 832 4005 „Exspecta
856 3943 894 3987 ne
919 3925 1012 4001 dicta,
1044 3924 1156 4002 donec,
1188 3941 1271 4001 quae
1308 3924 1439 4000 dictasti,

289 4019 483 4099 scripserit.“
506 4021 621 4085 Pseud.
646 4041 673 4086 v.
692 4028 768 4086 257:
793 4025 878 4093 Dedi,
901 4026 971 4082 dum
992 4023 1059 4094 fuit.
1084 4021 1108 4100 Ι,
1126 4027 1155 4090 3,
1181 4025 1257 4084 103;
1286 4028 1364 4098 Quia
1379 4028 1438 4086 ede·

289 4123 350 4194 pol,
373 4119 444 4180 dum
467 4138 521 4195 ego
544 4124 624 4181 vivos
648 4125 751 4195 vivam,
775 4141 930 4196 numquam
955 4124 1014 4182 eris
1037 4121 1114 4195 frugi
1137 4124 1241 4181 bonae.
1272 4129 1302 4198 5,
1327 4129 1368 4186 92
1391 4140 1438 4200 sq:

291 4218 455 4291 Numquam
485 4220 591 4282 edepol
621 4223 776 4295 quoiquam
812 4222 995 4294 supplicabo,
1023 4220 1092 4277 deam
1120 4220 1240 4293 quidem
1269 4224 1314 4281 'lu
1339 4217 1436 4298 [viros]

290 4314 375 4372 uiues
401 4313 454 4383 IV,
479 4320 506 4382 7,
530 4320 588 4380 25:
611 4320 693 4377 Dum
716 4337 822 4377 recens
844 4324 894 4386 est,
916 4320 998 4377 Dum
1023 4318 1116 4392 dolat,
1144 4319 1216 4377 dum
1245 4322 1330 4387 calet,
1359 4323 1436 4378 doro·
