3125 5075
204 340 263 401 126
636 328 763 370 murum.
792 330 855 371 cte.
869 328 917 370 xll.

201 524 296 582 alvom
319 525 489 594 empnam.
513 516 567 592 IV,
595 521 675 594 1,3:
699 520 760 578 laur
784 522 856 579 milri
879 517 1058 579 Caludornm
1081 521 1189 580 volunt
1213 524 1365 579 smum

201 638 267 679 esse
290 652 333 661 -
353 619 449 694 ριοικ
471 626 501 676 te
522 618 687 676 adiutorem
709 622 877 690 paruerunt
898 619 978 678 mihi.
1003 620 1032 692 7,
1057 620 1095 678 31
1122 613 1187 693 (-·
1202 633 1230 676 v.
1253 615 1364 688 tlstl:

199 719 251 778 Me
275 735 353 775 nuno
377 733 542 786 conmoror,
566 714 620 773 bas
643 712 716 773 ioris
739 733 826 787 quom
849 733 905 774 nou
929 714 1014 786 serio.
1045 711 1101 789 IV,
1127 718 1155 784 7,
1182 718 1238 776 33:
1265 715 1365 773 Venus

201 815 275 874 mibi
298 815 373 873 haec
396 814 473 873 bona
494 812 555 885 dat,
578 827 664 883 quom
687 811 747 886 [ca]
771 814 905 871 homiues
922 814 977 870 huo
1001 810 1053 886 [ad
1075 809 1135 885 mc]
1160 811 1263 884 ndipit
1277 814 1364 872 lucri-

199 909 295 986 tugas.
347 908 444 973 Poeu.
474 906 507 986 1,
534 910 644 985 1,81:
678 910 772 984 Quom
804 912 843 968 nri
880 910 1011 967 obtulisti
1043 915 1104 967 tam
1142 911 1282 983 lepidum
1312 910 1364 968 lroe

200 1010 414 1084 spectaculum.
446 1008 475 1083 2,
497 1007 555 1067 46:
578 1007 695 1081 Ecquid
719 1009 848 1081 gratiae,
871 1024 959 1079 quom
981 1008 1038 1065 buc
1061 1006 1143 1066 toras
1167 1014 1199 1065 te
1223 1005 1364 1065 maeonii

199 1102 261 1181 111,
284 1107 313 1181 2,
339 1106 393 1166 12:
417 1106 457 1163 Et
479 1106 555 1163 bene
578 1110 610 1163 et
633 1104 758 1177 benigne
781 1105 892 1176 facitis,
916 1120 1003 1175 quom
1025 1120 1078 1161 ero
1101 1106 1215 1162 amanti
1239 1120 1363 1176 operum

200 1201 286 1262 dolia.
332 1203 361 1277 3,
385 1204 440 1263 tt:
462 1203 503 1261 Di
526 1200 658 1277 deaeque
681 1203 762 1261 vobis
787 1203 879 1260 multa
900 1204 978 1261 bona
1001 1201 1087 1267 dent,
1109 1218 1201 1273 prom
1224 1202 1303 1259 milri
1327 1198 1363 1261 lit

200 1300 276 1361 bene
294 1299 471 1372 proeapim
500 1306 531 1358 et
552 1300 660 1358 bonam
682 1300 824 1373 praedam
852 1298 930 1357 dotas
984 1313 1012 1360 v.
1038 1302 1091 1358 74:
1121 1300 1221 1357 Multa
1251 1300 1310 1358 tibi
1336 1299 1364 1357 ti

201 1396 275 1456 deut
295 1397 384 1472 bona,
406 1413 493 1469 mono
515 1413 563 1455 me
586 1399 696 1456 salvom
721 1413 787 1455 esee
808 1397 862 1455 ris.
907 1393 961 1468 IV,
986 1398 1013 1461 2.
1034 1397 1088 1457 92:
1112 1394 1254 1472 lepidu’s,
1278 1413 1363 1469 quone

199 1510 307 1554 monas.
352 1491 391 1569 V,
415 1498 450 1571 3,
477 1496 532 1556 19;
560 1496 652 1570 Quom
681 1496 738 1552 huo
768 1494 916 1552 advenisti
946 1496 1032 1553 hodie
1059 1496 1089 1552 in
1118 1498 1186 1568 ipso
1214 1502 1361 1568 tempora

202 1596 234 1669 4,
257 1594 314 1655 85:
336 1592 430 1667 Quom
451 1598 584 1652 nostram
613 1593 755 1665 pictatem
786 1592 954 1663 adprobant
978 1591 1177 1666 deomoatque
1200 1591 1231 1649 di
1252 1593 1362 1650 inmor-

200 1691 287 1749 tales.
330 1705 358 1749 v.
385 1691 454 1751 105.
485 1693 518 1765 5,
541 1690 598 1751 49:
627 1692 779 1766 Quomque
808 1707 824 1747 e
852 1692 961 1748 virtute
990 1691 1074 1748 nobis
1102 1689 1226 1748 fortuna
1250 1691 1362 1763 obtipit

201 1784 250 1850 Sc.
275 1783 333 1847 ult.
355 1801 385 1846 v.
412 1790 469 1849 28:
493 1805 579 1860 quom
600 1788 674 1847 istas
697 1787 844 1846 invenisti.
887 1784 975 1847 Pera.
994 1781 1051 1858 ΙΙΙ,
1072 1790 1098 1861 l,
1123 1788 1178 1846 22:
1209 1788 1278 1845 Nou
1297 1805 1358 1847 sum

201 1902 299 1959 nequo
321 1902 368 1943 me
397 1902 462 1945 esse
491 1886 636 1957 arbitror,
666 1887 760 1961 Quom
789 1901 882 1958 parva
905 1892 975 1943 natu
992 1891 1075 1941 recte
1092 1884 1249 1956 praecipio
1272 1886 1360 1958 patri.

201 1978 257 2058 IV,
280 1986 310 2058 4,
334 1984 392 2044 98:
413 1983 506 2057 Quom
529 1990 560 2042 et
582 1984 664 2056 ipsus
687 1985 780 2057 probe
803 1982 952 2057 perditust
981 1991 1012 2040 et
1035 1982 1242 2041 benevolentis
1262 1982 1362 2055 perdi·

202 2081 254 2141 dit.
299 2078 380 2142 Rud.
408 2077 462 2154 IV,
487 2082 519 2155 2,
544 2083 579 2142 3:
607 2082 746 2153 Neptuno
773 2115 810 2125 -
841 2096 896 2151 ago
923 2082 1035 2153 gratias
1057 2108 1099 2120 -
1125 2080 1222 2153 (laon
1251 2098 1300 2139 me
1328 2098 1362 2139 ex

204 2180 264 2239 suis
298 2180 373 2238 locis
412 2181 517 2253 pulcre
558 2186 692 2238 ornatum
731 2178 877 2250 expedivit
909 2178 1101 2249 Templisque
1134 2178 1289 2235 reducem.
1333 2182 1360 2249 4,

205 2277 279 2337 132:
307 2277 404 2349 Volup
435 2283 482 2335 est
507 2293 594 2348 quom
621 2277 697 2334 istuc
727 2292 764 2334 ex
792 2278 905 2348 pietate
926 2280 1027 2333 vostra
1047 2274 1131 2332 robis
1152 2275 1294 2347 wotipit,
1323 2298 1362 2326 =

203 2371 361 2451 quoniam.
402 2389 431 2436 v.
466 2377 541 2436 134:
576 2391 662 2445 quom
698 2375 757 2431 ista
796 2390 845 2432 res
891 2375 968 2430 male
1010 2372 1106 2430 euenit
1146 2372 1217 2447 tibi,
1258 2373 1359 2446 Gripo,

203 2474 347 2547 gratulor.
392 2472 428 2543 6,
453 2474 485 2532 3:
513 2488 600 2547 quom
627 2475 777 2529 unxerunt
807 2478 938 2529 nostram
970 2468 1120 2527 familiam.
1168 2471 1202 2541 7,
1233 2474 1269 2529 e:
1304 2471 1362 2528 Isto

204 2568 261 2629 tu'e
284 2587 409 2646 pauper,
432 2587 518 2641 quom
535 2573 619 2629 nimis
644 2579 746 2629 sancte
770 2568 856 2642 piu's.
888 2566 925 2639 V,
946 2572 971 2643 l,
996 2570 1028 2627 ti:
1055 2568 1141 2639 Quid,
1165 2569 1248 2639 patri
1273 2569 1360 2626 etiarn

203 2668 377 2740 gratulabor
399 2683 484 2738 quom
506 2669 587 2725 illam
603 2668 735 2725 invenit?
758 2672 788 2739 4,
812 2670 844 2726 9:
868 2683 954 2736 quom
976 2669 1067 2724 istaec
1085 2682 1134 2723 res
1157 2666 1213 2722 tibi
1238 2683 1278 2722 cx
1300 2684 1362 2724 sere

203 2765 299 2823 tentia
324 2766 431 2822 Pulcra
459 2765 568 2838 evenit,
598 2765 719 2837 gaudeo.
765 2762 858 2824 Truc.
885 2766 917 2835 l,
950 2766 978 2833 2,
1003 2766 1058 2823 51:
1082 2779 1168 2832 worn
1196 2769 1228 2819 ct
1256 2764 1303 2822 illi
1333 2772 1360 2821 et

205 2863 254 2920 hic
277 2878 437 2934 pervorsus
465 2879 502 2920 es.
532 2861 590 2932 (illi
612 2857 705 2923 Both.
736 2877 793 2938 pro
816 2859 902 2937 vulg.
927 2863 1003 2930 illio,
1031 2864 1066 2918 ut
1095 2865 1234 2919 metrum
1261 2858 1361 2919 minus

206 2973 354 3034 asperum
378 2955 436 3033 sit,
464 2974 653 3036 quamquam
678 2961 742 3020 titio
769 2964 953 3035 correptum
976 2974 1037 3018 nou
1061 2953 1200 3017 insolens
1226 2953 1360 3027 escrit,

204 3060 234 3124 4,
257 3059 312 3118 33:
335 3057 485 3131 Quousque
510 3059 584 3116 bene
604 3059 767 3130 provenisti
791 3061 881 3127 salva,
906 3057 1027 3129 gaudeo.
1075 3057 1108 3128 6,
1132 3057 1185 3115 35;
1209 3056 1310 3129 Quom
1333 3065 1361 3112 tu

204 3162 288 3213 recte
310 3155 475 3227 provenisti
503 3169 647 3230 quomque
678 3173 709 3215 es
741 3163 829 3214 aucta
857 3156 972 3223 liberis,
997 3154 1155 3222 Gratulor,
1178 3169 1270 3223 quom
1294 3154 1361 3210 mibi

203 3253 317 3327 tibique
357 3270 493 3327 magnum
522 3255 665 3325 peperisti
698 3254 788 3313 decus
825 3250 882 3323 (sic
916 3249 1052 3312 alterum
1086 3266 1216 3309 vorsum
1252 3248 1362 3310 scribit

202 3348 350 3427 Kampm,
372 3348 411 3412 de
435 3351 486 3409 AB
510 3366 617 3427 praep.
642 3367 671 3426 p.
697 3353 747 3424 24,
771 3366 834 3411 sec.
858 3342 1020 3423 Goeller).
1066 3343 1209 3407 Licinius
1234 3344 1360 3408 Imbrex

203 3446 342 3510 Neaera:
366 3449 442 3507 Nolo
459 3465 513 3520 ego
529 3449 675 3507 Neaeram
692 3455 722 3506 te
746 3454 862 3521 vocent,
886 3445 939 3504 sed
953 3445 1122 3515 Nerienem,
1149 3445 1224 3503 Cum
1247 3447 1362 3516 quidem

203 3547 334 3605 Mavorti
362 3563 391 3604 es
421 3547 450 3603 in
475 3548 630 3604 conubium
658 3546 739 3603 doto.
786 3543 912 3605 Terent.
937 3540 1034 3603 Andr.
1058 3538 1100 3617 ΙΙ,
1126 3545 1154 3614 5,
1182 3544 1239 3603 ll:
1264 3546 1360 3612 Facis,

202 3649 236 3701 ut
258 3650 287 3702 te
312 3644 412 3717 decet,
436 3645 530 3719 Quom
552 3645 645 3714 istuc,
670 3645 746 3716 quod
769 3645 906 3716 postulo,
929 3643 1046 3713 inpetro
1069 3655 1135 3696 oum
1159 3642 1268 3712 gratia.
1305 3637 1361 3713 ΙΙΙ,

202 3742 232 3818 2,
257 3743 451 3818 rsq.:1)eos
475 3759 602 3816 quaeso,
626 3748 659 3798 ut
682 3743 721 3800 sit
744 3748 915 3812 superstes,
939 3735 1175 3809 quandoquidem
1199 3739 1298 3810 ipsest
1320 3740 1361 3795 in·

202 3841 288 3912 genio
316 3841 406 3912 bono,
435 3841 585 3915 Quomque
614 3840 699 3896 buicc
735 3840 861 3896 veritust
886 3844 1024 3909 optumae
1047 3834 1236 3893 adulescenti
1262 3834 1360 3894 tacere

202 3937 349 3996 iniuriam.
374 3941 402 4012 5,
430 3940 480 3998 17:
506 3938 542 3995 Ei
566 3938 646 4007 mihi,
671 3937 763 4010 erorrr
788 3953 845 3994 non
869 3935 960 3992 babeo
983 3933 1119 4005 spatium.
1167 3927 1223 4005 IV,
1247 3937 1282 4004 t,
1307 3935 1360 3993 32:

202 4035 257 4095 Dis
277 4037 325 4109 pol
343 4036 438 4094 liabeo
455 4038 589 4109 gratiam,
612 4036 704 4110 Quom
721 4036 748 4091 in
765 4033 911 4106 pariundo
928 4033 1042 4104 aliquot
1057 4029 1223 4099 adsuerunt
1240 4033 1361 4090 liberae.

201 4129 318 4194 Heaut·
342 4130 382 4209 ll,
404 4138 433 4209 4,
458 4136 490 4193 2:
514 4139 543 4191 to
565 4165 608 4174 —
631 4133 718 4191 laudo
740 4163 784 4173 -
807 4132 842 4190 ld
875 4137 907 4188 tu
929 4145 1015 4201 quom
1037 4125 1187 4187 studuisti.
1235 4126 1361 4189 Phorm.

201 4227 240 4307 V,
263 4233 293 4307 8,
318 4235 371 4292 74:
402 4232 466 4304 Ego
495 4231 625 4303 redigam
656 4248 707 4289 vos
735 4231 764 4287 iu
795 4230 934 4301 gratiam,
966 4228 1022 4284 hoc
1045 4223 1141 4282 fretus
1165 4256 1205 4267 -
1229 4228 1360 4301 Quorae

202 4330 299 4387 medio
330 4331 451 4388 excessit
476 4329 553 4386 uude
585 4329 658 4387 haec
689 4334 860 4400 susceptast
882 4326 950 4396 tibi,
980 4320 1010 4383 h.
1035 4337 1062 4382 e.
1086 4322 1173 4392 quod.
1199 4319 1279 4385 Hes·
1304 4320 1360 4396 ΙΙΙ,
