3125 5075
514 354 662 395 vocamur
688 354 922 399 ruaricutaautl.
1000 356 1005 368 ¹
1228 368 1291 431 349

134 538 254 605 Bacch.
285 539 340 611 iv,
367 546 401 621 9,
428 547 501 606 137:
533 545 599 619 Ego
628 545 666 605 55
694 544 789 606 lorum
822 550 920 608 uatem
950 548 1019 606 5155
1049 549 1112 615 155,
1140 548 1292 609 absolvam

134 640 270 701 militem.
316 637 400 703 Men.
424 639 463 719 V,
487 644 524 718 2,
547 645 603 704 27:
627 643 697 718 quid
720 644 771 703 ille
795 648 895 704 551555
917 646 969 704 555
993 652 1023 705 15
1039 647 1134 706 iratus
1156 646 1293 707 destitit?

135 733 292 799 Similiter
313 754 343 799 v.
367 740 422 801 32:
458 740 534 812 Quid
561 741 639 800 istuc
667 740 814 802 commoti
864 739 961 804 Poen.
989 739 1028 819 V,
1060 746 1097 817 5,
1128 744 1185 804 27:
1214 744 1293 815 Quid

133 836 192 895 1151
213 838 345 910 negotist
367 840 465 896 dotem
495 854 561 896 cum
591 834 693 897 istae?
737 835 863 901 Terent
892 837 973 901 Eun.
1004 837 1043 917 V,
1074 840 1107 907 2,
1139 841 1193 901 10:
1222 840 1293 915 quid

133 948 203 993 mea
220 932 343 995 5515511
387 930 504 996 Heaut.
527 931 570 1011 ΙΙ,
595 937 630 1010 3,
655 937 708 997 10:
734 936 790 1008 Qui
814 936 913 996 istuc?
937 953 1014 1011 quae
1030 953 1080 997 res
1102 944 1132 995 15
1149 938 1294 998 sollicitat

134 1029 257 1092 oetam?
301 1028 494 1109 Adiungitur
516 1036 615 1091 55155
638 1031 735 1094 etiam
757 1030 936 1110 particulae
951 1030 1153 1112 copulativae
1167 1038 1204 1092 51.
1241 1031 1294 1097 lta

134 1125 255 1189 (licitur
275 1142 296 1189 a
317 1125 432 1190 Plauto
455 1132 484 1187 51
504 1133 617 1203 autem,
650 1133 741 1188 et-
763 1133 792 1188 et
812 1135 918 1189 551551.
969 1128 1023 1193 Sic
1051 1128 1145 1194 Truc.
1175 1127 1231 1207 lv,
1262 1133 1294 1207 3,

134 1226 191 1286 64τ
215 1227 321 1301 Agite,
345 1226 427 1286 abito
449 1233 483 1285 15
506 1227 638 1299 domum,
665 1231 694 1285 51
719 1231 873 1286 tuamen
899 1228 1026 1290 domum.
1078 1224 1147 1290 Mil.
1178 1224 1234 1304 IV,
1262 1231 1293 1305 4,

137 1324 192 1385 13:
217 1323 321 1382 Facile
348 1324 427 1382 istuc
453 1323 618 1398 quidamst,
652 1326 677 1384 51
703 1323 810 1384 511115
836 1327 900 1385 volt
928 1329 958 1384 et
989 1327 1040 1385 illa
1067 1329 1168 1383 551555
1200 1326 1292 1399 55511.

90 1418 91 1421 ’
134 1416 234 1483 Mera
265 1415 298 1497 I,
325 1422 361 1497 2,
385 1423 420 1483 9;
456 1423 501 1480 Et
533 1420 743 1482 currendumst
775 1425 804 1479 et
832 1425 1021 1497 pugnandum
1052 1426 1081 1481 ot
1105 1423 1291 1497 iurigandum

134 1518 372 1591 carminula,
396 1515 521 1595 dequo
545 1516 977 1582 usuv.uotemLumb.ad
1005 1516 1103 1581 Poeu.
1128 1517 1166 1597 V,
1194 1522 1231 1597 2,
1256 1524 1295 1583 9:

134 1615 234 1689 „sunt
255 1612 411 1691 quaedam
434 1612 590 1679 vocabula
611 1614 644 1677 in
667 1614 812 1692 comicis,
837 1614 892 1694 qui
915 1614 1180 1696 negligentiorem
1202 1615 1293 1696 vulgi

134 1725 317 1773 sermonem
339 1709 522 1789 imitantur,
546 1728 683 1790 quorum
712 1710 761 1774 ris
791 1710 917 1776 occulta
942 1713 1142 1793 γεωμετρικῶς
1169 1713 1295 1778 5515551

134 1823 201 1871 555
222 1810 357 1887 551551“
390 1807 440 1871 115
463 1808 682 1874 555155511555
704 1814 749 1870 set
768 1814 867 1869 ouum
889 1827 917 1872 u.
942 1811 962 1886 5
985 1824 1052 1887 seq.

221 1909 273 1968 42.
312 1905 360 1968 Ile
393 1903 623 1985 significatione
655 1906 832 1985 particulae
864 1911 909 1969 551
941 1905 1015 1982 55
1044 1909 1099 1981 39,
1130 1906 1290 1984 quomodo

131 2005 243 2065 autem
273 1999 401 2065 differat
422 2002 464 2066 ab
489 2008 601 2081 aomo,
626 2020 656 2065 u.
679 2001 783 2067 Hand.
808 2001 943 2068 Tursell.
970 2002 1003 2071 1.
1024 2021 1054 2083 p.
1077 2007 1148 2067 559.
1186 2002 1291 2068 Plaut.

133 2097 223 2162 Asin.
246 2097 311 2178 ΙΙΙ,
334 2104 369 2178 3,
393 2102 448 2162 29;
478 2102 556 2168 Ere,
584 2105 680 2178 saluo,
706 2105 751 2162 551
779 2120 848 2162 num
876 2101 974 2163 furnus
1004 2110 1052 2162 est
1078 2104 1154 2162 haec
1185 2104 1294 2162 mulier

133 2214 223 2273 quam
246 2195 455 2273 amplexaret,
479 2198 518 2260 55
542 2215 571 2277 q.
595 2198 614 2261 l.
639 2197 770 2262 Pistor:
795 2196 978 2274 „Usitatum
1002 2201 1053 2261 551
1067 2197 1196 2276 Ρ15515,
1221 2204 1294 2277 5551

134 2290 362 2358 salutationem
388 2293 496 2359 statim
520 2311 578 2374 per
602 2293 792 2375 particulam
806 2297 859 2356 sed
873 2294 960 2358 uliud
976 2295 1052 2373 quid
1068 2294 1294 2376 subiungere.“

133 2388 216 2454 Post
237 2408 427 2471 responsum
451 2389 613 2457 affirmans
635 2392 765 2456 additur
786 2391 975 2456 5551555555
991 2391 1294 2456 5151155115555515-

134 2486 270 2553 randam
293 2486 364 2553 Cas.
387 2488 451 2561 ΙΙΙ,
475 2495 509 2569 5,
533 2495 590 2555 tl:
634 2492 735 2553 Habet
758 2488 940 2570 (gladium),
955 2491 1007 2551 sed
1021 2492 1104 2552 duos.
1141 2488 1205 2554 Pro
1220 2506 1294 2571 par·

135 2585 238 2652 115515
259 2587 421 2666 sumptim
442 2590 503 2649 nisi
524 2587 665 2668 positum
687 2592 738 2652 est
758 2594 803 2650 551
816 2585 882 2651 1111.
895 2586 956 2665 ΠΙ,
979 2591 1009 2665 2,
1025 2591 1080 2651 39:
1103 2590 1170 2650 Nou
1191 2591 1294 2650 hercle

135 2693 200 2745 tam
222 2687 292 2746 istic
315 2686 412 2747 valide
436 2688 598 2747 cassabant
619 2688 695 2748 cadi.
741 2686 794 2746 Set
814 2689 845 2746 iu
868 2689 946 2747 55115
967 2688 1088 2762 paulum
1111 2689 1202 2747 loculi
1230 2694 1296 2747 erat

137 2785 227 2844 nimis
251 2785 375 2857 lubrici,
399 2781 428 2844 h.
454 2800 479 2845 5.
503 2783 564 2846 5151
587 2783 619 2846 15
642 2781 725 2848 55115
752 2781 875 2847 1515551.
923 2783 973 2846 De
1000 2784 1118 2846 iterato
1147 2788 1191 2844 aet
1221 2800 1295 2846 con·

136 2877 238 2958 tignis
261 2877 407 2944 versibus
429 2878 554 2943 duobus
581 2879 654 2943 vide
683 2879 894 2945 Ritsclrelium
921 2881 952 2943 iu
982 2897 1107 2961 parerg.
1136 2878 1234 2960 praef.
1263 2898 1295 2960 p.

134 2974 247 3040 XXIX
269 2992 316 3055 sq.
340 2975 583 3055 Coniunguntur
605 2979 689 3041 inter
712 2993 746 3040 55
768 2983 811 3038 551
841 2985 957 3057 notan,
988 2977 1028 3042 de
1056 2978 1147 3044 cuius
1177 2977 1294 3059 signiti-

134 3073 654 3152 5555555155Η55515551,5.
678 3078 749 3138 583.
776 3072 881 3137 Plaut.
904 3076 986 3138 Rud·
1013 3073 1061 3152 ΙΙ,
1092 3080 1128 3150 5,
1161 3081 1217 3139 15;
1246 3076 1297 3136 551

134 3175 240 3233 datm
256 3173 326 3248 quid
338 3174 363 3232 51
379 3174 456 3232 5555
472 3174 541 3231 5155
555 3175 714 3246 5551515511
726 3174 875 3247 quispiam
890 3175 1012 3235 Sacram
1028 3191 1130 3233 urnam
1148 3175 1296 3234 Veneris?

135 3267 234 3333 Truc.
261 3266 309 3346 H,
337 3271 371 3347 3,
401 3273 457 3331 14:
485 3269 544 3329 Sed
570 3270 644 3329 haee
672 3272 742 3345 quid
768 3275 867 3329 551551
893 3273 942 3331 515
971 3271 1083 3330 tamdiu
1113 3278 1183 3330 auto
1212 3272 1295 3330 aedis

136 3366 249 3429 stetit?
282 3365 409 3439 Terent.
421 3363 547 3428 Phorm.
565 3365 619 3443 IV,
637 3370 664 3436 2,
682 3371 735 3430 ll:
757 3368 893 3444 5555515
908 3369 1050 3444 pertimui
1065 3371 1165 3426 551555
1187 3364 1296 3426 belua?

135 3464 201 3525 aad
219 3482 288 3524 uero
311 3462 414 3527 Plaut
444 3462 541 3527 Poen.
565 3463 595 3539 l,
617 3470 653 3542 2,
679 3468 732 3527 16:
757 3465 816 3526 aad
836 3483 906 3526 oaro
929 3468 1004 3526 5555
1028 3467 1102 3528 5511.
1140 3462 1199 3523 aad
1220 3465 1298 3523 55155

137 3559 221 3625 Cato
241 3560 275 3625 iu
297 3566 376 3626 orat.
400 3578 459 3639 pro
481 3560 583 3624 Rhod.
607 3578 658 3642 ap.
681 3559 809 3626 Iordan.
833 3580 864 3643 5.
888 3567 939 3640 23,
963 3566 992 3626 9.

224 3664 276 3723 43.
321 3663 434 3721 Tamen
467 3675 507 3722 55
539 3657 674 3722 adverso
707 3660 839 3739 ponitur
873 3658 1050 3723 sententiae
1084 3657 1296 3735 concessivae,

134 3772 224 3837 5555
246 3755 437 3837 exprimitur
458 3774 518 3836 per
540 3754 714 3836 particulas
733 3760 774 3836 si,
797 3760 867 3834 5151,
892 3773 1191 3830 paragromata,
1214 3759 1296 3814 atat.-

136 3870 238 3935 saepa
261 3854 456 3932 enunciatio,
478 3870 560 3932 quae
588 3853 765 3929 antecedit,
796 3854 882 3919 51515
911 3859 964 3917 551
992 3851 1119 3932 quidem
1151 3851 1219 3915 5155
1249 3850 1298 3914 515

135 3949 324 4033 particulis
348 3952 404 4016 555
428 3968 555 4031 semper
577 3956 684 4013 tamen
706 3951 866 4016 sententia
890 3950 1075 4016 concessiva
1098 3967 1137 4013 55
1167 3965 1206 4011 ea
1228 3948 1297 4012 erui

138 4053 258 4129 551551.
303 4047 383 4114 Cato
406 4049 506 4129 origg.
529 4046 678 4127 l.1V,p.
706 4053 760 4126 19,
785 4053 803 4113 9
828 4049 928 4113 Iord.:
958 4067 1025 4110 5555
1053 4051 1171 4110 5555155
1199 4050 1297 4108 multi·

136 4149 247 4210 sariam
269 4150 312 4209 151
334 4149 431 4210 laotos
454 4155 549 4223 esset,
581 4150 679 4205 tomen
700 4149 805 4208 vulnus
828 4151 921 4223 555111
944 4151 1056 4209 nullum
1078 4148 1185 4207 evenit.
1223 4141 1243 4206 l.
1259 4141 1297 4221 V,

135 4262 169 4327 p.
186 4240 250 4314 23,
274 4249 327 4309 12:
351 4256 440 4322 atque
464 4247 649 4306 Rhodienses
672 4249 771 4303 tameo
793 4248 905 4307 Persou
928 4246 1046 4320 publice
1069 4260 1229 4318 numquam
1245 4241 1298 4301 ad-

135 4348 288 4406 iuverunt.
331 4342 385 4407 lin.
411 4346 466 4406 16:
495 4344 573 4419 quod
595 4344 641 4403 ilii
664 4347 762 4401 tumeo
790 4344 938 4419 perpessi.
982 4358 1012 4420 p.
1041 4343 1100 4418 24,
1132 4345 1188 4403 15:
1219 4342 1298 4416 quod
