<?xml version="1.0" encoding="UTF-8"?>
<!DOCTYPE html PUBLIC "-//W3C//DTD XHTML 1.0 Transitional//EN"
    "http://www.w3.org/TR/xhtml1/DTD/xhtml1-transitional.dtd">
<html xmlns="http://www.w3.org/1999/xhtml" xml:lang="en" lang="en">
 <head>
  <title>
</title>
<meta http-equiv="Content-Type" content="text/html;charset=utf-8" />
  <meta name='ocr-system' content='tesseract 3.04.00' />
  <meta name='ocr-capabilities' content='ocr_page ocr_carea ocr_par ocr_line ocrx_word'/>
</head>
<body>
  <div class='ocr_page' id='page_1' title='image "./syntaxispriscor00holtgoog_0153.png"; bbox 0 0 3125 5075; ppageno 0'>
   <div class='ocr_carea' id='block_1_1' title="bbox 208 398 929 468">
    <p class='ocr_par' dir='ltr' id='par_1_1' title="bbox 208 398 929 468">
     <span class='ocr_line' id='line_1_1' title="bbox 208 398 929 468; baseline -0.04 1"><span class='ocrx_word' id='word_1_1' title='bbox 208 409 268 468; x_wconf 86' lang='lat'><strong>134</strong></span> <span class='ocrx_word' id='word_1_2' title='bbox 632 398 788 439; x_wconf 76' lang='lat' dir='ltr'><strong>sunsrsur.</strong></span> <span class='ocrx_word' id='word_1_3' title='bbox 811 399 874 440; x_wconf 76' lang='lat' dir='ltr'><strong>cuv.</strong></span> <span class='ocrx_word' id='word_1_4' title='bbox 890 399 929 440; x_wconf 87' lang='lat' dir='ltr'><strong>nv.</strong></span> 
     </span>
    </p>
   </div>
   <div class='ocr_carea' id='block_1_2' title="bbox 200 572 1359 948">
    <p class='ocr_par' dir='ltr' id='par_1_2' title="bbox 200 572 1359 948">
     <span class='ocr_line' id='line_1_2' title="bbox 202 572 1359 654; baseline -0.001 -15"><span class='ocrx_word' id='word_1_5' title='bbox 202 576 292 639; x_wconf 77' lang='lat' dir='ltr'><strong>facile</strong></span> <span class='ocrx_word' id='word_1_6' title='bbox 318 577 377 637; x_wconf 75' lang='lat' dir='ltr'><strong>tuis</strong></span> <span class='ocrx_word' id='word_1_7' title='bbox 400 574 488 648; x_wconf 74' lang='lat' dir='ltr'><strong>factis</strong></span> <span class='ocrx_word' id='word_1_8' title='bbox 511 573 595 636; x_wconf 85' lang='lat' dir='ltr'><strong>iscis.</strong></span> <span class='ocrx_word' id='word_1_9' title='bbox 639 572 677 653; x_wconf 94' lang='lat' dir='ltr'><strong>V,</strong></span> <span class='ocrx_word' id='word_1_10' title='bbox 702 577 732 654; x_wconf 93' lang='grc'>2,</span> <span class='ocrx_word' id='word_1_11' title='bbox 756 577 813 638; x_wconf 85' lang='grc'><strong>52;</strong></span> <span class='ocrx_word' id='word_1_12' title='bbox 851 576 952 636; x_wconf 85' lang='lat' dir='ltr'><strong>enicas</strong></span> <span class='ocrx_word' id='word_1_13' title='bbox 974 592 1021 636; x_wconf 91' lang='lat' dir='ltr'><strong>me</strong></span> <span class='ocrx_word' id='word_1_14' title='bbox 1045 577 1183 638; x_wconf 90' lang='lat' dir='ltr'><strong>miserum</strong></span> <span class='ocrx_word' id='word_1_15' title='bbox 1214 582 1266 638; x_wconf 78' lang='lat' dir='ltr'><strong>tua</strong></span> <span class='ocrx_word' id='word_1_16' title='bbox 1289 578 1359 638; x_wconf 83' lang='lat' dir='ltr'><strong>reti·</strong></span> 
     </span>
     <span class='ocr_line' id='line_1_3' title="bbox 200 670 1356 751; baseline -0.003 -13"><span class='ocrx_word' id='word_1_17' title='bbox 200 676 307 738; x_wconf 69' lang='lat' dir='ltr'><strong>ossa.</strong></span> <span class='ocrx_word' id='word_1_18' title='bbox 331 672 369 751; x_wconf 87' lang='lat' dir='ltr'><strong>V,</strong></span> <span class='ocrx_word' id='word_1_19' title='bbox 385 678 415 751; x_wconf 99' lang='lat'><strong>4,</strong></span> <span class='ocrx_word' id='word_1_20' title='bbox 429 676 463 737; x_wconf 85' lang='lat'><strong>9:</strong></span> <span class='ocrx_word' id='word_1_21' title='bbox 486 673 596 748; x_wconf 86' lang='lat' dir='ltr'><strong>Suapte</strong></span> <span class='ocrx_word' id='word_1_22' title='bbox 621 677 719 749; x_wconf 90' lang='lat' dir='ltr'><strong>culpa.</strong></span> <span class='ocrx_word' id='word_1_23' title='bbox 742 670 798 735; x_wconf 91' lang='lat' dir='ltr'><strong>ib.:</strong></span> <span class='ocrx_word' id='word_1_24' title='bbox 819 690 912 748; x_wconf 76' lang='lat' dir='ltr'><strong>genus</strong></span> <span class='ocrx_word' id='word_1_25' title='bbox 933 673 1052 747; x_wconf 71' lang='lat' dir='ltr'><strong>inpenso</strong></span> <span class='ocrx_word' id='word_1_26' title='bbox 1074 692 1163 749; x_wconf 88' lang='lat' dir='ltr'><strong>quoru</strong></span> <span class='ocrx_word' id='word_1_27' title='bbox 1185 675 1356 750; x_wconf 78' lang='lat' dir='ltr'><strong>inprobant.</strong></span> 
     </span>
     <span class='ocr_line' id='line_1_4' title="bbox 201 767 1357 853; baseline -0.001 -16"><span class='ocrx_word' id='word_1_28' title='bbox 201 771 240 853; x_wconf 92' lang='lat' dir='ltr'><strong>V,</strong></span> <span class='ocrx_word' id='word_1_29' title='bbox 262 777 293 851; x_wconf 88' lang='grc'><strong>4,</strong></span> <span class='ocrx_word' id='word_1_30' title='bbox 315 774 371 835; x_wconf 83' lang='lat'><strong>42:</strong></span> <span class='ocrx_word' id='word_1_31' title='bbox 395 772 467 832; x_wconf 79' lang='lat' dir='ltr'><strong>toris</strong></span> <span class='ocrx_word' id='word_1_32' title='bbox 489 771 615 831; x_wconf 88' lang='lat' dir='ltr'><strong>caedite.</strong></span> <span class='ocrx_word' id='word_1_33' title='bbox 637 769 679 848; x_wconf 86' lang='grc' dir='ltr'>ΙΙ,</span> <span class='ocrx_word' id='word_1_34' title='bbox 703 773 732 848; x_wconf 90' lang='grc'>3,</span> <span class='ocrx_word' id='word_1_35' title='bbox 756 775 790 834; x_wconf 81' lang='lat'><strong>7:</strong></span> <span class='ocrx_word' id='word_1_36' title='bbox 807 770 906 845; x_wconf 75' lang='lat' dir='ltr'><strong>pretio</strong></span> <span class='ocrx_word' id='word_1_37' title='bbox 928 772 1032 846; x_wconf 92' lang='lat' dir='ltr'><strong>eripui.</strong></span> <span class='ocrx_word' id='word_1_38' title='bbox 1052 767 1112 849; x_wconf 90' lang='lat'>111,</span> <span class='ocrx_word' id='word_1_39' title='bbox 1135 776 1167 849; x_wconf 90' lang='lat'><strong>4,</strong></span> <span class='ocrx_word' id='word_1_40' title='bbox 1191 774 1246 835; x_wconf 84' lang='lat'><strong>65:</strong></span> <span class='ocrx_word' id='word_1_41' title='bbox 1272 771 1357 836; x_wconf 81' lang='lat' dir='ltr'><strong>forte.</strong></span> 
     </span>
     <span class='ocr_line' id='line_1_5' title="bbox 201 863 1358 948; baseline -0.003 -13"><span class='ocrx_word' id='word_1_42' title='bbox 201 870 282 935; x_wconf 87' lang='lat' dir='ltr'><strong>Rud.</strong></span> <span class='ocrx_word' id='word_1_43' title='bbox 308 868 345 947; x_wconf 89' lang='lat' dir='ltr'><strong>V,</strong></span> <span class='ocrx_word' id='word_1_44' title='bbox 369 872 398 948; x_wconf 84' lang='lat'><strong>2,</strong></span> <span class='ocrx_word' id='word_1_45' title='bbox 421 871 476 932; x_wconf 80' lang='lat'><strong>48:</strong></span> <span class='ocrx_word' id='word_1_46' title='bbox 511 870 599 929; x_wconf 88' lang='lat' dir='ltr'><strong>Praei</strong></span> <span class='ocrx_word' id='word_1_47' title='bbox 619 869 716 930; x_wconf 69' lang='lat' dir='ltr'><strong>verbm</strong></span> <span class='ocrx_word' id='word_1_48' title='bbox 739 869 864 944; x_wconf 88' lang='lat' dir='ltr'><strong>quidvis.</strong></span> <span class='ocrx_word' id='word_1_49' title='bbox 909 863 1000 947; x_wconf 84' lang='lat' dir='ltr'><strong>Capt.</strong></span> <span class='ocrx_word' id='word_1_50' title='bbox 1024 865 1066 947; x_wconf 93' lang='lat' dir='ltr'><strong>II,</strong></span> <span class='ocrx_word' id='word_1_51' title='bbox 1090 872 1119 946; x_wconf 84' lang='lat'><strong>2,</strong></span> <span class='ocrx_word' id='word_1_52' title='bbox 1143 872 1197 933; x_wconf 84' lang='lat'><strong>53:</strong></span> <span class='ocrx_word' id='word_1_53' title='bbox 1234 871 1358 934; x_wconf 78' lang='lat' dir='ltr'><strong>Memini</strong></span> 
     </span>
    </p>
   </div>
   <div class='ocr_carea' id='block_1_3' title="bbox 195 964 1360 4477">
    <p class='ocr_par' dir='ltr' id='par_1_3' title="bbox 195 964 1360 4477">
     <span class='ocr_line' id='line_1_6' title="bbox 201 964 1357 1047; baseline 0.001 -16"><span class='ocrx_word' id='word_1_54' title='bbox 201 988 288 1047; x_wconf 89' lang='lat' dir='ltr'><strong>quom</strong></span> <span class='ocrx_word' id='word_1_55' title='bbox 310 968 386 1029; x_wconf 78' lang='lat' dir='ltr'><strong>dioto</strong></span> <span class='ocrx_word' id='word_1_56' title='bbox 407 969 481 1028; x_wconf 81' lang='lat' dir='ltr'><strong>hant</strong></span> <span class='ocrx_word' id='word_1_57' title='bbox 503 968 643 1028; x_wconf 79' lang='lat' dir='ltr'>audebat:</span> <span class='ocrx_word' id='word_1_58' title='bbox 667 967 747 1039; x_wconf 81' lang='lat' dir='ltr'><strong>sacto</strong></span> <span class='ocrx_word' id='word_1_59' title='bbox 771 984 849 1026; x_wconf 89' lang='lat' dir='ltr'><strong>nunc</strong></span> <span class='ocrx_word' id='word_1_60' title='bbox 872 966 974 1027; x_wconf 88' lang='lat' dir='ltr'><strong>laedat</strong></span> <span class='ocrx_word' id='word_1_61' title='bbox 996 967 1077 1029; x_wconf 93' lang='lat' dir='ltr'><strong>licet.</strong></span> <span class='ocrx_word' id='word_1_62' title='bbox 1100 964 1171 1029; x_wconf 79' lang='lat' dir='ltr'><strong>Aul.</strong></span> <span class='ocrx_word' id='word_1_63' title='bbox 1196 964 1239 1044; x_wconf 91' lang='lat'><strong>11,</strong></span> <span class='ocrx_word' id='word_1_64' title='bbox 1256 970 1287 1043; x_wconf 85' lang='lat'><strong>2,</strong></span> <span class='ocrx_word' id='word_1_65' title='bbox 1305 971 1357 1034; x_wconf 80' lang='lat'><strong>22:</strong></span> 
     </span>
     <span class='ocr_line' id='line_1_7' title="bbox 195 1059 1359 1143; baseline 0 -14"><span class='ocrx_word' id='word_1_66' title='bbox 195 1069 316 1143; x_wconf 76' lang='lat' dir='ltr'><strong>paucis,</strong></span> <span class='ocrx_word' id='word_1_67' title='bbox 341 1066 457 1139; x_wconf 84' lang='lat' dir='ltr'><strong>Euclio,</strong></span> <span class='ocrx_word' id='word_1_68' title='bbox 481 1065 627 1141; x_wconf 85' lang='lat' dir='ltr'><strong>estquod</strong></span> <span class='ocrx_word' id='word_1_69' title='bbox 650 1070 680 1125; x_wconf 89' lang='lat' dir='ltr'><strong>te</strong></span> <span class='ocrx_word' id='word_1_70' title='bbox 704 1065 779 1126; x_wconf 89' lang='lat' dir='ltr'><strong>volo.</strong></span> <span class='ocrx_word' id='word_1_71' title='bbox 815 1059 907 1142; x_wconf 88' lang='lat' dir='ltr'><strong>Epid.</strong></span> <span class='ocrx_word' id='word_1_72' title='bbox 930 1060 956 1142; x_wconf 96' lang='grc' dir='ltr'><strong>Ι,</strong></span> <span class='ocrx_word' id='word_1_73' title='bbox 979 1066 1008 1141; x_wconf 92' lang='grc'>2,</span> <span class='ocrx_word' id='word_1_74' title='bbox 1034 1065 1089 1126; x_wconf 84' lang='lat' dir='ltr'><strong>le:</strong></span> <span class='ocrx_word' id='word_1_75' title='bbox 1124 1066 1216 1140; x_wconf 78' lang='lat' dir='ltr'><strong>Quem</strong></span> <span class='ocrx_word' id='word_1_76' title='bbox 1240 1067 1359 1141; x_wconf 88' lang='lat' dir='ltr'><strong>quiden</strong></span> 
     </span>
     <span class='ocr_line' id='line_1_8' title="bbox 202 1159 1358 1242; baseline 0 -16"><span class='ocrx_word' id='word_1_77' title='bbox 202 1183 256 1241; x_wconf 79' lang='lat' dir='ltr'><strong>ego</strong></span> <span class='ocrx_word' id='word_1_78' title='bbox 280 1166 428 1225; x_wconf 89' lang='lat' dir='ltr'><strong>bominem</strong></span> <span class='ocrx_word' id='word_1_79' title='bbox 451 1164 606 1238; x_wconf 80' lang='lat' dir='ltr'><strong>irrigatum</strong></span> <span class='ocrx_word' id='word_1_80' title='bbox 623 1163 725 1237; x_wconf 79' lang='lat' dir='ltr'><strong>plops&#39;s</strong></span> <span class='ocrx_word' id='word_1_81' title='bbox 746 1162 853 1237; x_wconf 90' lang='lat' dir='ltr'><strong>pistori</strong></span> <span class='ocrx_word' id='word_1_82' title='bbox 875 1161 961 1222; x_wconf 81' lang='lat' dir='ltr'><strong>dubo.</strong></span> <span class='ocrx_word' id='word_1_83' title='bbox 1007 1159 1077 1224; x_wconf 80' lang='lat' dir='ltr'><strong>Aul.</strong></span> <span class='ocrx_word' id='word_1_84' title='bbox 1101 1159 1161 1240; x_wconf 93' lang='grc' dir='ltr'>ΙΙΙ,</span> <span class='ocrx_word' id='word_1_85' title='bbox 1185 1165 1215 1242; x_wconf 90' lang='grc'><strong>6,</strong></span> <span class='ocrx_word' id='word_1_86' title='bbox 1239 1168 1298 1229; x_wconf 85' lang='grc'><strong>39;</strong></span> <span class='ocrx_word' id='word_1_87' title='bbox 1321 1166 1358 1228; x_wconf 89' lang='lat' dir='ltr'><strong>Ut</strong></span> 
     </span>
     <span class='ocr_line' id='line_1_9' title="bbox 201 1255 1357 1338; baseline 0 -14"><span class='ocrx_word' id='word_1_88' title='bbox 201 1281 247 1324; x_wconf 89' lang='lat' dir='ltr'><strong>me</strong></span> <span class='ocrx_word' id='word_1_89' title='bbox 271 1263 401 1337; x_wconf 87' lang='lat' dir='ltr'><strong>deponat</strong></span> <span class='ocrx_word' id='word_1_90' title='bbox 421 1261 503 1335; x_wconf 81' lang='lat' dir='ltr'><strong>eino,</strong></span> <span class='ocrx_word' id='word_1_91' title='bbox 537 1277 602 1321; x_wconf 86' lang='lat' dir='ltr'><strong>eam</strong></span> <span class='ocrx_word' id='word_1_92' title='bbox 629 1260 751 1321; x_wconf 79' lang='lat' dir='ltr'><strong>affectet</strong></span> <span class='ocrx_word' id='word_1_93' title='bbox 774 1259 860 1320; x_wconf 87' lang='lat' dir='ltr'><strong>viam.</strong></span> <span class='ocrx_word' id='word_1_94' title='bbox 902 1255 968 1321; x_wconf 88' lang='lat' dir='ltr'><strong>Mil.</strong></span> <span class='ocrx_word' id='word_1_95' title='bbox 992 1256 1039 1336; x_wconf 90' lang='lat'><strong>11,</strong></span> <span class='ocrx_word' id='word_1_96' title='bbox 1066 1263 1101 1338; x_wconf 88' lang='lat'><strong>3,</strong></span> <span class='ocrx_word' id='word_1_97' title='bbox 1125 1263 1180 1324; x_wconf 82' lang='lat'><strong>50:</strong></span> <span class='ocrx_word' id='word_1_98' title='bbox 1218 1263 1357 1324; x_wconf 80' lang='lat' dir='ltr'>Mirumst</span> 
     </span>
     <span class='ocr_line' id='line_1_10' title="bbox 201 1353 1357 1436; baseline 0.001 -15"><span class='ocrx_word' id='word_1_99' title='bbox 201 1361 271 1421; x_wconf 82' lang='lat' dir='ltr'><strong>lolio</strong></span> <span class='ocrx_word' id='word_1_100' title='bbox 292 1360 429 1420; x_wconf 80' lang='lat' dir='ltr'><strong>victitare</strong></span> <span class='ocrx_word' id='word_1_101' title='bbox 451 1368 482 1419; x_wconf 89' lang='lat' dir='ltr'><strong>te</strong></span> <span class='ocrx_word' id='word_1_102' title='bbox 505 1365 566 1419; x_wconf 86' lang='lat' dir='ltr'><strong>tam</strong></span> <span class='ocrx_word' id='word_1_103' title='bbox 588 1360 640 1420; x_wconf 90' lang='lat' dir='ltr'><strong>vili</strong></span> <span class='ocrx_word' id='word_1_104' title='bbox 662 1359 773 1418; x_wconf 81' lang='lat' dir='ltr'><strong>tritico.</strong></span> <span class='ocrx_word' id='word_1_105' title='bbox 819 1353 908 1420; x_wconf 88' lang='lat' dir='ltr'><strong>Pers.</strong></span> <span class='ocrx_word' id='word_1_106' title='bbox 933 1354 981 1436; x_wconf 98' lang='grc' dir='ltr'><strong>ΙΙ,</strong></span> <span class='ocrx_word' id='word_1_107' title='bbox 1005 1360 1040 1436; x_wconf 93' lang='grc'>3,</span> <span class='ocrx_word' id='word_1_108' title='bbox 1067 1361 1122 1421; x_wconf 89' lang='lat'><strong>13:</strong></span> <span class='ocrx_word' id='word_1_109' title='bbox 1162 1361 1238 1420; x_wconf 83' lang='lat' dir='ltr'><strong>Nam</strong></span> <span class='ocrx_word' id='word_1_110' title='bbox 1265 1362 1357 1422; x_wconf 87' lang='lat' dir='ltr'><strong>surico</strong></span> 
     </span>
     <span class='ocr_line' id='line_1_11' title="bbox 202 1452 1356 1536; baseline 0.002 -17"><span class='ocrx_word' id='word_1_111' title='bbox 202 1458 314 1519; x_wconf 89' lang='lat' dir='ltr'><strong>bomini</strong></span> <span class='ocrx_word' id='word_1_112' title='bbox 343 1454 435 1519; x_wconf 71' lang='lat' dir='ltr'><strong>bobus</strong></span> <span class='ocrx_word' id='word_1_113' title='bbox 456 1457 573 1517; x_wconf 57' lang='lat' dir='ltr'><strong>domim</strong></span> <span class='ocrx_word' id='word_1_114' title='bbox 604 1474 671 1517; x_wconf 87' lang='lat' dir='ltr'><strong>mea</strong></span> <span class='ocrx_word' id='word_1_115' title='bbox 699 1455 895 1516; x_wconf 81' lang='lat' dir='ltr'><strong>oncrumina</strong></span> <span class='ocrx_word' id='word_1_116' title='bbox 928 1457 1049 1531; x_wconf 76' lang='lat' dir='ltr'><strong>largiar.</strong></span> <span class='ocrx_word' id='word_1_117' title='bbox 1092 1452 1173 1520; x_wconf 88' lang='lat' dir='ltr'><strong>Rnd.</strong></span> <span class='ocrx_word' id='word_1_118' title='bbox 1199 1456 1224 1534; x_wconf 96' lang='grc' dir='ltr'>Ι,</span> <span class='ocrx_word' id='word_1_119' title='bbox 1249 1459 1280 1536; x_wconf 90' lang='grc'>2,</span> <span class='ocrx_word' id='word_1_120' title='bbox 1305 1460 1356 1523; x_wconf 80' lang='lat'><strong>23:</strong></span> 
     </span>
     <span class='ocr_line' id='line_1_12' title="bbox 202 1550 1354 1636; baseline 0.003 -19"><span class='ocrx_word' id='word_1_121' title='bbox 202 1560 250 1617; x_wconf 82' lang='lat' dir='ltr'><strong>An</strong></span> <span class='ocrx_word' id='word_1_122' title='bbox 273 1573 330 1629; x_wconf 77' lang='lat' dir='ltr'><strong>quo</strong></span> <span class='ocrx_word' id='word_1_123' title='bbox 353 1554 482 1616; x_wconf 84' lang='lat' dir='ltr'><strong>iuratum</strong></span> <span class='ocrx_word' id='word_1_124' title='bbox 504 1556 606 1616; x_wconf 83' lang='lat' dir='ltr'><strong>venias</strong></span> <span class='ocrx_word' id='word_1_125' title='bbox 629 1554 758 1631; x_wconf 73' lang='lat' dir='ltr'><strong>vestiges</strong></span> <span class='ocrx_word' id='word_1_126' title='bbox 780 1551 867 1614; x_wconf 82' lang='lat' dir='ltr'><strong>loca?</strong></span> <span class='ocrx_word' id='word_1_127' title='bbox 910 1550 1028 1616; x_wconf 81' lang='lat' dir='ltr'><strong>Pseud.</strong></span> <span class='ocrx_word' id='word_1_128' title='bbox 1052 1551 1076 1632; x_wconf 90' lang='lat' dir='ltr'><strong>I,</strong></span> <span class='ocrx_word' id='word_1_129' title='bbox 1101 1557 1130 1632; x_wconf 94' lang='grc'>5,</span> <span class='ocrx_word' id='word_1_130' title='bbox 1156 1559 1225 1618; x_wconf 87' lang='lat'>151.</span> <span class='ocrx_word' id='word_1_131' title='bbox 1268 1553 1354 1636; x_wconf 87' lang='lat' dir='ltr'><strong>Epld</strong></span> 
     </span>
     <span class='ocr_line' id='line_1_13' title="bbox 201 1648 1355 1731; baseline 0.001 -16"><span class='ocrx_word' id='word_1_132' title='bbox 201 1650 244 1731; x_wconf 91' lang='lat'><strong>11,</strong></span> <span class='ocrx_word' id='word_1_133' title='bbox 267 1655 371 1731; x_wconf 85' lang='lat'>2,16:</span> <span class='ocrx_word' id='word_1_134' title='bbox 408 1653 578 1728; x_wconf 75' lang='lat' dir='ltr'><strong>Ropitondo</strong></span> <span class='ocrx_word' id='word_1_135' title='bbox 605 1671 668 1714; x_wconf 89' lang='lat' dir='ltr'><strong>sum</strong></span> <span class='ocrx_word' id='word_1_136' title='bbox 690 1669 799 1712; x_wconf 91' lang='lat' dir='ltr'><strong>raucus</strong></span> <span class='ocrx_word' id='word_1_137' title='bbox 822 1648 934 1723; x_wconf 83' lang='lat' dir='ltr'><strong>iactus3</strong></span> <span class='ocrx_word' id='word_1_138' title='bbox 965 1669 1042 1726; x_wconf 88' lang='lat' dir='ltr'><strong>pene</strong></span> <span class='ocrx_word' id='word_1_139' title='bbox 1065 1654 1095 1712; x_wconf 92' lang='lat' dir='ltr'><strong>in</strong></span> <span class='ocrx_word' id='word_1_140' title='bbox 1119 1671 1208 1715; x_wconf 86' lang='lat' dir='ltr'><strong>cursu</strong></span> <span class='ocrx_word' id='word_1_141' title='bbox 1231 1653 1355 1716; x_wconf 78' lang='lat' dir='ltr'><strong>concidi</strong></span> 
     </span>
     <span class='ocr_line' id='line_1_14' title="bbox 201 1747 1356 1830; baseline 0 -17"><span class='ocrx_word' id='word_1_142' title='bbox 201 1747 314 1830; x_wconf 77' lang='lat' dir='ltr'><strong>Amph.</strong></span> <span class='ocrx_word' id='word_1_143' title='bbox 335 1747 377 1827; x_wconf 91' lang='lat' dir='ltr'><strong>II,</strong></span> <span class='ocrx_word' id='word_1_144' title='bbox 404 1754 431 1829; x_wconf 85' lang='grc' dir='ltr'>Ι,</span> <span class='ocrx_word' id='word_1_145' title='bbox 454 1752 508 1813; x_wconf 82' lang='lat'><strong>36:</strong></span> <span class='ocrx_word' id='word_1_146' title='bbox 533 1751 616 1824; x_wconf 82' lang='lat' dir='ltr'><strong>Quae</strong></span> <span class='ocrx_word' id='word_1_147' title='bbox 636 1767 732 1825; x_wconf 89' lang='lat' dir='ltr'><strong>neque</strong></span> <span class='ocrx_word' id='word_1_148' title='bbox 755 1747 823 1809; x_wconf 87' lang='lat' dir='ltr'><strong>lieri</strong></span> <span class='ocrx_word' id='word_1_149' title='bbox 845 1756 970 1825; x_wconf 84' lang='lat' dir='ltr'><strong>possunt</strong></span> <span class='ocrx_word' id='word_1_150' title='bbox 993 1767 1088 1826; x_wconf 91' lang='lat' dir='ltr'><strong>neque</strong></span> <span class='ocrx_word' id='word_1_151' title='bbox 1112 1750 1205 1823; x_wconf 77' lang='lat' dir='ltr'><strong>fando</strong></span> <span class='ocrx_word' id='word_1_152' title='bbox 1220 1769 1356 1830; x_wconf 78' lang='lat' dir='ltr'><strong>umquam</strong></span> 
     </span>
     <span class='ocr_line' id='line_1_15' title="bbox 200 1844 1358 1926; baseline 0.002 -16"><span class='ocrx_word' id='word_1_153' title='bbox 200 1851 320 1924; x_wconf 86' lang='lat' dir='ltr'><strong>aceepit</strong></span> <span class='ocrx_word' id='word_1_154' title='bbox 342 1850 507 1924; x_wconf 89' lang='lat' dir='ltr'><strong>quisquam.</strong></span> <span class='ocrx_word' id='word_1_155' title='bbox 556 1845 640 1911; x_wconf 87' lang='lat' dir='ltr'><strong>Men.</strong></span> <span class='ocrx_word' id='word_1_156' title='bbox 663 1844 701 1924; x_wconf 89' lang='lat' dir='ltr'><strong>V,</strong></span> <span class='ocrx_word' id='word_1_157' title='bbox 725 1852 753 1921; x_wconf 89' lang='lat'><strong>3,</strong></span> <span class='ocrx_word' id='word_1_158' title='bbox 777 1849 817 1910; x_wconf 88' lang='lat'><strong>6:</strong></span> <span class='ocrx_word' id='word_1_159' title='bbox 848 1848 954 1907; x_wconf 81' lang='lat' dir='ltr'><strong>Lumbi</strong></span> <span class='ocrx_word' id='word_1_160' title='bbox 976 1848 1101 1908; x_wconf 80' lang='lat' dir='ltr'><strong>sedendo</strong></span> <span class='ocrx_word' id='word_1_161' title='bbox 1123 1850 1173 1924; x_wconf 91' lang='lat' dir='ltr'><strong>mi,</strong></span> <span class='ocrx_word' id='word_1_162' title='bbox 1196 1853 1279 1911; x_wconf 92' lang='lat' dir='ltr'><strong>oculi</strong></span> <span class='ocrx_word' id='word_1_163' title='bbox 1300 1868 1358 1926; x_wconf 87' lang='lat' dir='ltr'><strong>ape·</strong></span> 
     </span>
     <span class='ocr_line' id='line_1_16' title="bbox 200 1942 1358 2025; baseline 0.001 -17"><span class='ocrx_word' id='word_1_164' title='bbox 200 1946 307 2008; x_wconf 70' lang='lat' dir='ltr'><strong>cwndo</strong></span> <span class='ocrx_word' id='word_1_165' title='bbox 330 1947 439 2006; x_wconf 90' lang='lat' dir='ltr'><strong>dolent.</strong></span> <span class='ocrx_word' id='word_1_166' title='bbox 465 1943 558 2025; x_wconf 87' lang='lat' dir='ltr'><strong>Epid.</strong></span> <span class='ocrx_word' id='word_1_167' title='bbox 581 1942 640 2021; x_wconf 90' lang='grc' dir='ltr'>ΠΙ,</span> <span class='ocrx_word' id='word_1_168' title='bbox 664 1949 694 2023; x_wconf 89' lang='grc'>3,</span> <span class='ocrx_word' id='word_1_169' title='bbox 718 1947 773 2009; x_wconf 79' lang='grc' dir='ltr'><strong>22ε</strong></span> <span class='ocrx_word' id='word_1_170' title='bbox 804 1945 916 2019; x_wconf 69' lang='lat' dir='ltr'><strong>popule</strong></span> <span class='ocrx_word' id='word_1_171' title='bbox 937 1948 1135 2009; x_wconf 74' lang='lat' dir='ltr'><strong>memorandis</strong></span> <span class='ocrx_word' id='word_1_172' title='bbox 1155 1950 1228 2011; x_wconf 84' lang='lat' dir='ltr'><strong>meis</strong></span> <span class='ocrx_word' id='word_1_173' title='bbox 1251 1951 1358 2011; x_wconf 80' lang='lat' dir='ltr'><strong>Erudi-</strong></span> 
     </span>
     <span class='ocr_line' id='line_1_17' title="bbox 204 2041 1357 2124; baseline 0.004 -19"><span class='ocrx_word' id='word_1_174' title='bbox 204 2045 307 2105; x_wconf 86' lang='lat' dir='ltr'><strong>cabam</strong></span> <span class='ocrx_word' id='word_1_175' title='bbox 330 2044 478 2104; x_wconf 90' lang='lat' dir='ltr'><strong>hominnm</strong></span> <span class='ocrx_word' id='word_1_176' title='bbox 502 2046 600 2118; x_wconf 86' lang='lat' dir='ltr'><strong>suris,</strong></span> <span class='ocrx_word' id='word_1_177' title='bbox 627 2057 720 2121; x_wconf 86' lang='lat' dir='ltr'><strong>quem</strong></span> <span class='ocrx_word' id='word_1_178' title='bbox 743 2041 847 2106; x_wconf 90' lang='lat' dir='ltr'><strong>locum</strong></span> <span class='ocrx_word' id='word_1_179' title='bbox 882 2041 943 2124; x_wconf 80' lang='lat' dir='ltr'><strong>iam</strong></span> <span class='ocrx_word' id='word_1_180' title='bbox 968 2059 1066 2124; x_wconf 87' lang='lat' dir='ltr'><strong>supra</strong></span> <span class='ocrx_word' id='word_1_181' title='bbox 1093 2044 1179 2109; x_wconf 88' lang='lat' dir='ltr'><strong>iuter</strong></span> <span class='ocrx_word' id='word_1_182' title='bbox 1201 2043 1357 2111; x_wconf 79' lang='lat' dir='ltr'><strong>ablativos</strong></span> 
     </span>
     <span class='ocr_line' id='line_1_18' title="bbox 204 2138 1356 2220; baseline 0.001 -15"><span class='ocrx_word' id='word_1_183' title='bbox 204 2139 369 2205; x_wconf 81' lang='lat' dir='ltr'><strong>absolutos</strong></span> <span class='ocrx_word' id='word_1_184' title='bbox 389 2138 493 2205; x_wconf 85' lang='lat' dir='ltr'><strong>attuli.</strong></span> <span class='ocrx_word' id='word_1_185' title='bbox 537 2139 653 2205; x_wconf 88' lang='lat' dir='ltr'><strong>Pseud.</strong></span> <span class='ocrx_word' id='word_1_186' title='bbox 676 2139 731 2220; x_wconf 92' lang='lat' dir='ltr'><strong>IV,</strong></span> <span class='ocrx_word' id='word_1_187' title='bbox 761 2147 792 2219; x_wconf 90' lang='lat'><strong>4,</strong></span> <span class='ocrx_word' id='word_1_188' title='bbox 815 2145 850 2205; x_wconf 83' lang='lat'><strong>8:</strong></span> <span class='ocrx_word' id='word_1_189' title='bbox 886 2145 962 2203; x_wconf 89' lang='lat' dir='ltr'><strong>Mihi</strong></span> <span class='ocrx_word' id='word_1_190' title='bbox 986 2160 1037 2204; x_wconf 90' lang='lat' dir='ltr'><strong>cor</strong></span> <span class='ocrx_word' id='word_1_191' title='bbox 1059 2151 1246 2206; x_wconf 89' lang='lat' dir='ltr'><strong>retunsnmst</strong></span> <span class='ocrx_word' id='word_1_192' title='bbox 1269 2163 1356 2220; x_wconf 76' lang='lat' dir='ltr'><strong>oppu-</strong></span> 
     </span>
     <span class='ocr_line' id='line_1_19' title="bbox 199 2237 1357 2319; baseline 0.002 -19"><span class='ocrx_word' id='word_1_193' title='bbox 199 2241 318 2316; x_wconf 76' lang='lat' dir='ltr'><strong>pnosdo</strong></span> <span class='ocrx_word' id='word_1_194' title='bbox 345 2242 471 2315; x_wconf 83' lang='lat' dir='ltr'><strong>pectore.</strong></span> <span class='ocrx_word' id='word_1_195' title='bbox 517 2237 629 2319; x_wconf 77' lang='lat' dir='ltr'><strong>Amph.</strong></span> <span class='ocrx_word' id='word_1_196' title='bbox 659 2237 719 2319; x_wconf 93' lang='lat' dir='ltr'><strong>IV,</strong></span> <span class='ocrx_word' id='word_1_197' title='bbox 753 2245 788 2318; x_wconf 91' lang='lat'><strong>1,</strong></span> <span class='ocrx_word' id='word_1_198' title='bbox 816 2242 851 2302; x_wconf 84' lang='lat' dir='ltr'><strong>o:</strong></span> <span class='ocrx_word' id='word_1_199' title='bbox 886 2242 955 2302; x_wconf 84' lang='lat' dir='ltr'><strong>Sum</strong></span> <span class='ocrx_word' id='word_1_200' title='bbox 985 2240 1121 2303; x_wconf 77' lang='lat' dir='ltr'><strong>defessus</strong></span> <span class='ocrx_word' id='word_1_201' title='bbox 1150 2243 1357 2317; x_wconf 61' lang='lat' dir='ltr'><strong>moenem.</strong></span> 
     </span>
     <span class='ocr_line' id='line_1_20' title="bbox 204 2335 1358 2417; baseline -0.003 -14"><span class='ocrx_word' id='word_1_202' title='bbox 204 2335 300 2404; x_wconf 85' lang='lat' dir='ltr'><strong>Stich.</strong></span> <span class='ocrx_word' id='word_1_203' title='bbox 324 2336 365 2416; x_wconf 88' lang='lat' dir='ltr'><strong>H,</strong></span> <span class='ocrx_word' id='word_1_204' title='bbox 393 2342 419 2417; x_wconf 95' lang='lat' dir='ltr'><strong>l,</strong></span> <span class='ocrx_word' id='word_1_205' title='bbox 442 2341 500 2400; x_wconf 90' lang='lat'><strong>41:</strong></span> <span class='ocrx_word' id='word_1_206' title='bbox 525 2338 660 2399; x_wconf 88' lang='lat' dir='ltr'><strong>defessus</strong></span> <span class='ocrx_word' id='word_1_207' title='bbox 683 2356 746 2399; x_wconf 92' lang='lat' dir='ltr'><strong>snm</strong></span> <span class='ocrx_word' id='word_1_208' title='bbox 763 2338 918 2412; x_wconf 79' lang='lat' dir='ltr'><strong>pultando.</strong></span> <span class='ocrx_word' id='word_1_209' title='bbox 956 2335 1059 2406; x_wconf 64' lang='lat' dir='ltr'><strong>Poen,</strong></span> <span class='ocrx_word' id='word_1_210' title='bbox 1076 2335 1101 2416; x_wconf 89' lang='grc' dir='ltr'>Ι,</span> <span class='ocrx_word' id='word_1_211' title='bbox 1125 2340 1155 2417; x_wconf 85' lang='grc'>2,</span> <span class='ocrx_word' id='word_1_212' title='bbox 1181 2343 1237 2402; x_wconf 88' lang='lat'><strong>14:</strong></span> <span class='ocrx_word' id='word_1_213' title='bbox 1262 2337 1358 2416; x_wconf 75' lang='lat' dir='ltr'><strong>Adpe-</strong></span> 
     </span>
     <span class='ocr_line' id='line_1_21' title="bbox 201 2432 1355 2515; baseline 0.003 -19"><span class='ocrx_word' id='word_1_214' title='bbox 201 2437 357 2511; x_wconf 76' lang='lat' dir='ltr'><strong>rundaqsc</strong></span> <span class='ocrx_word' id='word_1_215' title='bbox 378 2452 459 2510; x_wconf 75' lang='lat' dir='ltr'><strong>aqua</strong></span> <span class='ocrx_word' id='word_1_216' title='bbox 481 2444 550 2497; x_wconf 86' lang='lat' dir='ltr'><strong>sunt</strong></span> <span class='ocrx_word' id='word_1_217' title='bbox 575 2438 630 2496; x_wconf 90' lang='lat' dir='ltr'><strong>viri</strong></span> <span class='ocrx_word' id='word_1_218' title='bbox 655 2437 712 2497; x_wconf 90' lang='lat' dir='ltr'><strong>duo</strong></span> <span class='ocrx_word' id='word_1_219' title='bbox 737 2436 857 2499; x_wconf 80' lang='lat' dir='ltr'><strong>defessi.</strong></span> <span class='ocrx_word' id='word_1_220' title='bbox 901 2432 1096 2505; x_wconf 70' lang='lat' dir='ltr'><strong>saccelli,</strong></span> <span class='ocrx_word' id='word_1_221' title='bbox 1131 2439 1160 2515; x_wconf 94' lang='grc'>2,</span> <span class='ocrx_word' id='word_1_222' title='bbox 1187 2440 1241 2502; x_wconf 87' lang='lat' dir='ltr'><strong>le:</strong></span> <span class='ocrx_word' id='word_1_223' title='bbox 1281 2439 1355 2501; x_wconf 82' lang='lat' dir='ltr'><strong>Cava</strong></span> 
     </span>
     <span class='ocr_line' id='line_1_22' title="bbox 204 2532 1353 2615; baseline 0.001 -17"><span class='ocrx_word' id='word_1_224' title='bbox 204 2538 245 2598; x_wconf 90' lang='lat' dir='ltr'><strong>sis</strong></span> <span class='ocrx_word' id='word_1_225' title='bbox 267 2545 298 2596; x_wconf 92' lang='lat' dir='ltr'><strong>te</strong></span> <span class='ocrx_word' id='word_1_226' title='bbox 314 2553 458 2610; x_wconf 87' lang='lat' dir='ltr'><strong>superare</strong></span> <span class='ocrx_word' id='word_1_227' title='bbox 482 2553 597 2595; x_wconf 91' lang='lat' dir='ltr'><strong>servom</strong></span> <span class='ocrx_word' id='word_1_228' title='bbox 620 2536 707 2596; x_wconf 87' lang='lat' dir='ltr'><strong>sieris</strong></span> <span class='ocrx_word' id='word_1_229' title='bbox 730 2535 874 2609; x_wconf 81' lang='lat' dir='ltr'><strong>faciundo</strong></span> <span class='ocrx_word' id='word_1_230' title='bbox 888 2536 974 2596; x_wconf 91' lang='lat' dir='ltr'><strong>bene.</strong></span> <span class='ocrx_word' id='word_1_231' title='bbox 999 2532 1084 2598; x_wconf 86' lang='lat' dir='ltr'><strong>Men.</strong></span> <span class='ocrx_word' id='word_1_232' title='bbox 1097 2553 1126 2599; x_wconf 89' lang='lat' dir='ltr'><strong>v.</strong></span> <span class='ocrx_word' id='word_1_233' title='bbox 1140 2539 1219 2599; x_wconf 80' lang='lat' dir='ltr'><strong>set:</strong></span> <span class='ocrx_word' id='word_1_234' title='bbox 1246 2539 1353 2615; x_wconf 82' lang='lat' dir='ltr'><strong>Meque</strong></span> 
     </span>
     <span class='ocr_line' id='line_1_23' title="bbox 204 2631 1357 2713; baseline 0.003 -19"><span class='ocrx_word' id='word_1_235' title='bbox 204 2634 290 2707; x_wconf 88' lang='lat' dir='ltr'><strong>adeo,</strong></span> <span class='ocrx_word' id='word_1_236' title='bbox 315 2635 363 2708; x_wconf 88' lang='lat' dir='ltr'><strong>qui</strong></span> <span class='ocrx_word' id='word_1_237' title='bbox 387 2634 474 2694; x_wconf 88' lang='lat' dir='ltr'><strong>hodie</strong></span> <span class='ocrx_word' id='word_1_238' title='bbox 498 2631 592 2694; x_wconf 84' lang='lat' dir='ltr'><strong>iorum</strong></span> <span class='ocrx_word' id='word_1_239' title='bbox 616 2651 751 2710; x_wconf 88' lang='lat' dir='ltr'><strong>umquam</strong></span> <span class='ocrx_word' id='word_1_240' title='bbox 774 2636 866 2696; x_wconf 75' lang='lat' dir='ltr'><strong>omelia</strong></span> <span class='ocrx_word' id='word_1_241' title='bbox 888 2636 1032 2709; x_wconf 84' lang='lat' dir='ltr'><strong>inspexim</strong></span> <span class='ocrx_word' id='word_1_242' title='bbox 1053 2634 1133 2695; x_wconf 75' lang='lat' dir='ltr'><strong>meis.</strong></span> <span class='ocrx_word' id='word_1_243' title='bbox 1158 2631 1226 2698; x_wconf 88' lang='lat' dir='ltr'><strong>Mil.</strong></span> <span class='ocrx_word' id='word_1_244' title='bbox 1251 2632 1308 2712; x_wconf 90' lang='lat' dir='ltr'><strong>IV,</strong></span> <span class='ocrx_word' id='word_1_245' title='bbox 1331 2638 1357 2713; x_wconf 90' lang='grc'>6,</span> 
     </span>
     <span class='ocr_line' id='line_1_24' title="bbox 201 2727 1360 2810; baseline -0.001 -15"><span class='ocrx_word' id='word_1_246' title='bbox 201 2733 237 2795; x_wconf 78' lang='lat'><strong>2:</strong></span> <span class='ocrx_word' id='word_1_247' title='bbox 261 2732 398 2806; x_wconf 82' lang='lat' dir='ltr'><strong>Aspicito</strong></span> <span class='ocrx_word' id='word_1_248' title='bbox 419 2732 498 2793; x_wconf 70' lang='lat' dir='ltr'><strong>ems</strong></span> <span class='ocrx_word' id='word_1_249' title='bbox 513 2729 581 2803; x_wconf 75' lang='lat' dir='ltr'><strong>(int.</strong></span> <span class='ocrx_word' id='word_1_250' title='bbox 598 2727 717 2810; x_wconf 89' lang='lat' dir='ltr'><strong>oculis),</strong></span> <span class='ocrx_word' id='word_1_251' title='bbox 739 2750 776 2792; x_wconf 92' lang='lat' dir='ltr'><strong>ne</strong></span> <span class='ocrx_word' id='word_1_252' title='bbox 793 2735 844 2794; x_wconf 93' lang='lat' dir='ltr'><strong>ille</strong></span> <span class='ocrx_word' id='word_1_253' title='bbox 861 2752 914 2793; x_wconf 89' lang='lat' dir='ltr'><strong>nos</strong></span> <span class='ocrx_word' id='word_1_254' title='bbox 937 2751 969 2794; x_wconf 91' lang='lat' dir='ltr'><strong>se</strong></span> <span class='ocrx_word' id='word_1_255' title='bbox 986 2734 1097 2795; x_wconf 89' lang='lat' dir='ltr'><strong>sentiat</strong></span> <span class='ocrx_word' id='word_1_256' title='bbox 1112 2733 1222 2794; x_wconf 87' lang='lat' dir='ltr'><strong>videre.</strong></span> <span class='ocrx_word' id='word_1_257' title='bbox 1247 2731 1360 2798; x_wconf 78' lang='lat' dir='ltr'><strong>Bacch.</strong></span> 
     </span>
     <span class='ocr_line' id='line_1_25' title="bbox 204 2824 1356 2911; baseline 0.005 -21"><span class='ocrx_word' id='word_1_258' title='bbox 204 2824 243 2907; x_wconf 90' lang='lat' dir='ltr'><strong>V,</strong></span> <span class='ocrx_word' id='word_1_259' title='bbox 274 2831 304 2907; x_wconf 86' lang='grc'>2,</span> <span class='ocrx_word' id='word_1_260' title='bbox 337 2833 391 2893; x_wconf 84' lang='grc'><strong>12;</strong></span> <span class='ocrx_word' id='word_1_261' title='bbox 436 2829 532 2890; x_wconf 84' lang='lat' dir='ltr'><strong>Viden</strong></span> <span class='ocrx_word' id='word_1_262' title='bbox 555 2826 681 2902; x_wconf 69' lang='lat' dir='ltr'><strong>semoto,</strong></span> <span class='ocrx_word' id='word_1_263' title='bbox 717 2847 857 2905; x_wconf 83' lang='lat' dir='ltr'><strong>opsecro,</strong></span> <span class='ocrx_word' id='word_1_264' title='bbox 895 2839 929 2890; x_wconf 88' lang='lat' dir='ltr'><strong>ut</strong></span> <span class='ocrx_word' id='word_1_265' title='bbox 955 2830 1153 2892; x_wconf 83' lang='lat' dir='ltr'><strong>contuentur?</strong></span> <span class='ocrx_word' id='word_1_266' title='bbox 1197 2827 1290 2911; x_wconf 83' lang='lat' dir='ltr'><strong>Gapt.</strong></span> <span class='ocrx_word' id='word_1_267' title='bbox 1318 2829 1356 2908; x_wconf 89' lang='grc' dir='ltr'>Π,</span> 
     </span>
     <span class='ocr_line' id='line_1_26' title="bbox 205 2927 1356 3005; baseline 0.002 -15"><span class='ocrx_word' id='word_1_268' title='bbox 205 2929 237 3005; x_wconf 96' lang='lat' dir='ltr'><strong>l,</strong></span> <span class='ocrx_word' id='word_1_269' title='bbox 264 2929 319 2990; x_wconf 84' lang='grc' dir='ltr'><strong>5οε</strong></span> <span class='ocrx_word' id='word_1_270' title='bbox 366 2927 411 2987; x_wconf 89' lang='lat' dir='ltr'><strong>Ne</strong></span> <span class='ocrx_word' id='word_1_271' title='bbox 442 2944 488 2987; x_wconf 89' lang='lat' dir='ltr'><strong>me</strong></span> <span class='ocrx_word' id='word_1_272' title='bbox 523 2944 610 2988; x_wconf 89' lang='lat' dir='ltr'><strong>secus</strong></span> <span class='ocrx_word' id='word_1_273' title='bbox 643 2928 753 2989; x_wconf 78' lang='lat' dir='ltr'><strong>bonore</strong></span> <span class='ocrx_word' id='word_1_274' title='bbox 789 2929 943 3003; x_wconf 88' lang='lat' dir='ltr'><strong>honestes,</strong></span> <span class='ocrx_word' id='word_1_275' title='bbox 981 2946 1068 3005; x_wconf 88' lang='lat' dir='ltr'><strong>qusrn</strong></span> <span class='ocrx_word' id='word_1_276' title='bbox 1099 2947 1185 3004; x_wconf 87' lang='lat' dir='ltr'><strong>qnonr</strong></span> <span class='ocrx_word' id='word_1_277' title='bbox 1224 2932 1356 2992; x_wconf 73' lang='lat' dir='ltr'><strong>servibas</strong></span> 
     </span>
     <span class='ocr_line' id='line_1_27' title="bbox 202 3021 1358 3103; baseline 0.003 -17"><span class='ocrx_word' id='word_1_278' title='bbox 202 3025 284 3086; x_wconf 89' lang='lat' dir='ltr'><strong>mihi.</strong></span> <span class='ocrx_word' id='word_1_279' title='bbox 325 3021 372 3102; x_wconf 92' lang='lat'><strong>11,</strong></span> <span class='ocrx_word' id='word_1_280' title='bbox 400 3027 436 3103; x_wconf 90' lang='lat'><strong>3,</strong></span> <span class='ocrx_word' id='word_1_281' title='bbox 459 3028 515 3090; x_wconf 90' lang='lat'><strong>33:</strong></span> <span class='ocrx_word' id='word_1_282' title='bbox 549 3023 638 3085; x_wconf 87' lang='lat' dir='ltr'><strong>iscile</strong></span> <span class='ocrx_word' id='word_1_283' title='bbox 666 3027 807 3087; x_wconf 74' lang='lat' dir='ltr'><strong>mensorio</strong></span> <span class='ocrx_word' id='word_1_284' title='bbox 841 3028 969 3087; x_wconf 88' lang='lat' dir='ltr'><strong>memini.</strong></span> <span class='ocrx_word' id='word_1_285' title='bbox 1013 3044 1042 3090; x_wconf 90' lang='lat' dir='ltr'><strong>v.</strong></span> <span class='ocrx_word' id='word_1_286' title='bbox 1066 3028 1120 3090; x_wconf 83' lang='lat'><strong>62:</strong></span> <span class='ocrx_word' id='word_1_287' title='bbox 1159 3035 1192 3087; x_wconf 90' lang='lat' dir='ltr'><strong>ut</strong></span> <span class='ocrx_word' id='word_1_288' title='bbox 1220 3028 1358 3091; x_wconf 89' lang='lat' dir='ltr'><strong>laudetur</strong></span> 
     </span>
     <span class='ocr_line' id='line_1_28' title="bbox 201 3118 1357 3201; baseline 0.003 -17"><span class='ocrx_word' id='word_1_289' title='bbox 201 3124 347 3185; x_wconf 70' lang='lat' dir='ltr'><strong>laudibus.</strong></span> <span class='ocrx_word' id='word_1_290' title='bbox 392 3118 464 3186; x_wconf 83' lang='lat' dir='ltr'><strong>Ces.</strong></span> <span class='ocrx_word' id='word_1_291' title='bbox 496 3119 543 3200; x_wconf 94' lang='grc' dir='ltr'>ΙΙ,</span> <span class='ocrx_word' id='word_1_292' title='bbox 575 3126 610 3199; x_wconf 91' lang='grc'>5,</span> <span class='ocrx_word' id='word_1_293' title='bbox 637 3126 679 3186; x_wconf 88' lang='grc'><strong>40</strong></span> <span class='ocrx_word' id='word_1_294' title='bbox 706 3139 766 3201; x_wconf 90' lang='lat' dir='ltr'><strong>sq.:</strong></span> <span class='ocrx_word' id='word_1_295' title='bbox 805 3126 882 3185; x_wconf 89' lang='lat' dir='ltr'><strong>Nam</strong></span> <span class='ocrx_word' id='word_1_296' title='bbox 909 3142 1011 3186; x_wconf 89' lang='lat' dir='ltr'><strong>omnes</strong></span> <span class='ocrx_word' id='word_1_297' title='bbox 1039 3127 1184 3186; x_wconf 85' lang='lat' dir='ltr'><strong>mortales</strong></span> <span class='ocrx_word' id='word_1_298' title='bbox 1210 3126 1260 3190; x_wconf 82' lang='lat' dir='ltr'><strong>dis</strong></span> <span class='ocrx_word' id='word_1_299' title='bbox 1292 3135 1357 3188; x_wconf 91' lang='lat' dir='ltr'><strong>sunt</strong></span> 
     </span>
     <span class='ocr_line' id='line_1_29' title="bbox 199 3221 1358 3302; baseline 0 -19"><span class='ocrx_word' id='word_1_300' title='bbox 199 3221 289 3295; x_wconf 78' lang='lat' dir='ltr'><strong>freti:</strong></span> <span class='ocrx_word' id='word_1_301' title='bbox 323 3223 376 3284; x_wconf 90' lang='lat' dir='ltr'><strong>sed</strong></span> <span class='ocrx_word' id='word_1_302' title='bbox 412 3230 510 3282; x_wconf 83' lang='lat' dir='ltr'><strong>tomen</strong></span> <span class='ocrx_word' id='word_1_303' title='bbox 540 3223 607 3282; x_wconf 85' lang='lat' dir='ltr'><strong>Vidi</strong></span> <span class='ocrx_word' id='word_1_304' title='bbox 637 3239 692 3299; x_wconf 80' lang='lat' dir='ltr'><strong>ego</strong></span> <span class='ocrx_word' id='word_1_305' title='bbox 725 3223 771 3284; x_wconf 81' lang='lat' dir='ltr'><strong>dis</strong></span> <span class='ocrx_word' id='word_1_306' title='bbox 799 3221 892 3284; x_wconf 87' lang='lat' dir='ltr'><strong>fretos</strong></span> <span class='ocrx_word' id='word_1_307' title='bbox 925 3241 1015 3298; x_wconf 89' lang='lat' dir='ltr'><strong>saepe</strong></span> <span class='ocrx_word' id='word_1_308' title='bbox 1043 3225 1151 3284; x_wconf 89' lang='lat' dir='ltr'><strong>multos</strong></span> <span class='ocrx_word' id='word_1_309' title='bbox 1185 3226 1295 3302; x_wconf 86' lang='lat' dir='ltr'><strong>decipi.</strong></span> <span class='ocrx_word' id='word_1_310' title='bbox 1329 3243 1358 3287; x_wconf 87' lang='lat' dir='ltr'><strong>v.</strong></span> 
     </span>
     <span class='ocr_line' id='line_1_30' title="bbox 202 3317 1358 3399; baseline -0.001 -14"><span class='ocrx_word' id='word_1_311' title='bbox 202 3324 257 3385; x_wconf 83' lang='lat'><strong>38:</strong></span> <span class='ocrx_word' id='word_1_312' title='bbox 295 3321 341 3382; x_wconf 83' lang='lat' dir='ltr'><strong>dis</strong></span> <span class='ocrx_word' id='word_1_313' title='bbox 369 3339 431 3383; x_wconf 92' lang='lat' dir='ltr'><strong>snm</strong></span> <span class='ocrx_word' id='word_1_314' title='bbox 456 3319 559 3381; x_wconf 87' lang='lat' dir='ltr'><strong>fretus.</strong></span> <span class='ocrx_word' id='word_1_315' title='bbox 605 3317 715 3383; x_wconf 84' lang='lat' dir='ltr'><strong>Pseud.</strong></span> <span class='ocrx_word' id='word_1_316' title='bbox 739 3337 769 3382; x_wconf 88' lang='lat' dir='ltr'><strong>v.</strong></span> <span class='ocrx_word' id='word_1_317' title='bbox 794 3322 853 3382; x_wconf 86' lang='lat'><strong>581</strong></span> <span class='ocrx_word' id='word_1_318' title='bbox 879 3336 940 3399; x_wconf 88' lang='lat' dir='ltr'><strong>sq.:</strong></span> <span class='ocrx_word' id='word_1_319' title='bbox 974 3323 1121 3383; x_wconf 81' lang='lat' dir='ltr'><strong>Maiorem</strong></span> <span class='ocrx_word' id='word_1_320' title='bbox 1144 3340 1241 3383; x_wconf 90' lang='lat' dir='ltr'><strong>meum</strong></span> <span class='ocrx_word' id='word_1_321' title='bbox 1266 3323 1358 3385; x_wconf 79' lang='lat' dir='ltr'><strong>fretus</strong></span> 
     </span>
     <span class='ocr_line' id='line_1_31' title="bbox 199 3418 1358 3494; baseline -0.001 -13"><span class='ocrx_word' id='word_1_322' title='bbox 199 3423 309 3482; x_wconf 77' lang='lat' dir='ltr'><strong>virtute</strong></span> <span class='ocrx_word' id='word_1_323' title='bbox 331 3419 426 3480; x_wconf 86' lang='lat' dir='ltr'><strong>dicam</strong></span> <span class='ocrx_word' id='word_1_324' title='bbox 449 3421 578 3494; x_wconf 71' lang='lat' dir='ltr'><strong>Metaque</strong></span> <span class='ocrx_word' id='word_1_325' title='bbox 600 3418 751 3479; x_wconf 76' lang='lat' dir='ltr'><strong>industria</strong></span> <span class='ocrx_word' id='word_1_326' title='bbox 773 3424 805 3478; x_wconf 91' lang='lat' dir='ltr'><strong>et</strong></span> <span class='ocrx_word' id='word_1_327' title='bbox 826 3420 943 3478; x_wconf 81' lang='lat' dir='ltr'><strong>malitia</strong></span> <span class='ocrx_word' id='word_1_328' title='bbox 970 3419 1174 3492; x_wconf 76' lang='lat' dir='ltr'><strong>fraudulento.</strong></span> <span class='ocrx_word' id='word_1_329' title='bbox 1219 3418 1305 3486; x_wconf 84' lang='lat' dir='ltr'><strong>Men.</strong></span> <span class='ocrx_word' id='word_1_330' title='bbox 1331 3437 1358 3480; x_wconf 87' lang='lat' dir='ltr'><strong>v.</strong></span> 
     </span>
     <span class='ocr_line' id='line_1_32' title="bbox 200 3512 1357 3594; baseline -0.003 -12"><span class='ocrx_word' id='word_1_331' title='bbox 200 3522 279 3582; x_wconf 81' lang='lat' dir='ltr'><strong>tet:</strong></span> <span class='ocrx_word' id='word_1_332' title='bbox 301 3519 366 3578; x_wconf 83' lang='lat' dir='ltr'><strong>dote</strong></span> <span class='ocrx_word' id='word_1_333' title='bbox 388 3515 493 3577; x_wconf 88' lang='lat' dir='ltr'><strong>fretus.</strong></span> <span class='ocrx_word' id='word_1_334' title='bbox 537 3512 605 3579; x_wconf 88' lang='lat' dir='ltr'><strong>Mil.</strong></span> <span class='ocrx_word' id='word_1_335' title='bbox 629 3513 654 3592; x_wconf 92' lang='grc' dir='ltr'>Ι,</span> <span class='ocrx_word' id='word_1_336' title='bbox 681 3519 707 3593; x_wconf 92' lang='lat' dir='ltr'><strong>l,</strong></span> <span class='ocrx_word' id='word_1_337' title='bbox 731 3520 788 3579; x_wconf 88' lang='lat' dir='ltr'><strong>bl:</strong></span> <span class='ocrx_word' id='word_1_338' title='bbox 820 3519 1032 3579; x_wconf 89' lang='lat' dir='ltr'><strong>conmunicsbo</strong></span> <span class='ocrx_word' id='word_1_339' title='bbox 1056 3536 1175 3594; x_wconf 86' lang='lat' dir='ltr'><strong>semper</strong></span> <span class='ocrx_word' id='word_1_340' title='bbox 1204 3528 1234 3580; x_wconf 90' lang='lat' dir='ltr'><strong>te</strong></span> <span class='ocrx_word' id='word_1_341' title='bbox 1258 3537 1357 3581; x_wconf 69' lang='lat' dir='ltr'><strong>masso</strong></span> 
     </span>
     <span class='ocr_line' id='line_1_33' title="bbox 198 3610 1357 3694; baseline 0.003 -17"><span class='ocrx_word' id='word_1_342' title='bbox 198 3634 272 3678; x_wconf 84' lang='lat' dir='ltr'><strong>mco.</strong></span> <span class='ocrx_word' id='word_1_343' title='bbox 317 3612 470 3678; x_wconf 88' lang='lat' dir='ltr'><strong>Similiter</strong></span> <span class='ocrx_word' id='word_1_344' title='bbox 492 3611 558 3676; x_wconf 87' lang='lat' dir='ltr'><strong>blil.</strong></span> <span class='ocrx_word' id='word_1_345' title='bbox 582 3610 624 3691; x_wconf 90' lang='grc' dir='ltr'>ΙΙ,</span> <span class='ocrx_word' id='word_1_346' title='bbox 649 3617 677 3690; x_wconf 93' lang='grc'>2,</span> <span class='ocrx_word' id='word_1_347' title='bbox 704 3616 779 3677; x_wconf 83' lang='grc'><strong>108;</strong></span> <span class='ocrx_word' id='word_1_348' title='bbox 815 3616 889 3675; x_wconf 85' lang='lat' dir='ltr'><strong>Nam</strong></span> <span class='ocrx_word' id='word_1_349' title='bbox 917 3617 969 3676; x_wconf 90' lang='lat' dir='ltr'><strong>ille</strong></span> <span class='ocrx_word' id='word_1_350' title='bbox 998 3634 1055 3677; x_wconf 91' lang='lat' dir='ltr'><strong>non</strong></span> <span class='ocrx_word' id='word_1_351' title='bbox 1077 3618 1176 3691; x_wconf 89' lang='lat' dir='ltr'><strong>potuit</strong></span> <span class='ocrx_word' id='word_1_352' title='bbox 1203 3619 1276 3694; x_wconf 88' lang='lat' dir='ltr'><strong>quin</strong></span> <span class='ocrx_word' id='word_1_353' title='bbox 1298 3636 1357 3681; x_wconf 84' lang='lat' dir='ltr'><strong>eer-</strong></span> 
     </span>
     <span class='ocr_line' id='line_1_34' title="bbox 198 3711 1355 3789; baseline 0.002 -13"><span class='ocrx_word' id='word_1_354' title='bbox 198 3732 282 3776; x_wconf 86' lang='lat' dir='ltr'><strong>mone</strong></span> <span class='ocrx_word' id='word_1_355' title='bbox 303 3730 356 3775; x_wconf 74' lang='lat' dir='ltr'><strong>seeo</strong></span> <span class='ocrx_word' id='word_1_356' title='bbox 383 3715 510 3788; x_wconf 75' lang='lat' dir='ltr'><strong>aliquem</strong></span> <span class='ocrx_word' id='word_1_357' title='bbox 532 3711 721 3773; x_wconf 86' lang='lat' dir='ltr'><strong>familiarium</strong></span> <span class='ocrx_word' id='word_1_358' title='bbox 746 3715 976 3789; x_wconf 87' lang='lat' dir='ltr'><strong>Partioipaverit</strong></span> <span class='ocrx_word' id='word_1_359' title='bbox 998 3715 1035 3774; x_wconf 90' lang='lat' dir='ltr'><strong>de</strong></span> <span class='ocrx_word' id='word_1_360' title='bbox 1058 3713 1155 3776; x_wconf 86' lang='lat' dir='ltr'><strong>amica</strong></span> <span class='ocrx_word' id='word_1_361' title='bbox 1178 3717 1232 3777; x_wconf 89' lang='lat' dir='ltr'><strong>eri.</strong></span> <span class='ocrx_word' id='word_1_362' title='bbox 1266 3712 1355 3781; x_wconf 86' lang='lat' dir='ltr'><strong>Cure.</strong></span> 
     </span>
     <span class='ocr_line' id='line_1_35' title="bbox 199 3810 1356 3891; baseline -0.001 -15"><span class='ocrx_word' id='word_1_363' title='bbox 199 3810 237 3891; x_wconf 91' lang='lat' dir='ltr'><strong>V,</strong></span> <span class='ocrx_word' id='word_1_364' title='bbox 261 3816 289 3890; x_wconf 92' lang='grc'>2,</span> <span class='ocrx_word' id='word_1_365' title='bbox 314 3813 370 3875; x_wconf 84' lang='grc'><strong>68;</strong></span> <span class='ocrx_word' id='word_1_366' title='bbox 394 3812 426 3872; x_wconf 87' lang='lat' dir='ltr'><strong>Si</strong></span> <span class='ocrx_word' id='word_1_367' title='bbox 450 3813 603 3886; x_wconf 76' lang='lat' dir='ltr'><strong>qnisquam</strong></span> <span class='ocrx_word' id='word_1_368' title='bbox 634 3811 710 3873; x_wconf 88' lang='lat' dir='ltr'><strong>hanc</strong></span> <span class='ocrx_word' id='word_1_369' title='bbox 741 3812 860 3873; x_wconf 81' lang='lat' dir='ltr'><strong>liberali</strong></span> <span class='ocrx_word' id='word_1_370' title='bbox 888 3812 1074 3873; x_wconf 89' lang='lat' dir='ltr'><strong>adseruisset</strong></span> <span class='ocrx_word' id='word_1_371' title='bbox 1101 3830 1203 3876; x_wconf 78' lang='lat' dir='ltr'><strong>manu.</strong></span> <span class='ocrx_word' id='word_1_372' title='bbox 1250 3817 1279 3890; x_wconf 87' lang='lat'><strong>3,</strong></span> <span class='ocrx_word' id='word_1_373' title='bbox 1303 3818 1356 3876; x_wconf 84' lang='lat' dir='ltr'><strong>el:</strong></span> 
     </span>
     <span class='ocr_line' id='line_1_36' title="bbox 201 3908 1355 3990; baseline 0 -18"><span class='ocrx_word' id='word_1_374' title='bbox 201 3911 226 3972; x_wconf 92' lang='lat' dir='ltr'><strong>si</strong></span> <span class='ocrx_word' id='word_1_375' title='bbox 250 3911 366 3970; x_wconf 80' lang='lat' dir='ltr'><strong>liberali</strong></span> <span class='ocrx_word' id='word_1_376' title='bbox 389 3911 542 3986; x_wconf 76' lang='lat' dir='ltr'><strong>qnisquam</strong></span> <span class='ocrx_word' id='word_1_377' title='bbox 566 3910 642 3971; x_wconf 79' lang='lat' dir='ltr'><strong>hanc</strong></span> <span class='ocrx_word' id='word_1_378' title='bbox 664 3910 820 3971; x_wconf 88' lang='lat' dir='ltr'><strong>adsereret</strong></span> <span class='ocrx_word' id='word_1_379' title='bbox 842 3928 943 3971; x_wconf 82' lang='lat' dir='ltr'><strong>manu.</strong></span> <span class='ocrx_word' id='word_1_380' title='bbox 981 3908 1125 3990; x_wconf 84' lang='lat' dir='ltr'><strong>Utroque</strong></span> <span class='ocrx_word' id='word_1_381' title='bbox 1146 3909 1217 3975; x_wconf 88' lang='lat' dir='ltr'><strong>loco</strong></span> <span class='ocrx_word' id='word_1_382' title='bbox 1240 3912 1355 3973; x_wconf 79' lang='lat' dir='ltr'><strong>liberali</strong></span> 
     </span>
     <span class='ocr_line' id='line_1_37' title="bbox 203 4003 1355 4085; baseline -0.001 -14"><span class='ocrx_word' id='word_1_383' title='bbox 203 4024 267 4071; x_wconf 93' lang='lat' dir='ltr'><strong>non</strong></span> <span class='ocrx_word' id='word_1_384' title='bbox 289 4006 330 4070; x_wconf 88' lang='lat' dir='ltr'><strong>ad</strong></span> <span class='ocrx_word' id='word_1_385' title='bbox 351 4027 441 4071; x_wconf 70' lang='lat' dir='ltr'><strong>marm</strong></span> <span class='ocrx_word' id='word_1_386' title='bbox 460 4003 681 4085; x_wconf 79' lang='lat' dir='ltr'><strong>referendum,</strong></span> <span class='ocrx_word' id='word_1_387' title='bbox 715 4005 771 4071; x_wconf 90' lang='lat' dir='ltr'><strong>sed</strong></span> <span class='ocrx_word' id='word_1_388' title='bbox 798 4023 858 4085; x_wconf 91' lang='lat' dir='ltr'><strong>pro</strong></span> <span class='ocrx_word' id='word_1_389' title='bbox 880 4010 996 4072; x_wconf 78' lang='lat' dir='ltr'><strong>liberali</strong></span> <span class='ocrx_word' id='word_1_390' title='bbox 1024 4027 1115 4071; x_wconf 78' lang='lat' dir='ltr'><strong>cossa</strong></span> <span class='ocrx_word' id='word_1_391' title='bbox 1145 4008 1268 4074; x_wconf 85' lang='lat' dir='ltr'><strong>dictum</strong></span> <span class='ocrx_word' id='word_1_392' title='bbox 1299 4016 1355 4074; x_wconf 85' lang='lat' dir='ltr'><strong>est.</strong></span> 
     </span>
     <span class='ocr_line' id='line_1_38' title="bbox 205 4103 1355 4185; baseline 0 -16"><span class='ocrx_word' id='word_1_393' title='bbox 205 4104 273 4169; x_wconf 85' lang='lat' dir='ltr'><strong>Mil.</strong></span> <span class='ocrx_word' id='word_1_394' title='bbox 290 4103 333 4185; x_wconf 95' lang='grc' dir='ltr'>ΙΙ,</span> <span class='ocrx_word' id='word_1_395' title='bbox 350 4109 379 4183; x_wconf 88' lang='grc'>3,</span> <span class='ocrx_word' id='word_1_396' title='bbox 396 4108 437 4169; x_wconf 87' lang='grc'><strong>53</strong></span> <span class='ocrx_word' id='word_1_397' title='bbox 460 4122 520 4185; x_wconf 89' lang='lat' dir='ltr'><strong>sq.:</strong></span> <span class='ocrx_word' id='word_1_398' title='bbox 542 4106 621 4166; x_wconf 89' lang='lat' dir='ltr'><strong>ludis</strong></span> <span class='ocrx_word' id='word_1_399' title='bbox 642 4123 696 4173; x_wconf 82' lang='lat' dir='ltr'><strong>me,</strong></span> <span class='ocrx_word' id='word_1_400' title='bbox 718 4107 894 4169; x_wconf 79' lang='lat' dir='ltr'><strong>Palaestrio.</strong></span> <span class='ocrx_word' id='word_1_401' title='bbox 937 4104 1001 4169; x_wconf 81' lang='grc' dir='ltr'><strong>ΡΑ.</strong></span> <span class='ocrx_word' id='word_1_402' title='bbox 1024 4109 1086 4167; x_wconf 87' lang='lat' dir='ltr'><strong>Ism</strong></span> <span class='ocrx_word' id='word_1_403' title='bbox 1109 4110 1182 4169; x_wconf 86' lang='lat' dir='ltr'><strong>mibi</strong></span> <span class='ocrx_word' id='word_1_404' title='bbox 1204 4115 1276 4169; x_wconf 90' lang='lat' dir='ltr'><strong>snnt</strong></span> <span class='ocrx_word' id='word_1_405' title='bbox 1296 4124 1355 4169; x_wconf 80' lang='lat' dir='ltr'><strong>me·</strong></span> 
     </span>
     <span class='ocr_line' id='line_1_39' title="bbox 199 4199 1356 4285; baseline 0.001 -20"><span class='ocrx_word' id='word_1_406' title='bbox 199 4223 255 4266; x_wconf 89' lang='lat' dir='ltr'><strong>uns</strong></span> <span class='ocrx_word' id='word_1_407' title='bbox 277 4206 458 4280; x_wconf 88' lang='lat' dir='ltr'><strong>inquinatae.</strong></span> <span class='ocrx_word' id='word_1_408' title='bbox 503 4199 560 4266; x_wconf 84' lang='lat' dir='ltr'><strong>SC.</strong></span> <span class='ocrx_word' id='word_1_409' title='bbox 600 4203 747 4278; x_wconf 79' lang='lat' dir='ltr'><strong>Quidum?</strong></span> <span class='ocrx_word' id='word_1_410' title='bbox 791 4201 856 4266; x_wconf 80' lang='grc' dir='ltr'><strong>ΡΑ.</strong></span> <span class='ocrx_word' id='word_1_411' title='bbox 891 4206 968 4279; x_wconf 81' lang='lat' dir='ltr'><strong>Quia</strong></span> <span class='ocrx_word' id='word_1_412' title='bbox 994 4206 1064 4267; x_wconf 87' lang='lat' dir='ltr'><strong>ludo</strong></span> <span class='ocrx_word' id='word_1_413' title='bbox 1092 4206 1169 4275; x_wconf 77' lang='lat' dir='ltr'><strong>lecto,</strong></span> <span class='ocrx_word' id='word_1_414' title='bbox 1206 4203 1248 4269; x_wconf 84' lang='lat' dir='ltr'><strong>ad</strong></span> <span class='ocrx_word' id='word_1_415' title='bbox 1276 4220 1305 4285; x_wconf 84' lang='lat' dir='ltr'><strong>q.</strong></span> <span class='ocrx_word' id='word_1_416' title='bbox 1337 4201 1356 4266; x_wconf 88' lang='grc' dir='ltr'>Ι</span> 
     </span>
     <span class='ocr_line' id='line_1_40' title="bbox 198 4298 1354 4385; baseline 0.001 -20"><span class='ocrx_word' id='word_1_417' title='bbox 198 4300 322 4365; x_wconf 88' lang='lat' dir='ltr'><strong>Douza:</strong></span> <span class='ocrx_word' id='word_1_418' title='bbox 357 4298 546 4381; x_wconf 86' lang='lat' dir='ltr'><strong>„Sceledrus</strong></span> <span class='ocrx_word' id='word_1_419' title='bbox 570 4302 649 4363; x_wconf 73' lang='lat' dir='ltr'><strong>tedis</strong></span> <span class='ocrx_word' id='word_1_420' title='bbox 678 4319 723 4362; x_wconf 84' lang='lat' dir='ltr'><strong>me</strong></span> <span class='ocrx_word' id='word_1_421' title='bbox 747 4299 792 4365; x_wconf 89' lang='lat' dir='ltr'><strong>sic</strong></span> <span class='ocrx_word' id='word_1_422' title='bbox 817 4301 949 4381; x_wconf 88' lang='lat' dir='ltr'><strong>accipit,</strong></span> <span class='ocrx_word' id='word_1_423' title='bbox 972 4308 1009 4366; x_wconf 86' lang='lat' dir='ltr'><strong>ut</strong></span> <span class='ocrx_word' id='word_1_424' title='bbox 1034 4321 1079 4366; x_wconf 80' lang='lat' dir='ltr'><strong>me</strong></span> <span class='ocrx_word' id='word_1_425' title='bbox 1100 4303 1143 4385; x_wconf 86' lang='lat' dir='ltr'><strong>sit</strong></span> <span class='ocrx_word' id='word_1_426' title='bbox 1165 4321 1229 4369; x_wconf 86' lang='lat' dir='ltr'><strong>acc.</strong></span> <span class='ocrx_word' id='word_1_427' title='bbox 1255 4319 1354 4380; x_wconf 85' lang='lat' dir='ltr'><strong>casus,</strong></span> 
     </span>
     <span class='ocr_line' id='line_1_41' title="bbox 199 4396 1354 4477; baseline 0.002 -16"><span class='ocrx_word' id='word_1_428' title='bbox 199 4396 386 4477; x_wconf 86' lang='lat' dir='ltr'><strong>Palaestrio,</strong></span> <span class='ocrx_word' id='word_1_429' title='bbox 409 4406 444 4462; x_wconf 90' lang='lat' dir='ltr'><strong>ut</strong></span> <span class='ocrx_word' id='word_1_430' title='bbox 465 4399 507 4462; x_wconf 92' lang='lat' dir='ltr'><strong>sit</strong></span> <span class='ocrx_word' id='word_1_431' title='bbox 522 4398 614 4477; x_wconf 84' lang='lat' dir='ltr'><strong>senti,</strong></span> <span class='ocrx_word' id='word_1_432' title='bbox 631 4404 750 4463; x_wconf 81' lang='lat' dir='ltr'><strong>uicum</strong></span> <span class='ocrx_word' id='word_1_433' title='bbox 762 4398 834 4464; x_wconf 90' lang='lat' dir='ltr'><strong>dico</strong></span> <span class='ocrx_word' id='word_1_434' title='bbox 847 4402 947 4462; x_wconf 59' lang='lat' dir='ltr'><strong>eodm</strong></span> <span class='ocrx_word' id='word_1_435' title='bbox 960 4402 1031 4476; x_wconf 73' lang='lat' dir='ltr'><strong>pito,</strong></span> <span class='ocrx_word' id='word_1_436' title='bbox 1050 4402 1158 4463; x_wconf 75' lang='lat' dir='ltr'><strong>diseo.“</strong></span> <span class='ocrx_word' id='word_1_437' title='bbox 1180 4404 1214 4467; x_wconf 90' lang='lat' dir='ltr'><strong>et</strong></span> <span class='ocrx_word' id='word_1_438' title='bbox 1228 4400 1354 4467; x_wconf 91' lang='lat' dir='ltr'><strong>deinde:</strong></span> 
     </span>
    </p>
   </div>
   <div class='ocr_carea' id='block_1_4' title="bbox 75 4616 136 4628">
    <p class='ocr_par' dir='ltr' id='par_1_4' title="bbox 75 4616 136 4628">
     <span class='ocr_line' id='line_1_42' title="bbox 75 4616 136 4628; baseline -0.016 0"><span class='ocrx_word' id='word_1_439' title='bbox 75 4616 136 4628; x_wconf 42' lang='grc' dir='ltr'>ᾖ</span> 
     </span>
    </p>
   </div>
   <div class='ocr_carea' id='block_1_5' title="bbox 0 0 1568 5075">
    <p class='ocr_par' dir='ltr' id='par_1_5' title="bbox 0 0 1568 5075">
     <span class='ocr_line' id='line_1_43' title="bbox 0 0 1568 5075; baseline 0 0"><span class='ocrx_word' id='word_1_440' title='bbox 0 0 1568 5075; x_wconf 95' lang='lat' dir='ltr'><strong> </strong></span> 
     </span>
    </p>
   </div>
  </div>
 </body>
</html>
