3125 5075
199 392 242 448 74
633 376 788 417 suasurus.
803 375 866 415 CAP.
882 375 921 416 lll.

201 552 332 619 Catonis
353 550 393 615 de
417 567 452 614 re
475 548 604 613 rustica.
650 548 684 614 C.
708 553 759 628 28,
784 554 820 613 2:
859 552 1010 612 radicibus
1038 552 1109 624 rial,
1142 548 1173 612 b.
1202 569 1230 615 e.
1254 557 1363 617 tenus.

201 650 234 716 C.
253 655 328 716 113:
351 667 490 712 ansarum
513 647 678 709 infimarum
701 650 764 721 siai.
811 646 846 712 C.
866 651 941 712 149:
965 651 1031 725 aaa
1047 649 1157 709 vendas
1172 649 1238 721 fini,
1257 650 1362 723 dicitu

200 749 256 814 ubi
278 751 365 813 recte
387 744 509 824 Popma
531 740 608 808 fines
631 744 716 825 prati
742 741 826 808 finiri
852 744 939 810 dicit.
985 742 1019 808 C.
1044 748 1100 809 21:
1136 746 1268 822 cupam,
1303 765 1364 821 aaa

199 850 254 922 ficri
276 850 306 907 in
328 845 472 905 modiolos
501 846 574 916 crit,
609 847 749 920 utrinqne
778 862 865 906 secus
888 845 1062 905 imbricibus
1086 843 1195 906 ferreis
1218 854 1364 922 quattuor

206 949 323 1019 desnos,
346 941 375 1005 h.
400 960 427 1005 e.
450 944 617 1019 quatenus
664 938 698 1004 C.
726 944 795 1004 154.

291 1039 439 1117 Denique
461 1035 644 1102 referebant
666 1036 728 1102 buc
750 1036 936 1102 Perizonius
958 1038 1000 1103 ad
1020 1036 1127 1102 Sanct.
1152 1036 1227 1102 Min.
1251 1056 1282 1118 p.
1304 1044 1366 1104 175

203 1145 238 1206 et
258 1138 499 1203 Ruddimannus
522 1153 551 1215 p.
569 1140 642 1213 274,
665 1135 770 1199 adnot.
789 1138 809 1198 8
832 1153 903 1200 cum
926 1135 1086 1200 nonnullis
1108 1135 1180 1199 aliis
1203 1136 1368 1216 antiquio·

204 1238 293 1302 ribus
316 1234 532 1317 grammaticis
553 1236 688 1301 munim,
711 1233 767 1297 sed
791 1232 915 1298 duobus
938 1230 1151 1311 locis‚P1aut.
1175 1234 1242 1299 Mil.
1265 1234 1308 1315 Π,
1334 1240 1365 1315 3,

203 1340 240 1400 2;
265 1337 356 1397 Certo
378 1336 486 1410 edepol
510 1337 572 1395 scio
595 1351 641 1394 me
669 1333 779 1394 uidisse
807 1334 857 1394 hio
880 1351 1048 1407 proxumae
1072 1335 1201 1395 oioiraoc
1226 1336 1368 1396 Philoco-

203 1436 343 1507 masium,
375 1434 409 1494 et
437 1430 563 1495 Terent.
593 1428 721 1493 Phorm.
745 1427 770 1507 Ι,
795 1433 825 1509 2,
847 1436 903 1494 45:
938 1434 1029 1493 Modo
1051 1433 1198 1508 quandam
1222 1433 1284 1493 uidi
1307 1436 1368 1493 vir·

203 1534 300 1609 ginem
324 1533 372 1591 hic
393 1532 520 1592 adora-iac
543 1531 695 1601 Miseram,
719 1526 831 1592 dubito
853 1546 894 1592 an
917 1530 959 1593 sit
979 1528 1087 1608 potius
1108 1527 1268 1609 genitivus
1292 1546 1368 1610 par·

204 1628 316 1692 titirus
339 1626 481 1708 pendens
509 1645 548 1690 ex
570 1624 721 1690 adverbio
750 1623 821 1689 loci.
866 1625 982 1690 Restat
1008 1643 1090 1691 unus
1119 1625 1225 1703 locus,
1259 1626 1367 1691 Plaut.

204 1724 318 1790 Bacch.
343 1724 386 1804 ll,
408 1728 438 1803 2,
462 1730 517 1788 27:
535 1742 704 1799 prosumoc
724 1726 852 1785 maniae
873 1726 1005 1799 Habitat,
1033 1722 1087 1788 ubi
1109 1740 1186 1788 vere
1209 1729 1262 1790 cat
1283 1725 1371 1790 locu·

208 1824 302 1896 tivus,
323 1840 396 1886 nam
412 1837 602 1901 quamquam
619 1819 649 1885 h.
666 1821 685 1883 l.
701 1827 876 1901 praeeunte
893 1821 1086 1901 Hermanno,
1108 1822 1249 1902 itemque
1264 1822 1371 1887 altero

205 1920 275 1986 loeo
298 1920 446 1984 Plautino
469 1917 663 1983 Ritscbelius
686 1924 719 1982 et
741 1918 969 1984 Fleckeiseuus
991 1920 1190 1999 scripserunt
1212 1941 1368 1998 proxume,

207 2023 314 2082 tamen
335 2026 422 2083 recte
444 2015 586 2082 defendit
604 2015 767 2097 vulgatam
790 2016 938 2082 Klotzius
965 2018 997 2081 in
1023 2035 1094 2082 nov.
1123 2017 1227 2082 annal.
1257 2019 1369 2099 philol.

210 2120 301 2193 1852,
325 2115 385 2180 vol.
411 2120 465 2193 64,
489 2119 609 2180 secta
640 2132 670 2195 p.
696 2119 758 2178 200
782 2133 828 2195 sq.
859 2115 891 2178 in
920 2133 1054 2180 censura
1082 2116 1231 2181 editionis
1258 2116 1367 2182 Plauti

209 2212 417 2279 Fleckeiseni.

295 2318 342 2377 15.
367 2315 527 2376 Ablottoos
554 2315 609 2375 loci
636 2316 700 2374 sirac
726 2315 948 2387 praepositione
969 2315 1095 2387 postas
1140 2311 1284 2377 Primum
1315 2332 1371 2395 po·

206 2430 278 2476 nam
302 2412 428 2477 urbium
452 2411 589 2477 nomina.
624 2410 722 2474 Naeu
746 2408 819 2474 bell.
836 2409 916 2473 Pun.
933 2408 952 2473 l.
969 2409 1011 2489 11,
1034 2409 1073 2475 ir.
1091 2415 1123 2473 7:
1147 2413 1277 2486 Delphis
1299 2432 1367 2488 pro

205 2518 321 2587 gnatus,
346 2510 406 2575 nisi
429 2510 480 2576 bic
503 2510 610 2591 potins
633 2515 684 2574 est
706 2507 768 2573 abl.
792 2507 950 2589 principii.
989 2508 1082 2573 Ennii
1110 2508 1368 2592 bedupbugetioa

203 2627 233 2688 p.
260 2612 336 2672 166:
372 2613 508 2685 glaucum
533 2628 606 2684 cape
632 2611 740 2672 Cumis.
784 2606 889 2671 Plaut.
913 2605 1003 2687 lapid.
1028 2605 1066 2686 V,
1100 2613 1127 2686 1,
1151 2611 1206 2673 29:
1231 2607 1259 2672 E
1281 2607 1367 2674 Phil·

204 2705 280 2786 ippa
302 2712 405 2770 matre
436 2707 611 2784 galatarum)
636 2709 751 2768 Tlccba's.
797 2704 912 2769 Pseud.
930 2704 955 2781 1,
972 2711 1001 2784 3,
1027 2710 1102 2769 103:
1126 2709 1265 2783 Athenis,
1290 2705 1366 2770 item

204 2803 301 2868 Mero.
326 2803 364 2882 V,
393 2810 421 2882 2,
448 2809 518 2868 101.
547 2802 663 2868 Pseud.
687 2823 715 2867 v.
738 2807 817 2867 416:
841 2806 967 2864 Athenis
990 2807 1110 2866 Atticis.
1155 2804 1252 2868 Most
1276 2803 1316 2882 V,
1339 2810 1366 2883 l,

205 2906 259 2965 24:
287 2905 425 2965 Athenis.
470 2903 555 2966 Men.
579 2902 658 2982 prol.
683 2918 711 2966 v.
739 2905 792 2965 10:
828 2904 931 2964 Omnis
954 2921 1003 2964 res
1026 2912 1127 2978 gestas
1150 2921 1217 2964 esse
1239 2903 1365 2964 Attica-is

205 3010 366 3063 autumant.
398 3000 513 3064 Pseud.
530 3000 554 3078 1,
580 3006 608 3073 5,
634 3005 688 3066 65;
713 3003 839 3076 Delphis
861 3002 916 3062 tibi
939 3019 1114 3076 responsum
1139 3002 1250 3062 ducito.
1281 2999 1363 3065 Men.

204 3097 244 3177 ΙΙ,
269 3105 297 3175 3,
322 3105 378 3163 57:
416 3103 473 3174 Qui
497 3100 655 3162 Soracusis
676 3102 836 3176 perbibere
861 3107 948 3159 nutus
972 3116 1039 3160 esse
1062 3104 1091 3158 in
1116 3101 1228 3161 Sicilia.
1274 3099 1313 3178 t',
1336 3105 1363 3177 9,

205 3202 260 3263 38:
284 3202 313 3258 in
331 3200 434 3260 Sicilia
449 3201 490 3259 Te
507 3186 667 3260 Samosatis
690 3206 790 3259 notum
814 3215 881 3259 osae
905 3197 1016 3256 dixisti.
1061 3194 1259 3274 protuli:
1284 3201 1363 3260 Mer·

204 3306 288 3359 cator
304 3299 421 3374 quidam
446 3296 504 3357 luit
520 3296 678 3358 caracae
700 3316 801 3359 senex.
833 3312 860 3358 v.
884 3297 938 3356 69:
964 3296 1050 3354 Nunc
1072 3298 1124 3356 ille
1147 3299 1292 3371 deminus,
1316 3299 1365 3372 qui

204 3395 363 3458 Sacrucacsts
385 3398 482 3457 babet.
506 3428 550 3438 -
573 3394 668 3459 Poen.
691 3393 717 3473 1,
740 3398 770 3473 3,
794 3397 851 3458 22;
888 3395 1036 3467 Quantum
1059 3392 1260 3456 Acheruntest
1288 3414 1365 3458 mor·

203 3501 335 3568 tuorum,
370 3510 464 3573 quam
493 3491 627 3557 formam
651 3491 878 3557 Fleckeisenus
907 3506 1009 3552 exerc.
1040 3488 1143 3554 Plaut.
1172 3508 1201 3570 p.
1227 3496 1269 3556 35
1297 3492 1364 3557 sine

203 3608 299 3656 causa
322 3591 497 3671 improbat,
528 3595 565 3655 ut
587 3596 673 3655 recte
696 3590 806 3655 docuit
828 3589 1029 3672 Ladewigius
1051 3591 1084 3655 in
1111 3607 1248 3656 censura
1270 3589 1365 3655 buius

203 3689 313 3767 libelli,
337 3707 420 3769 quae
444 3690 549 3753 estin
571 3687 727 3753 Zeitscbr.
751 3687 772 3752 i.
796 3689 859 3753 Alt.
888 3692 978 3767 1844,
1001 3707 1032 3769 p.
1057 3693 1127 3754 629.

288 3787 387 3853 Nacv.
412 3786 591 3852 Tarentilla
612 3788 649 3852 fr.
672 3795 707 3852 4:
733 3791 834 3850 utrubi
857 3792 992 3849 cenaturi
1016 3778 1103 3863 estis,v
1127 3790 1226 3850 hicine
1250 3806 1289 3849 an
1312 3789 1365 3847 tri·

202 3889 312 3948 otiolo?
358 3884 437 3950 Cato
460 3887 496 3951 R.
521 3888 557 3951 R.
582 3905 608 3953 c.
636 3892 667 3951 l:
702 3889 734 3949 Si
755 3891 880 3963 poteris¹
906 3890 960 3948 snb
983 3889 1085 3949 radice
1108 3888 1218 3948 montis
1242 3888 1311 3960 siet,
1333 3888 1364 3946 in

202 3989 355 4048 meridiem
379 3995 512 4063 spectet,
547 3990 607 4049 loco
629 3988 753 4048 salubri.
800 3984 861 4049 lb:
896 3987 1090 4046 instrumenti
1113 4003 1150 4045 ne
1173 3985 1274 4060 magni
1297 3987 1364 4058 siet,

202 4084 263 4144 loco
288 4087 361 4146 bono
384 4089 451 4161 siet,
476 4102 559 4164 quae
581 4084 608 4164 si
628 4100 781 4164 gerlrruna
797 4089 915 4160 essent,
941 4087 976 4146 ut
996 4100 1058 4146 non
1078 4086 1162 4160 sunt,
1185 4099 1260 4145 nam
1275 4086 1365 4145 recte

274 4310 309 4376 ι’1
330 4312 374 4368 Sic
386 4315 505 4380 Paucum
524 4312 691 4367 Ritscheliua
712 4320 804 4367 autem
823 4310 863 4365 sie
883 4316 1044 4365 constanter
1061 4308 1137 4380 apud
1149 4309 1279 4364 Plautum
1299 4308 1364 4364 seri·

202 4392 319 4448 bendum
339 4407 432 4452 censat
451 4415 502 4467 pro
520 4402 604 4452 notras
622 4394 708 4465 praei.
727 4395 756 4448 in
774 4393 850 4459 Trin.
870 4411 898 4463 p.
920 4397 980 4447 104.
