3125 5075
509 507 600 550 058118
613 507 883 555 δῦΒΕἲΔῙΙΤΝΟΒῦΙ.
896 535 922 546 -
933 515 1037 559 ashur.
1311 534 1352 593 55

214 683 277 743 lanc
299 685 416 759 culpem
438 684 608 744 demolibor
630 686 698 747 iem.
743 682 836 751 Truc.
852 685 894 768 Π,
918 694 946 770 l,
961 696 997 755 4:
1018 692 1095 755 Item
1110 701 1144 755 ut
1157 695 1193 755 de
1207 695 1356 769 frumemo

213 797 324 842 inseres
346 782 478 841 clamore
502 781 670 856 absterret,
704 784 809 861 abigit.
854 782 969 851 etech
993 786 1050 867 111,
1073 792 1103 869 3,
1127 794 1184 855 27:
1221 796 1294 856 Inde
1320 796 1356 857 de

210 877 388 950 hippodromo
408 885 442 938 et
459 878 617 952 pobcstro
637 880 688 941 ubl
709 883 879 944 revenisses
899 885 1025 947 domum.
1069 883 1166 951 Stich.
1182 887 1222 967 ΙΙ,
1249 895 1276 969 1,
1305 895 1355 956 13:

208 965 263 1048 Epi
277 974 350 1033 hinc
369 990 498 1037 5555555
520 975 693 1048 describas
716 977 843 1039 deiciam
865 981 955 1041 etde
972 984 1095 1055 pariete.
1126 983 1220 1050 Most
1236 1004 1264 1050 v.
1281 992 1355 1053 140:

207 1069 407 1132 5555555555
432 1074 475 1132 mi
497 1078 530 1133 et
550 1073 670 1133 virtutis
700 1075 818 1134 modum
841 1078 1021 1139 Deturbovit
1049 1080 1220 1158 detexitque
1247 1084 1283 1146 de
1310 1102 1356 1145 me

206 1172 276 1232 ilico.
318 1165 419 1231 Most.
441 1166 481 1247 V,
507 1172 535 1246 l,
557 1171 613 1231 55:
636 1170 710 1229 Tum
726 1174 853 1233 consilis
866 1173 999 1234 firmiore
1015 1182 1084 1236 sunt
1098 1178 1134 1235 dc
1148 1178 1258 1242 divinis
1273 1182 1352 1243 locis.

207 1262 283 1329 Pers.
307 1282 337 1328 v,
361 1267 439 1328 258:
462 1283 500 1326 ea
521 1283 600 1326 nunc
622 1267 707 1340 qussi
730 1266 844 1327 decidit
866 1270 1009 1331 decocto.
1053 1269 1150 1336 Mero
1163 1271 1201 1352 V,
1223 1276 1252 1353 2,
1278 1278 1353 1339 106;

207 1363 258 1422 lam
280 1362 360 1423 redii
380 1363 417 1422 de
436 1363 535 1422 exitia
579 1359 661 1424 Rud.
683 1363 763 1443 prol.
785 1384 814 1430 v.
832 1372 889 1430 75:
911 1368 960 1426 De
980 1370 1051 1428 aaut
1073 1370 1195 1429 timidas
1217 1372 1354 1434 desulue-

207 1468 264 1518 rmt
284 1462 316 1519 in
337 1460 495 1535 scapham,
519 1456 602 1522 unde
624 1456 852 1527 Fleckeiscnus
874 1462 921 1540 ll,
944 1467 973 1541 3,
996 1466 1036 1527 36
1060 1479 1186 1546 quoquc
1210 1465 1353 1546 scripsit:

207 1555 244 1616 De
263 1557 336 1616 navt
363 1555 484 1617 timidae
509 1557 612 1616 embee
632 1558 662 1615 in
683 1561 823 1634 scapham
845 1561 1030 1633 insuluimns,
1052 1574 1150 1637 quum
1165 1560 1261 1643 vulgo
1276 1562 1355 1627 scri·

207 1650 291 1716 betur
305 1671 333 1714 e.
377 1650 466 1714 Pers.
481 1650 541 1724 III,
568 1656 595 1730 l,
616 1657 675 1716 45:
696 1672 752 1730 ego
773 1657 810 1716 dc
832 1659 889 1717 hoc
909 1659 1055 1717 55555555
1076 1659 1144 1718 Non
1166 1658 1352 1723 demorabor.

208 1747 322 1813 Trabea
345 1746 384 1812 ir.
403 1747 464 1812 inc.
487 1745 551 1813 lab.
575 1753 603 1826 1,
625 1766 654 1813 v.
672 1754 707 1815 3:
732 1754 768 1813 de
791 1757 952 1828 inproviso.
987 1749 1102 1818 Caecil.
1119 1752 1199 1818 Stat
1215 1754 1355 1822 Fallacia

208 1842 236 1909 5.
251 1850 283 1909 6:
306 1848 500 1909 Ossiculatim
513 1849 728 1909 Parmenonem
740 1850 777 1909 de
790 1852 841 1911 oio
855 1854 947 1912 liceat
962 1852 1071 1925 legant.
1095 1849 1223 1915 Terent.
1235 1850 1352 1918 Heaut.

207 1940 251 2020 ΙΙ,
274 1948 301 2020 1,
324 1946 366 2008 37
374 1964 382 2006 :
403 1945 438 2003 dc
458 1946 551 2021 dipito
575 1947 694 2005 anulum
717 1948 862 2010 Detraho.
907 1946 1005 2011 Andr.
1029 1945 1088 2025 III,
1112 1950 1141 2024 2,
1168 1951 1221 2011 ll:
1243 1951 1353 2012 clsmat

208 2040 307 2101 lesia
352 2039 480 2105 Phorm.
504 2039 545 2118 ΙΙ,
567 2044 596 2118 3,
623 2045 675 2105 17:
709 2044 752 2104 ibi
773 2063 875 2120 agrum
898 2045 934 2107 dc
954 2048 1055 2106 metro
1070 2048 1161 2117 patre
1189 2045 1353 2107 Colendum

208 2138 331 2200 lubebat.
377 2136 454 2203 Hes.
477 2135 516 2214 V,
541 2143 568 2213 l,
594 2142 626 2203 l:
660 2143 727 2202 Non
760 2142 816 2201 hoc
843 2142 879 2201 de
904 2142 1004 2202 uilost
1049 2138 1167 2204 Heaut.
1189 2138 1235 2220 ΙΙ,
1266 2145 1296 2220 3,
1319 2146 1353 2206 9:

207 2236 256 2297 lac
278 2238 390 2299 misero
413 2238 462 2311 mi,
484 2243 599 2311 quanto
619 2238 655 2298 dc
677 2255 727 2312 spe
749 2238 864 2298 decidi!
910 2236 1009 2300 Andr.
1030 2234 1110 2316 prol.
1135 2253 1163 2300 v.
1187 2239 1242 2301 26:
1265 2240 1352 2301 Post·

207 2332 251 2394 lac
272 2351 347 2410 quas
369 2332 463 2396 faciet
483 2334 519 2393 dc
540 2337 653 2410 inupro
676 2335 856 2396 comoedias.

278 2430 308 2494 h.
343 2432 392 2495 De
413 2429 461 2493 ita
481 2428 613 2509 dicitur,
646 2435 684 2495 ut
715 2429 836 2511 aliquid
866 2428 1067 2509 disiungatur
1093 2447 1113 2493 5
1135 2429 1226 2508 copia
1247 2428 1354 2509 aliqua

206 2534 251 2591 tut
264 2528 468 2608 possessione
483 2526 619 2593 alterius
642 2533 675 2592 et
700 2531 845 2592 trauseat
870 2525 911 2592 ad
935 2545 1028 2591 usum
1042 2530 1099 2590 aut
1122 2525 1354 2605 possessionem

205 2623 339 2704 ulterius,
362 2631 420 2690 aut
442 2629 478 2689 ut
499 2642 619 2689 meram
641 2624 828 2706 partitivsm
844 2624 1002 2689 sustineat
1015 2622 1177 2686 notionem
1194 2622 1351 2702 (Kampsa.

203 2738 225 2784 h.
246 2726 287 2798 4).
333 2722 439 2787 Plaut.
461 2721 580 2787 Bacch.
604 2721 635 2803 Ι,
661 2728 694 2802 1,
717 2727 776 2787 65:
809 2726 851 2783 Et
875 2739 997 2798 operam
1020 2723 1090 2782 dore
1114 2724 1153 2781 mi
1176 2729 1207 2782 et
1228 2723 1266 2781 55
1288 2738 1354 2782 eam

202 2838 313 2895 operam
338 2821 440 2883 fecere
464 2828 613 2896 sumptum
635 2822 671 2881 dc
695 2825 753 2882 too.
791 2817 849 2897 Ill,
864 2825 895 2897 4,
920 2824 958 2882 14
973 2834 1035 2897 sq:
1060 2821 1168 2880 Verum
1192 2820 1353 2894 55551115

201 2937 330 2996 umquam
349 2919 386 2978 dc
406 2936 472 2978 meo
490 2921 619 2992 5555555
641 2920 789 2978 lismonte
810 2917 864 2977 fiat
885 2919 1064 2991 propensior
1091 2919 1163 2979 cett.
1208 2912 1353 2993 hlen.11,

201 3018 300 3093 2,17;
337 3018 408 3076 lube
438 3023 468 3075 te
499 3019 577 3091 piari
603 3017 639 3078 dc
660 3032 726 3074 mco
745 3016 883 3088 pecunia.
928 3010 1012 3075 Men.
1035 3010 1060 3089 1,
1084 3016 1117 3090 2,
1139 3013 1198 3075 40:
1236 3013 1354 3088 Ecquid

200 3116 284 3175 audes
307 3115 346 3174 de
368 3118 419 3174 tuo
441 3116 520 3174 istuc
542 3113 663 3173 edderc.
707 3109 797 3174 Pers
820 3108 845 3187 Ι,
869 3112 898 3189 3,
918 3114 974 3173 42:
1008 3111 1205 3171 Tuburcinari
1231 3111 1266 3172 dc
1291 3125 1353 3170 coo.

201 3208 250 3285 lv,
266 3215 296 3288 3,
312 3216 348 3273 4:
373 3213 416 3272 nil
439 3211 571 3286 gustabit
591 3210 627 3270 dc
648 3226 718 3270 meo.
764 3204 861 3271 Stich.
878 3204 935 3285 ΙΙΙ,
953 3212 980 3285 1,
1002 3210 1057 3270 25ε
1080 3209 1137 3267 Vel
1152 3209 1264 3281 decem,
1284 3207 1353 3266 dum

201 3308 232 3366 de
252 3313 310 3369 tuo.
358 3305 453 3371 Truc.
477 3304 515 3385 V,
537 3325 567 3370 v.
591 3309 648 3370 61:
673 3308 727 3367 sed
748 3306 785 3364 dc
805 3308 903 3365 vostro
925 3306 1023 3366 vivito.
1067 3301 1182 3367 Pseud.
1206 3301 1237 3382 Ι,
1262 3307 1297 3380 5,
1322 3305 1353 3364 1:

201 3405 228 3464 si
247 3408 282 3466 de
304 3407 455 3467 5555οεί5
487 3411 539 3465 ant
565 3405 591 3465 si
619 3404 655 3463 de
677 3403 859 3465 amatoribus
880 3402 1020 3462 Dictator
1045 3401 1099 3461 fiat
1126 3419 1203 3461 nnnc
1226 3400 1352 3462 Athenis

202 3505 311 3564 Atticis.
357 3501 453 3565 Most
476 3499 532 3579 IV,
558 3504 585 3577 1,
609 3503 642 3562 6:

870 3627 986 3690 faciunt
1007 3629 1043 3688 de
1063 3579 1143 3689 rholo

408 3729 492 3806 [sibi]
515 3730 675 3806 peculium,
700 3729 778 3804 quod
802 3733 954 3802 nequeunt
975 3726 1024 3802 [dc
1044 3725 1140 3800 bono}

210 3886 242 3949 td
260 3904 288 3967 q.
310 3888 329 3953 l.
346 3886 420 3953 vide
435 3888 536 3968 intpp.
553 3883 652 3952 Stich.
672 3885 728 3967 ΙΙΙ,
753 3892 782 3966 2,
806 3890 865 3951 4οι
888 3888 962 3947 Cras
984 3886 1020 3944 de
1040 3885 1176 3959 reliquiis
1196 3900 1250 3943 nos
1273 3882 1350 3955 volo,

213 3982 255 4047 ubi
273 3985 387 4067 Kamp.
411 3989 518 4049 mente
541 3983 631 4049 addit
653 3988 749 4061 beari,
772 3986 929 4047 delectari.
974 3979 1072 4046 Stich.
1088 3979 1143 4058 IV,
1169 3984 1196 4056 l,
1220 3983 1276 4042 57:
1300 3977 1353 4037 Se·

215 4098 259 4142 ner
280 4085 397 4159 quidem
419 4086 524 4158 uoluit,
549 4087 575 4144 si
595 4097 715 4163 posset,
739 4087 878 4162 indipisci
898 4085 934 4142 dc
955 4081 1026 4142 cibo.
1071 4075 1157 4140 Trin.
1181 4073 1221 4153 Il,
1246 4078 1274 4152 2,
1298 4074 1352 4136 68:

216 4179 250 4243 De
268 4186 384 4259 mappis
405 4184 520 4244 divitiis
542 4185 637 4259 siquid
661 4185 778 4258 demes,
812 4185 880 4258 plus
907 4179 942 4239 lit
969 4195 1007 4237 55
1037 4174 1156 4235 minus?
1200 4170 1293 4234 Truc.
1315 4167 1354 4239 V,

218 4292 239 4339 1.
249 4283 299 4345 48;
321 4283 370 4342 Da
391 4290 424 4340 tu
445 4282 482 4340 de
504 4282 562 4342 tuis
583 4281 696 4342 deliciis
716 4280 840 4342 summis
863 4276 933 4354 quid
954 4274 1157 4350 pauxillulum.
1202 4263 1354 4346 Stich.11‚

220 4373 241 4448 l,
257 4381 305 4442 75:
339 4381 451 4442 discam
474 4379 617 4440 5551555
638 4379 809 4439 melioribus
833 4371 967 4452 (unum).
1012 4366 1127 4431 Pseud.
1155 4364 1211 4445 IV,
1236 4370 1265 4444 7,
1296 4366 1353 4428 68:

221 4485 344 4538 memento
372 4495 445 4552 ergo
473 4477 625 4538 dimidium
653 4477 724 4536 mihi
752 4477 863 4534 instinc
890 4471 926 4532 dc
941 4467 1059 4545 quoodo
1086 4466 1166 4528 dare.
1210 4461 1305 4528 Most.
1328 4458 1356 4537 Ι,
