3125 5075
571 345 675 385 BNUNC.
704 346 969 385 tnnnnnonsnlvsn.
1280 353 1341 413 285

191 536 219 612 i,
243 536 324 599 206:
348 537 483 596 Hseoino
513 543 563 595 tuo
586 537 722 597 domust?
760 533 819 600 80.
846 538 899 596 Ito
926 541 1053 613 inquam.
1093 556 1119 600 v.
1149 540 1226 599 254:
1257 537 1345 605 nnio,

186 632 307 694 &mum
326 634 479 696 vostram?
517 630 576 697 80.
599 635 652 692 Ita
675 637 834 695 enimvero.
881 631 1009 696 Terent.
1037 634 1119 697 Eun.
1143 632 1198 709 lv,
1221 642 1257 712 4,
1287 637 1346 695 40:

190 731 233 792 Iit
263 749 322 806 pro
350 740 382 792 to
411 732 469 792 hoo
497 730 680 792 deductust?
716 729 785 795 DO.
818 732 878 795 Ito.
913 728 1013 793 Andr.
1037 729 1069 809 Ι,
1094 735 1131 809 2,
1158 736 1209 794 15:
1231 732 1346 792 Hocine

186 829 255 904 agis
278 847 317 888 ou
340 827 423 891 nou?
457 827 524 893 DA.
549 831 614 904 Ego
636 846 705 888 uero
727 831 814 891 intuo.
858 828 901 907 11,
927 834 953 905 Ι,
978 832 1033 892 38;
1056 828 1245 905 iuginhino?
1282 825 1345 891 BY.

189 926 255 1002 nno
276 944 347 987 uero
369 945 405 989 so
427 928 540 987 lubens.
586 925 667 989 Eun.
692 924 750 1001 ΙΙΙ,
777 931 803 1003 Ι,
830 932 884 991 12:
908 926 1050 1010 gesture?
1087 925 1155 989 TH.
1183 929 1269 989 Vero.
1305 922 1347 1004 ΙΙ,

190 1026 221 1100 3,
245 1026 288 1086 55
311 1039 377 1101 su:
401 1025 533 1085 comites
557 1027 651 1085 secuti
681 1027 798 1086 scilicet
825 1032 895 1085 sunt
925 1026 1091 1101 virginem?
1129 1021 1196 1086 CH.
1231 1026 1348 1084 Verum,

188 1118 309 1184 fleant.
335 1119 373 1199 V,
397 1126 426 1199 3,
453 1125 509 1185 11:
533 1120 661 1184 Facies?
696 1119 760 1184 CH.
788 1124 912 1199 Verum,
934 1118 975 1203 jo.
1015 1120 1142 1185 Phorm.
1167 1120 1213 1197 ΙΙ,
1245 1125 1280 1195 2,
1317 1125 1347 1181 l:

190 1220 279 1280 itone
303 1222 400 1296 putris
423 1228 471 1280 uis
494 1221 650 1279 adventum
674 1222 799 1279 veritum
817 1221 886 1279 hino
908 1219 1042 1282 obiisse?
1080 1217 1147 1283 GE.
1170 1218 1348 1279 Admodum.

189 1313 292 1379 Andr.
314 1314 345 1394 Ι,
368 1315 405 1392 2,
429 1319 487 1378 24:
512 1315 590 1375 Sane
612 1318 728 1392 quidem
752 1313 793 1397 iu.
838 1314 885 1394 ΙΙ,
912 1321 944 1394 1,
971 1322 1001 1378 l:
1031 1317 1107 1391 Quid
1131 1324 1194 1390 sis,
1224 1318 1350 1391 Byrria?

185 1417 321 1475 mutue
343 1416 396 1475 ills
418 1415 574 1489 Pamphilo
596 1415 684 1474 hodie
708 1415 854 1490 nuptum?
890 1412 955 1476 BV.
991 1414 1041 1474 Sto
1062 1420 1113 1477 est.
1149 1412 1239 1478 Adde
1270 1412 1349 1477 llun.

185 1509 248 1588 lv,
274 1516 303 1588 7,
327 1514 384 1574 42;
409 1511 540 1572 credin?
578 1508 647 1574 GN.
670 1512 870 1587 Immunem,
892 1509 924 1593 jo
942 1507 1121 1595 otlertirvgd.
1159 1510 1197 1573 lu
1211 1517 1351 1590 negante

189 1625 353 1689 responso
376 1617 434 1672 sut
455 1606 588 1687 simplex
610 1606 738 1688 negatio
762 1608 890 1687 ponitur
912 1615 969 1670 aut
991 1607 1100 1672 addito
1124 1608 1221 1672 verbo
1252 1608 1351 1672 inter-

193 1706 383 1788 rogationis.
428 1704 531 1769 Plout.
553 1704 665 1770 Pseud.
683 1704 738 1782 IV,
762 1710 792 1784 6,
817 1711 849 1769 5:
873 1709 1000 1767 Venitne
1022 1709 1109 1768 homo
1129 1708 1168 1767 ad
1191 1707 1245 1769 te?
1283 1705 1348 1771 BA.

190 1807 277 1868 Nos.
301 1803 429 1868 Terent.
453 1802 550 1867 Andr.
574 1802 599 1880 Ι,
623 1808 657 1882 2,
682 1808 739 1867 23:
767 1807 833 1866 Nou
865 1806 966 1880 hercle
993 1806 1145 1880 intellego.
1185 1803 1233 1867 SI.
1263 1804 1352 1867 Non?

191 1906 275 1966 honr.
314 1903 381 1967 DA.
404 1902 482 1961 Nou.
522 1900 638 1965 Henut.
654 1900 714 1980 111,
731 1906 759 1974 3,
777 1903 915 1965 olzNou
931 1902 1042 1977 opust?
1076 1899 1142 1965 GH.
1164 1904 1350 1964 Nonherele

192 2020 279 2066 voro.
323 1998 451 2063 Phorm.
475 1998 535 2076 ΙΙΙ,
558 2002 588 2076 2,
612 2003 669 2062 40:
694 2002 755 2060 lom
781 2018 818 2059 ea
840 2001 1020 2075 proeteriit?
1055 1998 1122 2063 DO.
1148 2003 1224 2060 Non.
1249 1999 1353 2063 Plaut.

189 2096 269 2163 ons.
294 2096 331 2177 V,
358 2104 395 2174 4,
426 2100 480 2160 28:
507 2099 574 2157 Non
601 2096 728 2159 irote's?
773 2094 862 2159 CLE.
896 2097 967 2157 Non
995 2115 1061 2158 sum
1089 2097 1180 2160 iroto.
1224 2097 1353 2162 Terent.

196 2195 279 2262 Hee-
302 2194 340 2272 V,
365 2200 399 2275 3,
423 2198 457 2258 6:
481 2197 546 2255 dice
571 2196 637 2254 dum
661 2212 788 2269 quaeso,
812 2214 844 2254 os
868 2202 899 2254 tu
923 2195 1103 2269 Myconius?
1134 2198 1231 2266 „Non
1257 2199 1354 2257 sum.“

193 2295 258 2360 Ad.
282 2293 338 2372 lv,
363 2297 392 2370 2,
415 2295 470 2356 30:
492 2294 551 2353 Sed
576 2302 659 2353 estne
685 2292 777 2352 irater
799 2292 901 2351 intus?
935 2289 996 2354 SY.
1020 2293 1088 2351 Non
1111 2299 1161 2355 est.

664 2543 901 2644 dupondiis

479 2722 525 2787 de
551 2722 740 2785 doctrino
770 2721 1075 2801 particularum.
1186 2754 1193 2763 ·

288 2885 340 2942 24.
392 2877 495 2955 Quum
532 2879 785 2957 praepositiones
820 2895 930 2942 omnes
957 2883 991 2941 et
1017 2876 1178 2957 permulto
1206 2877 1359 2944 adverbia

192 2983 301 3057 omne
331 2976 568 3040 coniunctiones
595 2976 656 3038 ium
680 2975 711 3038 in
736 2975 955 3054 superioribus
978 2979 1117 3039 trontola
1147 2975 1228 3051 sint,
1257 2980 1360 3040 restet

194 3082 239 3140 ‚ut
260 3093 371 3139 eorum
387 3073 617 3154 particularum
641 3091 732 3137 usum
749 3078 948 3152 spectemus,
972 3090 1054 3152 quse
1070 3073 1208 3137 nondum
1225 3091 1358 3137 comme·

194 3177 349 3237 muretus
370 3178 460 3250 sunt,
483 3189 681 3252 quorumque
704 3171 751 3235 vis
774 3169 945 3250 singularis
962 3174 1013 3233 est
1034 3169 1068 3233 in
1084 3170 1359 3236 enuntiationibus

196 3256 387 3336 tornensis.
432 3268 561 3333 Initium
585 3275 691 3332 autem
714 3265 771 3332 fiat
793 3267 833 3332 ab
856 3267 1016 3333 adverbiis
1040 3265 1115 3334 loci,
1139 3284 1223 3346 quae
1248 3266 1359 3331 distin·

203 3367 333 3450 fluenda
355 3372 444 3437 sunt,
468 3372 625 3446 quotenus
641 3367 839 3446 respondent
852 3366 893 3430 od
909 3364 1178 3444 interrogationes
1193 3366 1281 3439 κιάυ,
1296 3369 1358 3442 ult,

192 3486 270 3542 quo.

290 3580 319 3627 u.
363 3565 518 3627 Aduerbio
539 3565 608 3638 lori,
632 3580 708 3636 quoe
727 3562 906 3635 respondent
932 3563 973 3622 od
990 3564 1096 3623 interr.
1121 3560 1243 3626 uude
1294 3562 1360 3623 Al's

205 3663 302 3723 nde
324 3665 377 3727 est
398 3678 436 3724 ex
459 3661 565 3741 aliquo
587 3659 672 3736 loco,
696 3658 889 3724 transfertur
912 3665 1019 3723 tamen
1035 3658 1130 3721 etiam
1153 3658 1194 3722 od
1211 3676 1361 3737 personas

203 3764 240 3823 et
261 3775 324 3823 res.
362 3758 466 3823 Plout
482 3758 598 3822 Pseud.
615 3774 642 3820 r.
662 3761 731 3819 104.
749 3754 774 3834 Ι,
792 3760 820 3834 3,
837 3760 888 3821 83.
927 3753 1062 3833 Persi,
1088 3761 1116 3832 l,
1136 3761 1194 3818 44:
1216 3757 1363 3820 Aliouudo

195 3872 300 3918 -sxoru
327 3865 464 3919 mutuom.
511 3855 857 3919 ‘rumunnense
906 3853 1035 3918 Terent.
1062 3853 1160 3917 Andr.
1192 3853 1236 3932 ΙΙ,
1265 3863 1300 3933 4,
1324 3861 1360 3920 3;

206 3956 301 4015 Venit
323 3957 483 4017 meditatus
499 3954 644 4031 animvm,
660 3971 697 4014 ex
710 3955 774 4014 solo
790 3956 866 4014 loco.
902 3950 1028 4015 Pherm.
1044 3951 1084 4028 ΙΙ,
1106 3956 1131 4029 1,
1148 3954 1201 4013 7οι
1225 3954 1363 4015 Sumeret

205 4054 353 4115 munuae
376 4084 417 4096 -
440 4053 571 4113 Aliunde
594 4077 633 4101 =
658 4068 696 4114 ex
719 4049 781 4113 alio
804 4049 882 4114 loco.
928 4048 1026 4113 Noev.
1050 4048 1121 4112 bell.
1141 4049 1218 4113 Pun.
1240 4049 1277 4113 ir.
1302 4050 1361 4114 iuo.

206 4148 386 4214 tt'Vuhlon
409 4168 440 4229 p.
468 4154 514 4212 18.
562 4147 663 4212 lluut.
693 4145 808 4211 Pseud.
837 4146 884 4225 ΙΙ,
914 4154 948 4223 4,
977 4153 1027 4211 44
1076 4146 1205 4212 Terent.
1235 4146 1361 4212 lerorm

197 4246 247 4325 ΙΙ,
272 4254 307 4319 2,
331 4252 390 4312 29;
419 4251 494 4310 Aliis
518 4246 666 4309 aliwtdost
688 4249 850 4322 periclum,
880 4249 957 4306 uude
980 4246 1092 4321 aliquid
1121 4247 1225 4307 obrodi
1252 4257 1361 4320 potest.

199 4347 460 4408 ΔΜυκη-
486 4343 591 4409 altero
616 4362 654 4408 ex
682 4348 783 4423 parte.
839 4342 1005 4406 Invenitur
1042 4343 1072 4405 id
1109 4342 1248 4422 qninnne
1281 4341 1360 4407 loeis
