3125 5075
171 351 235 409 292
621 345 776 387 susurrus.
791 344 857 389 cie.
873 345 913 388 vu.

172 531 270 594 quae,
301 531 373 579 eum
396 513 575 581 subiectum
601 519 725 585 actione
755 519 946 585 destitutum
976 517 1059 584 hauc
1087 516 1152 582 vim
1181 533 1246 580 non
1269 515 1334 579 iam

172 608 280 691 habat,
304 611 412 677 nullae
435 613 498 677 alia
518 615 606 680 notio
628 634 699 682 esse
720 619 829 697 potest
850 618 913 682 nisi
934 616 1106 694 obiectum,
1129 612 1217 693 quod
1241 617 1334 677 extra

171 709 329 773 actionem
352 710 443 790 quasi
466 711 689 778 decurrentem
704 715 844 794 positum
862 719 921 779 est
967 714 1037 779 Hoc
1052 713 1224 789 obiectum,
1248 710 1334 788 quod

171 805 231 872 hac
259 808 382 871 ratione
404 809 507 889 ipsum
530 811 623 889 quasi
648 811 804 876 actionem
827 812 931 877 induit
951 816 985 877 et
1004 808 1243 887 efficacitatem‚
1268 806 1336 888 ple·

170 922 308 984 rumque
329 905 380 971 vel
402 924 539 987 persona
561 913 613 971 est
633 907 683 972 vel
705 909 737 972 in
761 928 917 990 personae
940 908 1102 974 notionem
1122 911 1284 972 mutatum
1302 911 1336 968 et

173 1007 242 1065 tum
267 1002 392 1068 demum
421 1006 483 1069 vim
510 1004 543 1067 in
573 1009 692 1069 statum
722 1007 857 1071 subiecti
886 1004 1084 1088 grammatici
1113 1005 1252 1068 maxime
1280 1006 1335 1070 de·

173 1100 284 1180 clarat,
309 1119 406 1181 quum
429 1103 515 1168 notio
531 1103 635 1168 status
657 1104 794 1169 maxime
816 1105 987 1185 conspicua
1008 1103 1095 1170 iacta
1109 1111 1144 1168 et
1157 1103 1243 1168 actio
1258 1104 1336 1167 sub·

172 1197 247 1262 iecti
269 1197 363 1278 plane
386 1201 544 1281 explicata
567 1207 600 1265 et
621 1201 663 1265 ad
684 1198 778 1267 finem
803 1204 959 1283 perducta
981 1207 1040 1267 est.

261 1296 384 1374 Quodsi
411 1306 583 1379 utrumque
605 1300 843 1381 coniungimus,
879 1301 912 1363 in
940 1300 1066 1365 obiecto
1096 1300 1215 1363 tertiae
1244 1299 1333 1363 verbi

171 1390 293 1460 formae
325 1395 445 1476 duplici
473 1396 542 1460 eius
569 1404 704 1461 naturae
741 1399 938 1479 respondens
963 1396 1080 1477 duplex
1116 1398 1204 1462 notio
1238 1399 1333 1473 inest,

174 1493 404 1573 cumprimum
435 1495 483 1558 vis
514 1493 648 1559 actionis
675 1496 847 1559 etiamnum
869 1495 902 1559 in
924 1495 1022 1560 verbo
1046 1499 1160 1559 extans
1189 1495 1253 1558 vim
1278 1493 1334 1558 ha-

172 1588 250 1654 beat
269 1592 303 1654 in
326 1591 487 1656 obiectum
511 1591 683 1672 accedens,
717 1611 781 1657 non
809 1594 963 1658 minorem
989 1610 1066 1657 vero
1094 1593 1191 1658 etiam
1216 1590 1278 1657 hoc
1301 1594 1332 1657 in

170 1689 409 1768 praedicatum,
452 1693 610 1768 quatenus
642 1695 762 1756 statum
791 1690 947 1771 exprimit.
993 1690 1056 1756 Sed
1086 1690 1259 1770 utrobique
1285 1697 1335 1755 ta·

172 1804 246 1852 men
270 1787 442 1851 tenendum
465 1793 529 1865 est,
563 1787 623 1851 hoc
646 1787 807 1853 obiectum
830 1788 957 1852 omnino
979 1788 1117 1868 positum
1141 1805 1215 1853 asse
1242 1795 1335 1853 extra

169 1885 331 1951 actionem
359 1902 394 1949 sa
422 1883 634 1965 explicantem
664 1902 768 1965 neque
797 1885 895 1950 ullam
927 1886 959 1951 ai
985 1904 1057 1951 cunr
1088 1884 1144 1950 illa
1175 1886 1334 1951 rationem

172 1982 389 2063 intercedere,
422 2000 540 2065 quare
561 1982 602 2047 ab
625 1981 764 2062 obiecto,
798 1983 884 2062 quod
906 1984 1090 2050 accusativo
1113 1980 1332 2065 significatum

174 2085 233 2159 est,
257 2081 336 2146 satis
358 2082 528 2163 perspicua
549 2081 673 2146 ratione
695 2079 811 2145 differt.
836 2080 885 2144 Ex
900 2082 960 2161 his,
985 2100 1070 2162 quae
1085 2082 1334 2163 disputavimus,

174 2178 317 2243 nascitur
345 2178 432 2244 notio
459 2179 620 2260 primitiva
647 2178 761 2257 dativi,
796 2183 833 2243 ut
858 2180 986 2245 dativus
1012 2180 1055 2244 sit
1079 2195 1172 2245 casus
1206 2180 1336 2259 obiecti,

173 2276 388 2357 quodcunque
410 2278 551 2358 positum
575 2280 666 2341 extra
693 2293 876 2356 processum
900 2277 1035 2341 actionis
1057 2280 1203 2359 tangitur
1219 2284 1336 2343 tamen

175 2374 216 2439 ab
239 2390 278 2439 ea
299 2371 390 2440 finita
412 2375 543 2440 etitem
565 2374 629 2438 vim
651 2373 750 2439 habet
771 2374 804 2437 in
827 2380 966 2454 statum,
989 2375 1045 2454 qui
1067 2392 1105 2439 ex
1128 2375 1255 2440 actione
1279 2375 1336 2440 illa

171 2472 337 2552 oritur.”)

258 2571 306 2636 Ac
326 2571 465 2652 primum
487 2569 616 2650 quidem
639 2571 813 2635 notandum
842 2574 892 2635 est
917 2570 1094 2636 inteream
1122 2571 1201 2651 vim,
1235 2589 1334 2652 quam

170 2668 306 2734 verbum
329 2668 362 2733 in
384 2669 553 2748 obiectum,
577 2673 610 2734 et
630 2686 710 2748 eam,
730 2684 825 2747 quam
848 2667 1006 2733 obiectum
1028 2668 1061 2733 in
1083 2669 1217 2734 verbum
1240 2687 1334 2734 exer·

169 2770 235 2845 cet,
258 2766 413 2833 rationem
436 2767 599 2832 inversam
615 2766 833 2845 intercedere,
863 2766 910 2831 ita
932 2773 969 2831 ut
990 2783 1052 2846 quo
1083 2767 1186 2847 magis
1208 2766 1335 2848 perspi·

171 2882 235 2930 cua
249 2863 354 2929 altera
376 2865 500 2943 evadat,
524 2881 562 2929 eo
584 2864 688 2946 magis
710 2863 815 2928 altera
837 2864 968 2929 recedat
989 2881 1048 2928 nec
1065 2869 1173 2930 tamen
1196 2882 1334 2945 prorsus

170 2959 307 3026 tollatur
329 2967 363 3026 et
386 2966 564 3042 evanescat,
587 2978 780 3042 quamquam
796 2958 1016 3026 difficillimum
1038 2966 1089 3027 est
1110 2966 1218 3028 certos
1240 2965 1335 3044 quasi

170 3057 233 3124 hac
254 3058 287 3122 in
309 3077 345 3124 re
364 3057 443 3124 fines
466 3064 499 3125 et
520 3060 638 3125 limites
660 3077 794 3140 ponere,
824 3059 972 3139 quonium
996 3059 1150 3124 transitus
1171 3077 1236 3125 non
1261 3079 1335 3142 per·

172 3155 335 3236 cipiuntur
363 3161 397 3223 et
425 3158 576 3223 continua
603 3157 704 3222 series
732 3156 901 3236 utriusque
930 3164 980 3222 est
1004 3156 1196 3222 incrementi
1222 3162 1257 3223 et
1280 3159 1337 3225 dc·

172 3253 367 3321 minutionis.

258 3352 350 3430 Quod
374 3353 402 3418 si
423 3354 560 3434 primurn
584 3354 648 3417 vim
670 3358 872 3433 spectamus,
906 3368 1001 3431 quam
1024 3351 1157 3416 verbum
1180 3350 1282 3418 habet
1303 3354 1337 3418 in

172 3453 341 3530 obiectum,
376 3451 557 3531 quaeritur,
586 3467 667 3532 quae
689 3449 772 3513 ratio
794 3449 974 3513 intercedat
995 3450 1080 3513 inter
1098 3449 1280 3515 subiectum
1304 3459 1338 3516 et

173 3551 332 3618 obiectum
363 3555 453 3612 extra
475 3548 634 3613 actionem
657 3548 727 3612 eius
749 3546 975 3625 procedentem
999 3547 1148 3626 positum.
1186 3547 1257 3613 Iam
1281 3568 1335 3614 su·

172 3649 369 3733 pradictum
390 3650 448 3725 est,
472 3646 631 3711 obiectum
654 3645 743 3725 tangi
766 3644 939 3709 etiamnum
962 3644 993 3707 vi
1015 3644 1151 3710 actionis
1172 3646 1214 3710 ad
1236 3640 1333 3710 finem

173 3747 350 3830 perductae
373 3748 407 3809 et
429 3743 622 3824 explicatae,
646 3749 679 3808 et
702 3759 894 3824 quamquam
916 3741 995 3807 haee
1017 3743 1064 3807 vis
1087 3743 1248 3809 obiectum
1272 3763 1338 3809 non

171 3848 252 3924 iarn,
280 3841 546 3925 quemadmodum
568 3843 804 3921 accusativum,
828 3841 1051 3920 complectitur
1071 3849 1104 3907 ct
1127 3841 1339 3922 comprehen-

175 3944 232 4022 dit,
255 3948 362 4006 tamen
387 3960 427 4005 ex
447 3939 551 4004 ultera
572 3946 665 4018 parte
686 3937 755 4004 fieri
779 3957 842 4003 nou
864 3944 986 4019 potest,
1021 3943 1057 4003 ut
1079 3938 1216 4004 subiecti
1239 3939 1337 4020 plane

176 4040 255 4108 nihil
277 4038 414 4114 intersit,
437 4036 532 4116 quale
556 4036 717 4101 obiectum
739 4036 791 4116 sit,
815 4037 911 4102 immo
934 4054 972 4102 eo
994 4037 1098 4118 magis
1112 4037 1181 4101 cius
1198 4036 1260 4104 hoc
1283 4041 1337 4105 in·

247 4255 281 4316 ”l
302 4251 431 4307 Similiter
449 4250 631 4321 principalem
652 4249 737 4307 dativi
756 4250 982 4321 significationem
1006 4251 1151 4309 coustituit
1175 4254 1335 4324 Madvigius

175 4337 362 4405 deserturam
381 4352 408 4404 p.
427 4337 470 4389 29.
