3125 5075
211 374 253 431 28
635 366 791 407 SUBBTANT.
812 367 876 408 ΟΛΡ.
891 367 934 408 111.

210 543 327 603 vitulor.
373 538 488 604 caecil.
513 538 592 605 scat.
616 538 750 621 Hymnis
772 538 809 604 fr.
833 548 863 619 3,
883 559 911 605 v.
938 544 993 606 69:
1018 544 1096 617 Quin
1120 544 1282 605 machaera
1303 545 1369 606 lici-

210 642 269 699 tari
291 641 447 700 adversum
469 656 594 699 aeneum
617 641 734 715 coepsti
755 641 872 701 seim?
907 638 1027 704 Karine
1043 637 1080 702 ir.
1100 644 1127 718 1,
1142 656 1173 703 v.
1191 642 1268 704 105:
1291 642 1370 718 quoti

209 740 279 797 civo
301 740 359 813 ipsi
380 739 529 813 opposivit
550 738 677 812 pignori.
722 734 852 799 Terent.
875 736 974 800 Andr.
997 735 1052 815 lv,
1074 741 1106 816 5,
1130 742 1167 802 3:

339 873 420 943 Quae
445 887 511 930 sese
534 870 692 930 inhoneste
716 872 831 945 optavit
852 889 961 946 parere
985 872 1033 931 hic
1053 872 1143 931 ditias

337 967 442 1028 Potius
466 985 552 1042 qnam
575 968 605 1026 in
627 970 728 1042 patria
750 970 874 1029 honeste
891 987 1010 1043 pauper
1031 970 1153 1030 viveret.

296 1128 324 1188 5.
358 1123 529 1205 Reliquum
560 1129 610 1188 est
639 1130 675 1188 ut
705 1125 745 1189 de
773 1143 834 1189 usu
856 1124 1002 1190 anomalo
1026 1125 1212 1191 nominativi
1235 1127 1370 1207 dicatur,

210 1237 273 1300 quo
292 1220 451 1286 referendi
474 1227 550 1287 sunt
571 1222 594 1285 ii
615 1221 687 1291 loci,
710 1222 764 1287 ubi
787 1221 838 1286 vel
854 1225 984 1285 absolute
1007 1223 1131 1304 positus
1147 1241 1218 1288 esse
1234 1223 1370 1304 videtur,

208 1318 260 1382 vel
289 1318 502 1384 anacoluthon
525 1326 576 1384 est
599 1320 632 1384 in
659 1320 897 1398 enunciamus,
928 1323 965 1382 ut
987 1324 1079 1383 extra
1100 1324 1299 1386 structuram
1327 1322 1371 1388 le·

209 1416 351 1497 gitimam
376 1418 545 1483 verborum
570 1418 817 1496 mundationis,
850 1433 933 1497 quae
954 1416 1053 1481 alium
1076 1434 1187 1482 casum
1209 1417 1371 1484 desidera·

210 1519 271 1591 ret,
294 1515 418 1594 positus
441 1516 492 1580 sit.
522 1516 661 1580 Maxime
684 1519 779 1596 aptus
803 1521 854 1579 est
876 1514 1090 1579 nomi-nativus
1108 1514 1149 1577 ad
1170 1514 1256 1581 hunc
1277 1532 1371 1582 usum

209 1610 365 1692 (inprimis
380 1613 412 1677 in
428 1613 744 1693 enumerationibus),
767 1612 916 1693 quoniam
933 1618 983 1676 est
998 1630 1091 1677 casus
1107 1612 1371 1695 simplicissimus,

207 1709 259 1772 cui
287 1710 335 1773 rei
358 1711 488 1791 egregio
517 1710 708 1775 documento
735 1715 787 1775 est
814 1709 904 1774 locus
931 1708 1100 1775 Plautinus
1128 1710 1211 1775 Men.
1242 1710 1309 1791 111,
1340 1717 1370 1792 2,

209 1810 265 1871 23:
290 1810 367 1882 Quid
390 1812 443 1883 ais,
468 1811 555 1870 homo
576 1812 685 1870 levior
707 1828 795 1885 qaam
812 1812 928 1884 pluma,
959 1807 1012 1872 ubi
1034 1807 1249 1873 nominativus
1269 1815 1371 1888 pluma

209 1906 359 1984 congruit
380 1924 452 1969 cum
474 1923 665 1986 praegresso
688 1906 833 1972 vocativo
856 1909 953 1980 homo,
977 1904 1022 1967 ita
1044 1912 1082 1968 ut
1102 1904 1183 1969 nulli
1204 1905 1262 1970 alii
1282 1909 1370 1973 casui

207 2000 296 2066 locus
320 2020 390 2067 esse
407 2004 566 2083 potuisset
580 2006 619 2080 (v.
637 2004 808 2068 Diomedes
823 2021 854 2082 p.
872 2006 942 2066 206.
966 2020 1028 2066 sec.
1044 2002 1119 2065 edit.
1137 2002 1247 2069 Colon.
1267 2009 1369 2082 1526).

208 2098 284 2164 Voc.
309 2103 403 2163 levior
424 2109 547 2181 autem,
578 2107 614 2165 ut
636 2119 713 2167 vera
735 2100 946 2181 congruentia
967 2100 1154 2164 nominativi
1176 2120 1249 2166 cum
1270 2105 1369 2169 nomi·

207 2197 315 2262 nativo
332 2195 498 2279 efficiatur,
522 2199 681 2281 participii
697 2200 798 2264 instar
814 2198 985 2263 solvendus
1001 2198 1111 2261 estin:
1136 2203 1187 2275 qui
1209 2220 1242 2262 es
1262 2205 1366 2264 levior.

206 2297 347 2361 Primum
370 2296 535 2377 pertinent
556 2296 619 2361 huc
641 2297 703 2362 loci
725 2295 869 2361 nonnulli
883 2295 1022 2360 Catonis.
1057 2294 1104 2360 Ac
1125 2297 1230 2362 rninus
1254 2299 1370 2364 miran-

207 2395 281 2461 dum
305 2394 365 2460 hoc
388 2399 439 2458 est
461 2394 493 2459 in
517 2413 554 2459 eo
577 2395 658 2459 libro
682 2395 760 2472 cius,
784 2393 839 2473 qui
862 2396 912 2456 cst
933 2392 973 2455 de
998 2410 1034 2455 re
1058 2393 1187 2472 rustica,
1210 2397 1297 2475 quod
1321 2397 1370 2463 hic

208 2491 289 2559 liber
311 2493 358 2556 ita
379 2493 508 2558 videtur
530 2493 729 2574 conscriptus
753 2510 825 2556 esse
848 2508 867 2554 a
890 2488 1028 2569 Catone,
1064 2496 1100 2555 ut
1127 2510 1190 2556 non
1218 2500 1371 2576 expertus

207 2592 250 2657 sit
265 2591 409 2654 ultimam
431 2592 522 2670 quasi
538 2610 666 2656 manum
689 2590 946 2665 emendatricem,
969 2589 1027 2652 sed
1048 2597 1084 2652 ut
1105 2591 1207 2654 multa
1222 2592 1371 2659 celeriter

207 2689 267 2755 sibi
283 2689 451 2753 adnotaret
467 2694 590 2753 tantum
607 2709 689 2771 quae
703 2696 817 2770 postea
837 2686 1010 2755 secundum
1032 2689 1261 2768 grammaticae
1276 2710 1369 2771 prae·

206 2791 299 2866 cepta
326 2786 490 2850 severiora
516 2787 615 2853 vellet
646 2787 825 2853 emendare.
870 2788 921 2852 Sic
944 2805 1012 2867 cap.
1040 2792 1092 2850 10:
1129 2789 1284 2861 Quomodo
1307 2795 1368 2853 ole-

206 2894 267 2945 tum
288 2887 503 2948 —instrucre
531 2895 665 2962 oportet:
700 2890 818 2948 vilicum
846 2920 888 2930 -
916 2891 1077 2962 opilionem
1100 2889 1122 2946 l.
1168 2886 1294 2948 Βιιηιηια
1316 2892 1367 2951 ho·

204 2985 314 3043 minum
342 2985 424 3044 Xlll.
448 2986 538 3046 boves
562 2987 657 3046 trinos
687 2988 761 3048 cett.
807 2983 877 3049 Hoc
911 2983 980 3047 loco
1012 2983 1227 3047 nominativus
1255 3005 1367 3048 samma

206 3078 393 3143 interiectus
410 3084 460 3143 est
474 3081 666 3146 accusativis
681 3083 735 3161 qui
752 3081 948 3147 antecedunt
964 3089 998 3145 et
1012 3084 1200 3160 sequuntur,
1217 3087 1256 3144 ut
1271 3100 1367 3147 enun-

206 3176 374 3240 ciationem
396 3178 488 3256 quasi
511 3196 569 3257 per
594 3198 629 3242 se
653 3176 781 3258 efficiat,
805 3180 851 3243 ita
874 3186 911 3243 ut
933 3179 1038 3242 animo
1062 3178 1229 3259 scriptoris
1252 3183 1293 3242 sit
1314 3181 1366 3245 ob·

204 3279 366 3339 versatum
391 3293 462 3341 csse
483 3276 639 3340 videatur.
686 3277 840 3342 Similiter
869 3294 937 3356 cap.
964 3281 1000 3340 ll
1026 3295 1053 3338 v.
1083 3278 1203 3337 Summa
1233 3281 1365 3341 homines

203 3372 280 3437 XVI
302 3374 421 3454 ubique
444 3375 640 3453 praecedunt
668 3375 858 3451 accusativi,
893 3381 929 3438 ut
958 3378 1077 3436 vilicum
1100 3376 1173 3436 cett
1206 3379 1240 3438 et
1272 3375 1364 3455 paulo

201 3472 283 3537 iufra
305 3478 483 3552 sequuntur
505 3473 584 3536 item
609 3472 797 3536 accusativi:
823 3475 967 3545 horosii,
992 3475 1091 3533 asinos
1115 3474 1191 3534 cett.
1230 3470 1279 3536 lb.
1297 3490 1363 3552 cap.

205 3575 258 3633 lt:
293 3574 346 3631 Ea
366 3588 443 3645 quaa
466 3589 568 3631 semen
590 3572 684 3632 viride
708 3580 738 3630 et
761 3581 909 3632 maturum
932 3574 1038 3644 habet,
1062 3572 1106 3629 uti
1129 3587 1232 3630 semen
1255 3573 1292 3632 de
1316 3590 1363 3632 cu·

200 3686 315 3744 presso,
340 3669 377 3727 de
396 3670 477 3745 pino,
501 3669 617 3743 quidvis
640 3672 711 3728 anni
733 3671 828 3743 iecere
850 3672 959 3745 possis,
983 3668 1037 3731 ubi
1060 3681 1120 3744 pro
1144 3683 1180 3726 aa
1201 3672 1365 3748 exspecta·

200 3772 254 3828 tur
275 3763 383 3844 potius
408 3783 488 3839 eam,
522 3763 579 3827 sed
601 3765 814 3829 nominativus
845 3766 914 3845 ipso
937 3764 1027 3829 initio
1058 3763 1212 3827 orationis
1235 3765 1359 3844 positus

201 3869 251 3926 est
272 3860 435 3939 absoluta,
469 3859 557 3924 nulla
584 3862 708 3926 ratione
732 3863 842 3927 habita
871 3860 1117 3928 constructionis
1147 3864 1363 3942 syntecticae3

200 3959 328 4023 videtur
350 3976 409 4038 per
429 3960 653 4024 attractionem
677 3965 810 4040 propter
832 3966 1018 4039 sequentem
1041 3959 1271 4023 nominativum
1291 3977 1365 4040 pro-

199 4057 334 4120 nominis
361 4057 488 4121 relativi
511 4057 796 4122 demonstrativum
826 4057 923 4121 etiam
947 4058 979 4121 in
1001 4059 1194 4121 nominativo
1221 4059 1363 4138 positum

202 4171 282 4218 esse.
327 4153 380 4219 Or.
411 4155 442 4219 in
470 4156 505 4220 L.
530 4156 699 4219 Veturium
720 4156 760 4220 de
785 4153 939 4220 sacrificio
962 4155 1130 4220 commisso
1156 4172 1207 4235 ap.
1230 4154 1363 4219 Festum

198 4268 229 4329 p.
253 4255 332 4316 234:
362 4256 457 4322 Servi,
480 4255 615 4321 ancillam
637 4257 749 4331 siquis
772 4273 874 4315 eorum
899 4257 952 4315 sub
976 4263 1103 4316 centone
1127 4255 1259 4329 crepuit,
1283 4253 1362 4329 quod

199 4365 254 4424 ego
278 4368 336 4410 uon
359 4358 449 4424 censi,
474 4356 587 4414 nullum
610 4354 684 4412 mihi
705 4355 808 4413 vitium
832 4356 913 4412 iacit.
949 4351 989 4414 H.
1005 4350 1026 4413 l.
1042 4350 1266 4430 praedicatum
1287 4351 1362 4411 iacit
