3125 5075
299 396 358 451 100
724 384 879 425 SUBSTANT.
901 386 964 426 (ΙΙΙ).
978 386 1017 426 ΙΙΙ.

381 565 433 623 Ea
456 577 525 623 cum
555 559 708 638 temporis
730 558 911 624 notionibus
935 558 1138 623 coniunctum
1160 557 1280 623 indicat
1302 577 1372 623 rem
1393 558 1447 624 ali·
1484 631 1485 648 ¹

297 675 392 739 quam
415 676 435 721 a
450 662 536 722 certo
553 657 688 736 quodam
704 658 856 738 temporis
871 660 1029 722 momento
1044 652 1210 736 proficisci,
1233 671 1334 735 quare
1355 674 1447 738 saepe
1484 651 1485 670 ¹

296 756 381 821 idcm
403 773 441 820 ac
466 762 532 831 post
552 751 717 836 siguificat.
754 754 850 819 Ennii
872 753 1080 834 Epicharmus
1102 751 1140 817 fr.
1164 759 1182 816 7
1193 778 1200 816 :
1223 773 1260 815 ea
1281 757 1377 817 imbre
1397 755 1446 818 iri-

298 875 351 933 gns
381 852 480 934 (quod
506 857 614 932 potest
640 853 736 918 etiam
762 853 804 916 ad
827 872 863 913 ea
885 851 1015 933 originis
1047 853 1215 932 spectare).
1259 851 1357 918 Ennii
1386 853 1447 918 An·
1480 861 1486 872 ⁴

297 951 467 1017 dromacha
497 949 709 1015 Aechmalotis
735 949 773 1015 fr.
805 956 857 1015 10:
892 956 945 1014 Ec
967 953 1069 1025 widrat
1101 954 1224 1012 summis
1252 953 1318 1027 opis
1349 947 1445 1028 egens,

296 1053 419 1126 Hector,
443 1059 520 1111 tuae.
566 1048 670 1113 Plaut.
693 1047 791 1114 Stich.
814 1048 874 1129 111,
901 1054 927 1129 1,
951 1053 1007 1113 20:
1041 1051 1127 1110 Nunc
1155 1052 1233 1110 hunc
1261 1050 1340 1110 diem
1364 1069 1446 1112 unum
1480 1032 1485 1067 Ἰ

296 1168 331 1210 ea
353 1152 413 1210 illis
434 1149 535 1209 maltis
556 1150 684 1209 maeatis
699 1150 774 1209 Volo
798 1167 843 1209 mo
864 1149 1029 1209 eleutheria
1051 1149 1109 1207 iam
1132 1165 1221 1223 agere
1243 1149 1446 1208 advenientem
1478 1130 1484 1170 ¹

297 1250 424 1319 domum,
447 1245 477 1309 h.
494 1264 522 1309 e.
543 1255 617 1325 post
638 1243 817 1310 exantlatas
839 1245 956 1310 multas
976 1243 1131 1308 miserias.
1155 1243 1242 1308 Asin
1258 1241 1314 1323 IV,
1340 1249 1369 1321 1,
1395 1248 1445 1310 la:
1477 1230 1485 1270 Ι

296 1348 326 1406 ni
349 1349 378 1405 in
409 1345 573 1421 quadriduo
594 1346 796 1419 Abalienarit‚
829 1363 887 1420 qao
912 1363 948 1405 ea
976 1351 1130 1421 argentam
1152 1344 1315 1419 acceperit
1361 1340 1443 1408 Peru
1476 1329 1485 1368 ³

296 1441 350 1516 IV,
374 1447 404 1521 3,
431 1446 483 1505 10:
516 1444 615 1503 Bonus
638 1447 704 1504 volo
731 1444 789 1503 iam
818 1463 855 1506 cx
882 1445 936 1503 loc
960 1444 1008 1503 dic
1035 1462 1111 1504 esse.
1154 1439 1253 1506 Mero.
1277 1438 1317 1520 V,
1339 1445 1371 1517 4,
1394 1443 1443 1506 64:
1478 1443 1485 1515 ,¹

299 1543 402 1602 exlrac
419 1547 514 1602 nocte.
557 1538 684 1603 Terent.
699 1538 780 1604 Eum
796 1539 850 1616 Ν,
872 1545 901 1619 2,
923 1545 956 1605 3:
981 1543 1078 1602 Aliam
1093 1559 1156 1602 ram
1173 1541 1287 1600 coalia
1307 1542 1443 1617 cogitare
1474 1527 1486 1568 ¹

381 1641 436 1698 Dc.
483 1638 532 1701 De
562 1636 729 1717 temporali
757 1656 818 1702 usu
848 1636 1093 1717 praepositionis
1121 1640 1157 1697 ote
1177 1655 1206 1699 v.
1229 1634 1388 1702 Willlncr.
1412 1636 1444 1702 de
1476 1638 1486 1716 ᾗ

297 1735 423 1801 casibus
445 1754 475 1816 p.
500 1738 549 1799 50.
573 1734 718 1815 Kampm.
742 1735 782 1800 de
804 1739 859 1798 DE
882 1753 992 1815 praep.
1016 1753 1076 1799 usu
1098 1734 1201 1799 Plaut.
1225 1751 1255 1814 p.
1279 1739 1315 1798 4:
1354 1740 1443 1814 „tem
1475 1755 1481 1768 ·

299 1834 386 1915 poris
407 1832 589 1897 notionibus
616 1833 758 1898 iunctum
780 1837 817 1896 de
837 1834 933 1914 incipi
961 1833 1089 1914 quidem
1117 1831 1238 1912 aliquid
1268 1849 1307 1896 eo
1329 1838 1443 1915 tempo·
1474 1825 1485 1863 ⁸

302 1933 345 1996 ris
368 1935 526 1996 momento
549 1930 683 2008 iudicat,
705 1948 817 1996 verum
840 1932 934 1996 edam
959 1930 1135 1995 continuari
1158 1948 1216 2010 per
1230 1928 1311 1994 illud
1327 1936 1443 2012 tempo·
1477 1926 1485 1964 Ι

298 2028 343 2093 ris
366 2028 518 2109 spatium,
541 2029 588 2093 ita
610 2035 647 2091 ut
667 2032 702 2090 de
723 2031 770 2091 ae
792 2030 875 2095 idem
897 2028 966 2094 fere
989 2028 1031 2093 sit
1054 2047 1092 2094 ac
1121 2031 1168 2091 die
1189 2033 1247 2092 aut
1264 2048 1326 2108 per
1348 2031 1444 2116 dicam
1477 2023 1486 2068 '⁸

302 2124 502 2194 Schoelierus
531 2144 562 2207 p.
588 2131 643 2192 18:
674 2130 739 2197 „De
764 2136 846 2191 nocte
872 2129 899 2193 si
922 2127 992 2193 dico
1014 2126 1135 2207 aliquid
1157 2123 1225 2190 fieri
1247 2124 1279 2189 h.
1303 2143 1331 2191 e.
1355 2126 1443 2192 actio
1475 2123 1486 2208 Ι

299 2224 347 2291 nis
370 2225 455 2290 illius
478 2230 512 2290 et
539 2225 664 2290 initium
687 2226 827 2291 incidere
849 2227 881 2290 in
903 2232 1029 2291 noctem
1050 2233 1084 2290 et
1105 2224 1347 2289 continuitatem
1379 2241 1443 2289 cun
1476 2227 1485 2260 ⁴

302 2330 396 2390 nocte
420 2322 608 2403 cohaerere,
641 2324 822 2390 necessario
851 2324 884 2388 id
906 2321 955 2403 fit,
987 2341 1084 2405 quum
1110 2322 1218 2401 aliqua
1244 2339 1320 2402 pars
1348 2319 1443 2387 noctis
1476 2319 1486 2361 Ι

297 2429 347 2489 est
369 2422 502 2505 reliqua,
525 2440 607 2503 qnae
627 2428 747 2502 quanta
768 2423 811 2488 sit
832 2441 850 2487 e
870 2440 953 2486 nexu
973 2421 1205 2487 sententiarum
1226 2424 1278 2484 est
1297 2417 1443 2485 definien·
1476 2417 1485 2458 Ι

293 2522 383 2599 dum;
421 2526 509 2587 recte
542 2520 640 2601 igitur
666 2520 826 2586 Handius:
857 2523 893 2583 de
913 2527 1007 2590 acca,
1036 2519 1055 2584 i.
1079 2539 1106 2585 e.
1129 2518 1198 2594 aad
1222 2515 1253 2581 in
1276 2517 1326 2582 ter
1349 2513 1443 2592 lictu,
1476 2515 1485 2560 ²

296 2619 435 2684 nondum
464 2618 618 2684 exhausta
639 2619 760 2685 nocte.“
805 2618 927 2684 Parcus
949 2625 1056 2683 autem
1078 2619 1109 2682 in
1131 2617 1232 2683 lexico
1247 2615 1397 2681 Plautino
1417 2633 1442 2678 u.

293 2721 341 2780 De
370 2718 396 2781 si
419 2720 454 2780 de
475 2720 522 2778 die
548 2715 687 2797 explicat
707 2735 784 2797 per:
823 2720 963 2793 apmmo
977 2724 1067 2793 parte
1090 2716 1167 2795 diei,
1194 2734 1257 2779 non
1280 2721 1370 2780 recte
1390 2714 1443 2780 hoc

293 2813 386 2894 facit,
418 2815 582 2895 aliquanto
611 2815 730 2880 rectius
757 2814 825 2880 sine
847 2814 943 2880 dubio
966 2814 1139 2880 Salmasius
1168 2815 1209 2878 ad
1231 2813 1337 2878 Plaut.
1361 2811 1443 2877 Asin
1479 2815 1485 2899 ᾖ

294 2912 349 2991 Ν,
373 2918 402 2991 2,
434 2917 483 2991 16,
512 2912 565 2992 qui
592 2930 650 2994 pro
672 2916 707 2975 de
728 2916 823 2975 medio
847 2916 897 2974 die
917 2913 1055 2994 positum
1083 2931 1155 2978 esse
1182 2916 1298 2976 censet.
1345 2910 1442 2975 Plaut

296 3011 391 3076 Most.
414 3009 473 3087 ΙΙΙ,
498 3014 527 3092 2,
551 3018 588 3078 8:
624 3016 691 3076 Non
713 3016 822 3075 bonust
844 3031 963 3074 somnus
990 3013 1025 3072 de
1041 3012 1190 3086 prandio,
1222 3007 1252 3073 h.
1282 3028 1308 3074 e.
1340 3009 1443 3074 smum
1480 3022 1485 3053 Ι·

295 3114 370 3190 post
392 3108 559 3189 prandium
583 3117 621 3184 tv.
639 3111 678 3175 de
693 3110 723 3175 h.
740 3109 759 3175 l.
778 3107 963 3189 Haudium).
1008 3109 1095 3173 Asin.
1118 3107 1178 3186 ΠΙ,
1204 3111 1230 3184 1,
1255 3112 1312 3171 13:
1344 3111 1444 3185 Ecqua

296 3228 366 3285 pars
389 3211 533 3271 orationis
555 3213 590 3271 de
612 3213 658 3271 die
680 3212 799 3272 dabitur
821 3209 913 3269 milri?
949 3205 1004 3286 IV,
1021 3213 1049 3283 2,
1068 3211 1124 3270 16:
1147 3209 1183 3268 de
1203 3207 1251 3266 die
1266 3208 1386 3280 Potare,
1407 3202 1444 3268 ad

296 3324 325 3387 q.
341 3305 361 3371 l.
378 3305 450 3371 vide
465 3306 714 3373 Taubmonnum.
749 3305 864 3372 Caecil.
881 3305 960 3372 Stat
977 3303 1160 3370 Aethrionis
1175 3302 1213 3368 fr.
1232 3308 1267 3367 1:
1293 3306 1341 3366 Dc
1360 3314 1443 3366 nocta

294 3408 332 3467 ad
355 3416 472 3482 portum
495 3427 558 3470 sum
581 3407 734 3484 proiectus
755 3409 916 3482 prosumia.
960 3403 1088 3469 Terent.
1111 3400 1246 3482 Adelph.
1270 3399 1309 3480 V,
1338 3407 1368 3478 3,
1390 3405 1441 3465 55:

293 3501 395 3568 nuli.
420 3507 492 3566 Cum
515 3508 611 3582 primo
634 3507 694 3567 luci
716 3506 764 3566 ibo
789 3506 867 3565 hinc.
912 3501 999 3567 MIC.
1021 3504 1069 3563 De
1089 3507 1172 3562 nocte
1193 3519 1312 3564 censeo.
1358 3499 1395 3577 ΙΙ,
1416 3502 1443 3573 9,

291 3605 328 3667 8;
352 3604 497 3678 adparare
520 3605 624 3665 dedic
646 3604 817 3665 convivium.

376 3704 427 3764 23.
466 3702 584 3763 Abhinc
606 3713 763 3780 sequente
786 3697 967 3763 accusativo
990 3704 1058 3762 tum
1081 3702 1271 3778 usurpatur,
1299 3713 1373 3762 cum
1395 3713 1442 3760 cr·

293 3798 432 3878 primore
455 3798 610 3879 volumus,
633 3803 788 3879 quantum
807 3796 959 3877 temporis
981 3796 1022 3861 ab
1043 3814 1081 3860 eo
1101 3795 1255 3877 temporis
1275 3800 1441 3870 momento,

246 3911 254 3930 ·
292 3911 355 3974 quo
377 3895 551 3977 loquimur,
585 3895 796 3978 praeterierit.
839 3893 942 3958 Plaut.
965 3894 1081 3960 Bacch.
1104 3893 1168 3973 ΙΙΙ,
1189 3899 1223 3972 2,
1246 3900 1281 3958 4:
1316 3897 1375 3957 hoo
1401 3894 1440 3954 fa·

294 4000 404 4057 ctumst
434 3995 528 4057 ferme
552 3998 658 4058 abdiae
680 3997 837 4057 limacum
883 3991 978 4060 Stich.
1002 3991 1028 4070 Ι,
1051 4001 1081 4071 2,
1103 3998 1160 4058 80;
1196 3995 1375 4068 Quidillos
1396 4012 1440 4053 er·

290 4097 420 4167 peccatis
443 4096 494 4170 qui
516 4096 623 4155 abdiae
650 4097 708 4156 iam
736 4097 875 4156 abierunt
901 4094 1080 4154 triennium?
1124 4089 1195 4156 Cas.
1223 4089 1304 4171 prol.
1331 4108 1362 4157 v.
1389 4095 1439 4156 39:

292 4191 398 4253 cotim
420 4209 513 4254 aranos
534 4192 675 4254 factumst
696 4193 827 4254 sedeam.
872 4191 999 4255 Terent.
1022 4188 1120 4254 Andr.
1143 4188 1168 4268 Ι,
1194 4193 1222 4268 Ι,
1243 4194 1306 4254 43ε,
1330 4192 1440 4252 interea

290 4292 397 4352 mulier
419 4293 564 4366 quaedam
588 4293 696 4352 abdiae
711 4294 871 4351 trimatum
885 4293 932 4350 Ex
942 4291 1044 4350 Andro
1067 4290 1271 4365 commigravit
1293 4290 1351 4350 huc
1374 4289 1438 4348 sici·

290 4389 367 4451 iriae.
410 4388 488 4454 Hec.
511 4389 549 4469 V,
571 4392 601 4469 3,
624 4393 679 4452 24:
711 4391 819 4451 abdiae
839 4390 947 4449 menas
968 4389 1064 4447 &cem
1085 4386 1159 4448 fere.
1203 4383 1329 4450 Phorm.
1354 4385 1390 4462 V,
1412 4389 1438 4460 9,
