3125 5075
492 542 582 583 CASUS
597 545 861 585 SUBSTANTIVORUM.
876 567 900 575 -
914 546 1017 585 ABLAT.
1272 562 1331 617 117

183 728 218 771 ec
235 713 442 777 maculosas
464 735 563 792 aeq-ace.
587 718 680 783 Most·
704 718 728 796 I,
755 726 780 797 l,
804 723 859 783 30:
882 722 946 797 Quo
968 740 1055 783 nemo
1078 723 1208 795 adaeque
1230 725 1330 784 iuven-

183 816 224 869 ιιι
250 828 290 870 ex
319 816 408 873 omni
437 818 541 877 Attica
569 818 705 878 Antehac
724 828 772 879 est
795 820 913 878 babitus
930 837 1044 891 percus
1066 838 1121 881 nec
1144 822 1240 895 meeis
1262 839 1329 880 een·

183 907 260 969 beve.
287 907 448 990 Denique
462 911 526 976 huc
542 914 681 993 pertinet
696 915 793 979 etiarn
809 913 969 978 ablativus
992 933 1062 980 curn
1079 915 1176 981 verbo
1195 919 1332 979 maenadi

183 1005 299 1085 nctus,
338 1026 372 1071 v.
398 1007 597 1090 Iacobsium‚
634 1013 784 1093 quoniam
816 1012 1005 1092 metaphora
1037 1013 1168 1079 inesta
1201 1014 1330 1079 notione

183 1100 361 1182 tripetias.
413 1105 521 1171 Plaut.
545 1106 636 1190 Capt.
663 1115 742 1190 prol.
771 1130 799 1173 v.
824 1115 878 1174 28:
917 1113 1035 1189 Siquem
1063 1116 1198 1188 reperire
1225 1117 1330 1191 possit,

183 1201 325 1276 pastam
350 1209 499 1281 suum”).
523 1205 548 1284 Ι,
576 1214 601 1285 l,
625 1212 682 1272 33:
721 1213 747 1269 si
773 1217 865 1285 queat
890 1211 1028 1285 Aliquem
1055 1213 1204 1284 inveniro,
1246 1231 1328 1272 snum

183 1301 255 1377 ψ’)
274 1308 377 1364 mutet
400 1304 507 1365 filium.
531 1308 560 1383 2,
584 1308 638 1369 68;
661 1309 728 1368 Hoc
749 1311 833 1368 illum
857 1326 902 1366 me
924 1313 1039 1368 revetere
1060 1309 1176 1369 confido
1199 1309 1273 1371 iore.

248 1404 294 1463 31.
320 1398 354 1463 b.
397 1402 561 1465 Ablatious
582 1406 680 1468 medii.
725 1405 787 1469 Hic
809 1403 969 1467 ablativus
992 1404 1089 1484 vulgo
1112 1403 1229 1469 dicitur
1251 1423 1329 1465 mea-

186 1515 258 1576 moe,
280 1498 406 1562 melius
424 1498 585 1565 ablativus
607 1504 807 1582 differentiae,
832 1502 979 1581 quoniam
1002 1499 1160 1581 significat
1183 1500 1330 1565 differen-

186 1593 241 1658 tiam
260 1613 345 1676 quae
377 1603 434 1659 cst
460 1596 544 1661 inter
566 1598 646 1664 duas
676 1618 728 1664 res
752 1603 961 1680 comparatas,
1006 1599 1119 1679 Itaque
1143 1605 1328 1679 usurpatur,

189 1690 348 1774 ubicunque
373 1691 560 1759 differentia
581 1698 797 1776 quarumlibet
824 1697 1038 1776 quantitatum
1063 1697 1235 1771 indicatur,
1264 1695 1329 1775 pri-

190 1805 252 1852 num
273 1792 379 1872 igitur
404 1798 480 1872 post
502 1794 748 1875 comparativos,
777 1794 835 1857 sed
864 1794 1067 1873 etiamtum,
1096 1813 1167 1858 cum
1198 1794 1237 1856 (le
1259 1792 1329 1857 loco

189 1889 366 1969 ettempore
390 1890 509 1970 agitur.
555 1890 606 1955 Sic
629 1894 723 1954 tritae
753 1895 841 1954 erariis
863 1899 932 1967 post
957 1892 1020 1957 buc
1051 1892 1204 1972 pertinet,
1233 1907 1329 1969 quum

191 1988 256 2045 lertio
289 2006 372 2047 anteo
399 1995 471 2062 post
500 2006 607 2052 merus
637 1989 795 2053 ablativus
824 1991 977 2069 temporis
1007 1990 1062 2068 sit,
1106 2006 1198 2068 quern
1233 2004 1331 2067 supra

190 2085 389 2149 natavimus.
437 2085 561 2150 Deinde
583 2085 644 2151 huc
672 2088 835 2166 pertinent
863 2086 994 2152 ablativi
1022 2092 1194 2166 sequentes
1220 2083 1328 2163 verba,

189 2195 251 2258 quae
272 2182 466 2248 vocabulum
496 2181 694 2248 differentiae
723 2190 760 2248 ut
788 2184 925 2247 addatur
947 2185 1128 2263 postulant,
1160 2183 1329 2262 inquibus

191 2281 382 2359 comparativi
406 2280 495 2343 notio
519 2282 611 2360 inest,
635 2280 748 2345 deinde
771 2280 929 2345 ablativus
952 2281 1007 2360 qui
1030 2280 1147 2344 (licitur
1170 2286 1268 2355 copiae
1290 2284 1322 2342 et

190 2375 302 2456 umiae,
326 2379 469 2457 denique
492 2378 572 2441 adeo
594 2378 753 2443 ablativus
770 2381 863 2453 pretii
887 2396 924 2440 ex
948 2383 1048 2457 parte.
1086 2377 1229 2441 Pretium
1246 2378 1329 2439 enim

189 2475 263 2551 quasi
285 2474 470 2540 differentia
492 2476 632 2555 spectari
651 2480 768 2557 potest,
794 2495 813 2539 ιι
844 2494 901 2540 rios
917 2493 1042 2556 quoqne
1058 2474 1206 2539 dicimus:
1230 2475 1329 2535 etmob

190 2586 233 2632 un
254 2572 284 2651 to
308 2573 368 2636 niel
392 2572 510 2652 boulen.
535 2573 626 2650 Quod
641 2574 668 2638 si
683 2574 821 2654 pretium
844 2573 874 2636 id
898 2579 1072 2653 spectatur,
1097 2589 1159 2652 quo
1178 2569 1325 2648 allicitur,

190 2674 218 2730 nt
240 2688 289 2735 res
315 2672 349 2734 in
377 2672 612 2751 possessiouem
641 2671 774 2736 alterius
803 2678 960 2746 transeat,
1000 2689 1061 2733 rien
1095 2669 1237 2749 {sentinet
1267 2667 1329 2730 hue

190 2763 332 2832 ablativus
353 2770 460 2848 pretii,
485 2769 540 2833 sed
562 2769 669 2850 potius
692 2768 732 2832 ad
754 2770 926 2833 ablativum
950 2768 1163 2831 instrumenti.
1186 2767 1329 2830 Pretium

190 2862 379 2930 sinenditor
408 2867 550 2946 loquitur
577 2875 711 2932 etanta
742 2867 952 2930 venditionem
989 2865 1128 2928 ablativo
1160 2881 1330 2928 mensurae

189 2962 380 3042 exprimitur,
409 2966 548 3044 pretium
571 2971 677 3029 autem
702 2965 763 3028 iarn
789 2966 923 3029 solutum
951 2962 1090 3027 ablativo
1118 2960 1329 3025 instrumenti.

187 3053 230 3120 Sic
247 3065 345 3135 pretio
379 3065 477 3122 riardo
511 3062 560 3126 vel
590 3067 690 3138 pretio
720 3065 789 3124 dete
820 3064 938 3137 aliquid
972 3081 1065 3122 emere
1095 3065 1145 3123 est
1172 3057 1330 3122 ablativus

185 3153 391 3237 instrumenta
414 3165 513 3235 pretio
535 3160 722 3240 simpliciter
743 3161 882 3241 positum
906 3158 966 3223 abl.
990 3176 1173 3232 mensuram
1195 3156 1326 3218 rivereede

183 3254 336 3325 pollicendo
363 3260 492 3332 aliquem
518 3260 677 3319 conducere
704 3257 766 3322 abl.
791 3258 1010 3334 instrumenti,
1048 3257 1178 3318 intercede
1200 3255 1329 3328 aliquem

185 3353 332 3413 meacm
355 3354 416 3418 abl.
441 3373 608 3419 mensurae
632 3362 690 3419 est.

265 3469 293 3512 a.
311 3450 461 3514 Primum
484 3453 583 3532 igitur
601 3451 759 3516 ablativus
780 3449 978 3514 differentiae
999 3450 1129 3529 ponitur
1144 3448 1330 3512 coniunctus

188 3561 247 3609 cum
262 3547 430 3613 adjectivis
442 3555 475 3612 et
487 3549 654 3626 adverbiis,
670 3549 806 3612 maxime
819 3548 1051 3626 conparativis.
1076 3546 1143 3609 Liv.
1160 3545 1329 3609 Andronic.

188 3642 253 3706 box
276 3645 537 3726 Mastigophorus
562 3645 601 3710 fr.
619 3652 651 3710 2:
675 3653 767 3709 multo
792 3651 883 3708 ocius.
919 3645 1016 3708 Naev.
1036 3642 1214 3723 agitatoris
1235 3642 1272 3705 ir.
1296 3645 1329 3704 3:

188 3755 232 3815 ego
252 3761 372 3820 semper
390 3747 491 3819 pluris
513 3746 571 3806 leci
594 3748 797 3822 Potioremque
822 3748 910 3805 habui
934 3746 1103 3804 libertatem
1124 3743 1215 3802 meiito
1243 3758 1329 3815 quam

189 3845 340 3909 naniam.
388 3842 467 3906 Cato
483 3842 518 3905 R.
537 3842 572 3907 li.
597 3861 622 3907 c.
641 3849 673 3905 5:
696 3862 753 3917 qao
776 3845 912 3905 libentiae
934 3845 1023 3902 boves
1047 3848 1161 3900 curent.
1206 3836 1239 3900 C.
1255 3840 1330 3900 112:

193 3938 429 4004 Wronteiibas
454 3944 486 4001 V.
510 3943 608 4002 minos
631 3946 669 4003 sit
690 3961 776 4017 quam
798 3945 918 4017 plenum
942 3942 1006 4014 (unt
1028 3931 1329 4012 bDuobtontoIeo).

192 4026 267 4098 Enni
288 4037 392 4100 annal.
415 4037 474 4102 inc.
499 4036 583 4101 sedis
605 4036 717 4118 fragm.
741 4043 797 4102 42:
821 4041 1001 4114 perceptus
1023 4038 1200 4098 autminus.
1236 4030 1331 4095 Alex·

195 4129 267 4194 uiri
293 4131 332 4196 fr.
356 4138 386 4213 8,
414 4154 444 4197 v.
474 4141 530 4199 78:
563 4139 755 4212 Optumarum
784 4139 876 4197 multo
902 4139 1009 4196 mulier
1035 4137 1138 4195 melior
1163 4135 1328 4193 mulierum.

197 4273 379 4291 ''N—..—

251 4356 281 4425 Ἀ)
299 4362 434 4417 Fleckeis.
445 4377 500 4416 sec.
514 4361 638 4416 Reizium
646 4365 737 4430 poenit
753 4379 804 4432 pro
824 4363 895 4433 vulg.
910 4369 1011 4430 poscet.
1032 4363 1088 4433 Qui
1100 4362 1191 4428 Both,
1206 4358 1328 4413 Lindem.

202 4449 240 4492 tte.
254 4444 307 4497 cod.
326 4446 383 4500 Pal.
404 4460 459 4499 sec.
479 4452 553 4499 teste
571 4445 666 4499 Pareo.
686 4450 751 4515 Apg
771 4449 812 4515 Og
831 4454 859 4500 et
878 4445 949 4516 vulg.
969 4462 1030 4500 cam
1047 4461 1109 4513 que,
1129 4443 1258 4516 ἀμέτρως·

253 4541 282 4608 ²⁸)
301 4544 343 4598 Sic
362 4545 443 4601 Both.
464 4553 492 4600 et
511 4544 634 4599 Lindem.
655 4545 732 4614 Vulg.
752 4561 805 4600 sec.
827 4548 898 4613 Aeg
916 4547 1034 4615 quicum
1054 4543 1185 4617 ἀμέτρως.
