<?xml version="1.0" encoding="UTF-8"?>
<!DOCTYPE html PUBLIC "-//W3C//DTD XHTML 1.0 Transitional//EN"
    "http://www.w3.org/TR/xhtml1/DTD/xhtml1-transitional.dtd">
<html xmlns="http://www.w3.org/1999/xhtml" xml:lang="en" lang="en">
 <head>
  <title>
</title>
<meta http-equiv="Content-Type" content="text/html;charset=utf-8" />
  <meta name='ocr-system' content='tesseract 3.04.00' />
  <meta name='ocr-capabilities' content='ocr_page ocr_carea ocr_par ocr_line ocrx_word'/>
</head>
<body>
  <div class='ocr_page' id='page_1' title='image "./syntaxispriscor00holtgoog_0113.png"; bbox 0 0 3125 5075; ppageno 0'>
   <div class='ocr_carea' id='block_1_1' title="bbox 204 341 922 416">
    <p class='ocr_par' dir='ltr' id='par_1_1' title="bbox 204 341 922 416">
     <span class='ocr_line' id='line_1_1' title="bbox 204 341 922 416; baseline 0.004 -36"><span class='ocrx_word' id='word_1_1' title='bbox 204 352 244 410; x_wconf 73' lang='lat'>94</span> <span class='ocrx_word' id='word_1_2' title='bbox 632 341 785 416; x_wconf 48' lang='lat' dir='ltr'>sumentia.</span> <span class='ocrx_word' id='word_1_3' title='bbox 803 341 866 382; x_wconf 77' lang='grc' dir='ltr'><strong>ΟΑΡ.</strong></span> <span class='ocrx_word' id='word_1_4' title='bbox 880 342 922 383; x_wconf 86' lang='grc' dir='ltr'>ΙΙΙ.</span> 
     </span>
    </p>
   </div>
   <div class='ocr_carea' id='block_1_2' title="bbox 199 513 1369 4221">
    <p class='ocr_par' dir='ltr' id='par_1_2' title="bbox 199 513 1368 3927">
     <span class='ocr_line' id='line_1_2' title="bbox 202 513 1366 591; baseline -0.005 -11"><span class='ocrx_word' id='word_1_5' title='bbox 202 535 268 580; x_wconf 79' lang='lat' dir='ltr'>cum</span> <span class='ocrx_word' id='word_1_6' title='bbox 289 533 325 577; x_wconf 85' lang='lat' dir='ltr'>ee</span> <span class='ocrx_word' id='word_1_7' title='bbox 347 516 578 580; x_wconf 77' lang='lat' dir='ltr'>confabulatust.</span> <span class='ocrx_word' id='word_1_8' title='bbox 624 515 722 582; x_wconf 86' lang='lat' dir='ltr'>Mero.</span> <span class='ocrx_word' id='word_1_9' title='bbox 745 535 773 581; x_wconf 86' lang='grc' dir='ltr'><strong>ι.</strong></span> <span class='ocrx_word' id='word_1_10' title='bbox 798 521 883 580; x_wconf 82' lang='lat'><strong>872:</strong></span> <span class='ocrx_word' id='word_1_11' title='bbox 913 517 1063 591; x_wconf 79' lang='lat' dir='ltr'>Siquidem</span> <span class='ocrx_word' id='word_1_12' title='bbox 1096 532 1210 575; x_wconf 69' lang='lat' dir='ltr'>mom</span> <span class='ocrx_word' id='word_1_13' title='bbox 1238 513 1366 575; x_wconf 79' lang='lat' dir='ltr'>fabulari</span> 
     </span>
     <span class='ocr_line' id='line_1_3' title="bbox 201 612 1364 694; baseline -0.002 -19"><span class='ocrx_word' id='word_1_14' title='bbox 201 618 255 677; x_wconf 85' lang='lat' dir='ltr'>vis.</span> <span class='ocrx_word' id='word_1_15' title='bbox 299 612 383 679; x_wconf 86' lang='lat' dir='ltr'>Men.</span> <span class='ocrx_word' id='word_1_16' title='bbox 407 613 446 693; x_wconf 94' lang='lat' dir='ltr'>V,</span> <span class='ocrx_word' id='word_1_17' title='bbox 472 620 498 694; x_wconf 94' lang='lat' dir='ltr'>l,</span> <span class='ocrx_word' id='word_1_18' title='bbox 524 620 576 679; x_wconf 91' lang='lat' dir='ltr'>ll:</span> <span class='ocrx_word' id='word_1_19' title='bbox 603 635 715 677; x_wconf 84' lang='lat' dir='ltr'>mecum</span> <span class='ocrx_word' id='word_1_20' title='bbox 741 618 832 692; x_wconf 89' lang='lat' dir='ltr'>loqui.</span> <span class='ocrx_word' id='word_1_21' title='bbox 877 613 962 677; x_wconf 82' lang='lat' dir='ltr'>Men.</span> <span class='ocrx_word' id='word_1_22' title='bbox 985 630 1013 674; x_wconf 81' lang='lat' dir='ltr'>v,</span> <span class='ocrx_word' id='word_1_23' title='bbox 1038 616 1114 676; x_wconf 83' lang='lat'><strong>369:</strong></span> <span class='ocrx_word' id='word_1_24' title='bbox 1141 613 1269 690; x_wconf 75' lang='lat' dir='ltr'>Quicum</span> <span class='ocrx_word' id='word_1_25' title='bbox 1289 613 1364 673; x_wconf 85' lang='lat' dir='ltr'>baec</span> 
     </span>
     <span class='ocr_line' id='line_1_4' title="bbox 201 710 1364 790; baseline -0.003 -16"><span class='ocrx_word' id='word_1_26' title='bbox 201 715 310 774; x_wconf 91' lang='lat' dir='ltr'>mulier</span> <span class='ocrx_word' id='word_1_27' title='bbox 332 713 484 788; x_wconf 81' lang='lat' dir='ltr'>loquitur?</span> <span class='ocrx_word' id='word_1_28' title='bbox 512 712 576 776; x_wconf 88' lang='lat' dir='ltr'>ER</span> <span class='ocrx_word' id='word_1_29' title='bbox 599 717 744 790; x_wconf 84' lang='lat' dir='ltr'><strong>Equidem</strong></span> <span class='ocrx_word' id='word_1_30' title='bbox 767 720 868 776; x_wconf 67' lang='lat' dir='ltr'>tecum</span> <span class='ocrx_word' id='word_1_31' title='bbox 907 710 990 775; x_wconf 86' lang='lat' dir='ltr'>Men</span> <span class='ocrx_word' id='word_1_32' title='bbox 1014 710 1057 789; x_wconf 89' lang='lat' dir='ltr'>ll,</span> <span class='ocrx_word' id='word_1_33' title='bbox 1080 714 1109 786; x_wconf 83' lang='lat'>2,</span> <span class='ocrx_word' id='word_1_34' title='bbox 1129 714 1186 775; x_wconf 88' lang='lat'>49:</span> <span class='ocrx_word' id='word_1_35' title='bbox 1214 728 1281 772; x_wconf 75' lang='lat' dir='ltr'>mem</span> <span class='ocrx_word' id='word_1_36' title='bbox 1303 712 1364 785; x_wconf 72' lang='lat' dir='ltr'>boc,</span> 
     </span>
     <span class='ocr_line' id='line_1_5' title="bbox 202 810 1366 888; baseline -0.003 -16"><span class='ocrx_word' id='word_1_37' title='bbox 202 829 288 888; x_wconf 87' lang='lat' dir='ltr'>quem</span> <span class='ocrx_word' id='word_1_38' title='bbox 311 814 394 886; x_wconf 77' lang='lat' dir='ltr'>nom,</span> <span class='ocrx_word' id='word_1_39' title='bbox 432 811 559 875; x_wconf 89' lang='lat' dir='ltr'>fabulor.</span> <span class='ocrx_word' id='word_1_40' title='bbox 604 810 758 876; x_wconf 69' lang='lat' dir='ltr'>Socha</span> <span class='ocrx_word' id='word_1_41' title='bbox 787 815 821 874; x_wconf 84' lang='grc'>8;</span> <span class='ocrx_word' id='word_1_42' title='bbox 857 813 932 871; x_wconf 89' lang='lat' dir='ltr'>Volo</span> <span class='ocrx_word' id='word_1_43' title='bbox 955 816 1048 870; x_wconf 83' lang='lat' dir='ltr'>tecum</span> <span class='ocrx_word' id='word_1_44' title='bbox 1072 811 1155 885; x_wconf 87' lang='lat' dir='ltr'>loqui</span> <span class='ocrx_word' id='word_1_45' title='bbox 1182 810 1218 869; x_wconf 92' lang='lat' dir='ltr'>de</span> <span class='ocrx_word' id='word_1_46' title='bbox 1242 826 1277 870; x_wconf 90' lang='lat' dir='ltr'>re</span> <span class='ocrx_word' id='word_1_47' title='bbox 1300 810 1366 871; x_wconf 87' lang='lat' dir='ltr'>uiui.</span> 
     </span>
     <span class='ocr_line' id='line_1_6' title="bbox 204 904 1369 987; baseline -0.001 -16"><span class='ocrx_word' id='word_1_48' title='bbox 204 906 323 973; x_wconf 80' lang='lat' dir='ltr'><strong>Pseud.</strong></span> <span class='ocrx_word' id='word_1_49' title='bbox 345 907 400 986; x_wconf 91' lang='lat' dir='ltr'>IV,</span> <span class='ocrx_word' id='word_1_50' title='bbox 424 913 453 984; x_wconf 99' lang='grc'>7,</span> <span class='ocrx_word' id='word_1_51' title='bbox 475 912 534 971; x_wconf 87' lang='lat'>48:</span> <span class='ocrx_word' id='word_1_52' title='bbox 558 911 634 983; x_wconf 84' lang='lat' dir='ltr'>Quin</span> <span class='ocrx_word' id='word_1_53' title='bbox 658 919 690 971; x_wconf 87' lang='lat' dir='ltr'>tu</span> <span class='ocrx_word' id='word_1_54' title='bbox 712 928 825 971; x_wconf 82' lang='lat' dir='ltr'>meeum</span> <span class='ocrx_word' id='word_1_55' title='bbox 847 907 1002 968; x_wconf 80' lang='lat' dir='ltr'>fabulare?</span> <span class='ocrx_word' id='word_1_56' title='bbox 1046 904 1369 987; x_wconf 69' lang='lat' dir='ltr'>Faesulana:</span> 
     </span>
     <span class='ocr_line' id='line_1_7' title="bbox 202 1000 1366 1086; baseline -0.002 -18"><span class='ocrx_word' id='word_1_57' title='bbox 202 1010 271 1083; x_wconf 89' lang='lat' dir='ltr'>plus</span> <span class='ocrx_word' id='word_1_58' title='bbox 294 1011 387 1068; x_wconf 81' lang='lat' dir='ltr'>tecum</span> <span class='ocrx_word' id='word_1_59' title='bbox 410 1011 525 1083; x_wconf 88' lang='lat' dir='ltr'>loquar.</span> <span class='ocrx_word' id='word_1_60' title='bbox 570 1006 605 1086; x_wconf 94' lang='grc' dir='ltr'>Ι,</span> <span class='ocrx_word' id='word_1_61' title='bbox 629 1012 663 1086; x_wconf 85' lang='grc'>5,</span> <span class='ocrx_word' id='word_1_62' title='bbox 688 1012 744 1072; x_wconf 90' lang='lat'>50:</span> <span class='ocrx_word' id='word_1_63' title='bbox 776 1009 929 1068; x_wconf 76' lang='lat' dir='ltr'><strong>Socratem</strong></span> <span class='ocrx_word' id='word_1_64' title='bbox 953 1010 1045 1066; x_wconf 68' lang='lat' dir='ltr'>baem</span> <span class='ocrx_word' id='word_1_65' title='bbox 1067 1008 1157 1080; x_wconf 90' lang='lat' dir='ltr'>loqui.</span> <span class='ocrx_word' id='word_1_66' title='bbox 1200 1001 1319 1068; x_wconf 83' lang='lat' dir='ltr'>Pseud.</span> <span class='ocrx_word' id='word_1_67' title='bbox 1341 1000 1366 1078; x_wconf 85' lang='grc' dir='ltr'>Ι,</span> 
     </span>
     <span class='ocr_line' id='line_1_8' title="bbox 202 1104 1366 1182; baseline -0.003 -14"><span class='ocrx_word' id='word_1_68' title='bbox 202 1108 231 1179; x_wconf 93' lang='grc'>2,</span> <span class='ocrx_word' id='word_1_69' title='bbox 255 1108 311 1168; x_wconf 87' lang='grc'>25;</span> <span class='ocrx_word' id='word_1_70' title='bbox 340 1106 383 1165; x_wconf 85' lang='lat' dir='ltr'>Te</span> <span class='ocrx_word' id='word_1_71' title='bbox 405 1124 472 1166; x_wconf 75' lang='lat' dir='ltr'>mem</span> <span class='ocrx_word' id='word_1_72' title='bbox 491 1108 588 1166; x_wconf 81' lang='lat' dir='ltr'>securi</span> <span class='ocrx_word' id='word_1_73' title='bbox 610 1107 757 1168; x_wconf 69' lang='lat' dir='ltr'>cuodmua·</span> <span class='ocrx_word' id='word_1_74' title='bbox 779 1105 922 1182; x_wconf 90' lang='lat' dir='ltr'>praeficio</span> <span class='ocrx_word' id='word_1_75' title='bbox 944 1106 1123 1180; x_wconf 85' lang='lat' dir='ltr'>prouinciae.</span> <span class='ocrx_word' id='word_1_76' title='bbox 1160 1120 1191 1165; x_wconf 82' lang='grc' dir='ltr'><strong>ι.</strong></span> <span class='ocrx_word' id='word_1_77' title='bbox 1213 1106 1274 1165; x_wconf 85' lang='grc'>41.</span> <span class='ocrx_word' id='word_1_78' title='bbox 1307 1104 1366 1164; x_wconf 83' lang='lat' dir='ltr'>Vos</span> 
     </span>
     <span class='ocr_line' id='line_1_9' title="bbox 201 1203 1368 1280; baseline -0.002 -16"><span class='ocrx_word' id='word_1_79' title='bbox 201 1222 277 1280; x_wconf 88' lang='lat' dir='ltr'>quae</span> <span class='ocrx_word' id='word_1_80' title='bbox 300 1206 331 1264; x_wconf 92' lang='lat' dir='ltr'>in</span> <span class='ocrx_word' id='word_1_81' title='bbox 355 1205 508 1265; x_wconf 84' lang='lat' dir='ltr'>munditiis</span> <span class='ocrx_word' id='word_1_82' title='bbox 531 1207 666 1266; x_wconf 89' lang='lat' dir='ltr'>mollitiis</span> <span class='ocrx_word' id='word_1_83' title='bbox 689 1206 864 1278; x_wconf 82' lang='lat' dir='ltr'>deliciisque</span> <span class='ocrx_word' id='word_1_84' title='bbox 891 1204 1052 1262; x_wconf 89' lang='lat' dir='ltr'>aetatulam</span> <span class='ocrx_word' id='word_1_85' title='bbox 1075 1203 1162 1276; x_wconf 78' lang='lat' dir='ltr'>agitis</span> <span class='ocrx_word' id='word_1_86' title='bbox 1195 1203 1278 1263; x_wconf 79' lang='lat' dir='ltr'>Viris</span> <span class='ocrx_word' id='word_1_87' title='bbox 1304 1220 1368 1262; x_wconf 67' lang='lat' dir='ltr'>cun</span> 
     </span>
     <span class='ocr_line' id='line_1_10' title="bbox 200 1298 1365 1380; baseline -0.001 -18"><span class='ocrx_word' id='word_1_88' title='bbox 200 1302 331 1362; x_wconf 70' lang='lat' dir='ltr'>mio.</span> <span class='ocrx_word' id='word_1_89' title='bbox 381 1298 497 1365; x_wconf 83' lang='lat' dir='ltr'>Bacch.</span> <span class='ocrx_word' id='word_1_90' title='bbox 526 1300 570 1380; x_wconf 91' lang='grc' dir='ltr'>Π,</span> <span class='ocrx_word' id='word_1_91' title='bbox 599 1305 628 1379; x_wconf 88' lang='grc'>3,</span> <span class='ocrx_word' id='word_1_92' title='bbox 659 1305 707 1365; x_wconf 91' lang='grc'>70.</span> <span class='ocrx_word' id='word_1_93' title='bbox 741 1300 801 1380; x_wconf 91' lang='lat' dir='ltr'>IV,</span> <span class='ocrx_word' id='word_1_94' title='bbox 824 1307 860 1376; x_wconf 86' lang='lat'>7,</span> <span class='ocrx_word' id='word_1_95' title='bbox 887 1304 938 1362; x_wconf 88' lang='lat'>15:</span> <span class='ocrx_word' id='word_1_96' title='bbox 966 1309 999 1360; x_wconf 89' lang='lat' dir='ltr'>ut</span> <span class='ocrx_word' id='word_1_97' title='bbox 1023 1307 1238 1375; x_wconf 77' lang='lat' dir='ltr'>pergraecetur</span> <span class='ocrx_word' id='word_1_98' title='bbox 1266 1305 1365 1361; x_wconf 65' lang='lat' dir='ltr'>tecm</span> 
     </span>
     <span class='ocr_line' id='line_1_11' title="bbox 202 1395 1365 1476; baseline -0.003 -15"><span class='ocrx_word' id='word_1_99' title='bbox 202 1396 289 1462; x_wconf 75' lang='lat' dir='ltr'>Asin.</span> <span class='ocrx_word' id='word_1_100' title='bbox 311 1396 354 1476; x_wconf 92' lang='grc' dir='ltr'>ΙΙ,</span> <span class='ocrx_word' id='word_1_101' title='bbox 379 1402 408 1476; x_wconf 92' lang='grc'>2,</span> <span class='ocrx_word' id='word_1_102' title='bbox 430 1403 466 1462; x_wconf 84' lang='grc'>4;</span> <span class='ocrx_word' id='word_1_103' title='bbox 498 1400 623 1474; x_wconf 83' lang='lat' dir='ltr'>Quando</span> <span class='ocrx_word' id='word_1_104' title='bbox 646 1418 757 1460; x_wconf 69' lang='lat' dir='ltr'>nucum</span> <span class='ocrx_word' id='word_1_105' title='bbox 778 1402 893 1475; x_wconf 89' lang='lat' dir='ltr'>pariter</span> <span class='ocrx_word' id='word_1_106' title='bbox 916 1406 1030 1474; x_wconf 86' lang='lat' dir='ltr'>potant.</span> <span class='ocrx_word' id='word_1_107' title='bbox 1069 1395 1162 1460; x_wconf 75' lang='lat' dir='ltr'>Most</span> <span class='ocrx_word' id='word_1_108' title='bbox 1184 1395 1211 1474; x_wconf 91' lang='lat'>1,</span> <span class='ocrx_word' id='word_1_109' title='bbox 1235 1400 1265 1475; x_wconf 90' lang='grc'>3,</span> <span class='ocrx_word' id='word_1_110' title='bbox 1291 1401 1349 1462; x_wconf 85' lang='grc'>137</span> <span class='ocrx_word' id='word_1_111' title='bbox 1357 1418 1365 1458; x_wconf 92' lang='lat'><strong>:</strong></span> 
     </span>
     <span class='ocr_line' id='line_1_12' title="bbox 201 1497 1364 1572; baseline 0.001 -14"><span class='ocrx_word' id='word_1_112' title='bbox 201 1502 306 1572; x_wconf 90' lang='lat' dir='ltr'>potare</span> <span class='ocrx_word' id='word_1_113' title='bbox 331 1500 424 1558; x_wconf 64' lang='lat' dir='ltr'>uuum</span> <span class='ocrx_word' id='word_1_114' title='bbox 447 1500 658 1559; x_wconf 90' lang='lat' dir='ltr'>eonlnbitumst</span> <span class='ocrx_word' id='word_1_115' title='bbox 680 1500 761 1560; x_wconf 91' lang='lat' dir='ltr'>mibi.</span> <span class='ocrx_word' id='word_1_116' title='bbox 807 1514 835 1558; x_wconf 91' lang='grc' dir='ltr'>ιι.</span> <span class='ocrx_word' id='word_1_117' title='bbox 861 1499 937 1560; x_wconf 82' lang='grc'>138;</span> <span class='ocrx_word' id='word_1_118' title='bbox 966 1498 1008 1556; x_wconf 86' lang='lat' dir='ltr'>Et</span> <span class='ocrx_word' id='word_1_119' title='bbox 1035 1497 1142 1571; x_wconf 84' lang='lat' dir='ltr'>edepol</span> <span class='ocrx_word' id='word_1_120' title='bbox 1169 1497 1243 1555; x_wconf 88' lang='lat' dir='ltr'>mibi</span> <span class='ocrx_word' id='word_1_121' title='bbox 1264 1501 1364 1559; x_wconf 70' lang='lat' dir='ltr'>em.</span> 
     </span>
     <span class='ocr_line' id='line_1_13' title="bbox 200 1592 1366 1672; baseline -0.003 -15"><span class='ocrx_word' id='word_1_122' title='bbox 200 1592 296 1658; x_wconf 82' lang='lat' dir='ltr'>Most.</span> <span class='ocrx_word' id='word_1_123' title='bbox 325 1592 382 1672; x_wconf 92' lang='lat' dir='ltr'>IV,</span> <span class='ocrx_word' id='word_1_124' title='bbox 413 1597 442 1671; x_wconf 90' lang='grc'>2,</span> <span class='ocrx_word' id='word_1_125' title='bbox 468 1599 524 1660; x_wconf 84' lang='grc'>49;</span> <span class='ocrx_word' id='word_1_126' title='bbox 558 1598 617 1657; x_wconf 82' lang='lat' dir='ltr'>Ain</span> <span class='ocrx_word' id='word_1_127' title='bbox 650 1602 684 1655; x_wconf 89' lang='lat' dir='ltr'>tu</span> <span class='ocrx_word' id='word_1_128' title='bbox 712 1596 780 1655; x_wconf 90' lang='lat' dir='ltr'>istic</span> <span class='ocrx_word' id='word_1_129' title='bbox 819 1601 924 1671; x_wconf 90' lang='lat' dir='ltr'>potare</span> <span class='ocrx_word' id='word_1_130' title='bbox 954 1596 1073 1655; x_wconf 91' lang='lat' dir='ltr'>solitum</span> <span class='ocrx_word' id='word_1_131' title='bbox 1099 1594 1306 1654; x_wconf 74' lang='lat' dir='ltr'>Philolachem</span> <span class='ocrx_word' id='word_1_132' title='bbox 1327 1625 1366 1636; x_wconf 89' lang='lat'>-</span> 
     </span>
     <span class='ocr_line' id='line_1_14' title="bbox 203 1688 1364 1756; baseline -0.001 0"><span class='ocrx_word' id='word_1_133' title='bbox 203 1693 278 1756; x_wconf 71' lang='lat' dir='ltr'>Osos</span> <span class='ocrx_word' id='word_1_134' title='bbox 300 1709 350 1751; x_wconf 85' lang='lat' dir='ltr'>ero</span> <span class='ocrx_word' id='word_1_135' title='bbox 371 1695 492 1753; x_wconf 72' lang='lat' dir='ltr'>eostre?</span> <span class='ocrx_word' id='word_1_136' title='bbox 514 1709 543 1755; x_wconf 86' lang='lat' dir='ltr'>v.</span> <span class='ocrx_word' id='word_1_137' title='bbox 567 1695 621 1755; x_wconf 88' lang='lat'>61:</span> <span class='ocrx_word' id='word_1_138' title='bbox 646 1694 732 1754; x_wconf 88' lang='lat' dir='ltr'>simul</span> <span class='ocrx_word' id='word_1_139' title='bbox 756 1694 821 1753; x_wconf 82' lang='lat' dir='ltr'>Tuo</span> <span class='ocrx_word' id='word_1_140' title='bbox 843 1710 908 1753; x_wconf 82' lang='lat' dir='ltr'>cum</span> <span class='ocrx_word' id='word_1_141' title='bbox 930 1691 1067 1752; x_wconf 62' lang='lat' dir='ltr'>domim</span> <span class='ocrx_word' id='word_1_142' title='bbox 1087 1688 1201 1753; x_wconf 85' lang='lat' dir='ltr'>Pseud.</span> <span class='ocrx_word' id='word_1_143' title='bbox 1223 1707 1252 1753; x_wconf 90' lang='lat' dir='ltr'>v.</span> <span class='ocrx_word' id='word_1_144' title='bbox 1272 1694 1364 1755; x_wconf 78' lang='lat'><strong>1307:</strong></span> 
     </span>
     <span class='ocr_line' id='line_1_15' title="bbox 203 1787 1364 1866; baseline -0.002 -12"><span class='ocrx_word' id='word_1_145' title='bbox 203 1792 277 1854; x_wconf 64' lang='lat' dir='ltr'>am</span> <span class='ocrx_word' id='word_1_146' title='bbox 300 1795 350 1851; x_wconf 77' lang='lat' dir='ltr'>tuo</span> <span class='ocrx_word' id='word_1_147' title='bbox 372 1791 434 1862; x_wconf 77' lang='lat' dir='ltr'>filio</span> <span class='ocrx_word' id='word_1_148' title='bbox 457 1792 614 1866; x_wconf 87' lang='lat' dir='ltr'>perpotavi</span> <span class='ocrx_word' id='word_1_149' title='bbox 637 1791 733 1852; x_wconf 92' lang='lat' dir='ltr'>modo.</span> <span class='ocrx_word' id='word_1_150' title='bbox 777 1787 895 1853; x_wconf 85' lang='lat' dir='ltr'>Bacch.</span> <span class='ocrx_word' id='word_1_151' title='bbox 917 1788 961 1866; x_wconf 89' lang='lat' dir='ltr'>V,</span> <span class='ocrx_word' id='word_1_152' title='bbox 985 1792 1019 1866; x_wconf 90' lang='grc'>2,</span> <span class='ocrx_word' id='word_1_153' title='bbox 1047 1791 1102 1852; x_wconf 84' lang='grc'>62;</span> <span class='ocrx_word' id='word_1_154' title='bbox 1136 1789 1231 1850; x_wconf 87' lang='lat' dir='ltr'>Ibac</span> <span class='ocrx_word' id='word_1_155' title='bbox 1253 1807 1364 1852; x_wconf 67' lang='lat' dir='ltr'>mecum</span> 
     </span>
     <span class='ocr_line' id='line_1_16' title="bbox 200 1886 1361 1974; baseline 0.001 -26"><span class='ocrx_word' id='word_1_156' title='bbox 200 1890 290 1952; x_wconf 88' lang='lat' dir='ltr'>intro.</span> <span class='ocrx_word' id='word_1_157' title='bbox 335 1905 364 1950; x_wconf 86' lang='lat' dir='ltr'>v.</span> <span class='ocrx_word' id='word_1_158' title='bbox 394 1889 447 1950; x_wconf 82' lang='lat'>66:</span> <span class='ocrx_word' id='word_1_159' title='bbox 482 1890 547 1949; x_wconf 90' lang='lat' dir='ltr'>isne</span> <span class='ocrx_word' id='word_1_160' title='bbox 575 1889 631 1948; x_wconf 82' lang='lat' dir='ltr'>huc</span> <span class='ocrx_word' id='word_1_161' title='bbox 665 1906 779 1949; x_wconf 88' lang='lat' dir='ltr'>mecum</span> <span class='ocrx_word' id='word_1_162' title='bbox 807 1889 907 1949; x_wconf 87' lang='lat' dir='ltr'>intro?</span> <span class='ocrx_word' id='word_1_163' title='bbox 947 1886 1042 1951; x_wconf 82' lang='lat' dir='ltr'>Most.</span> <span class='ocrx_word' id='word_1_164' title='bbox 1071 1904 1099 1949; x_wconf 84' lang='lat' dir='ltr'>v.</span> <span class='ocrx_word' id='word_1_165' title='bbox 1121 1889 1215 1974; x_wconf 76' lang='grc' dir='ltr'>898ιΙ</span> <span class='ocrx_word' id='word_1_166' title='bbox 1236 1891 1361 1965; x_wconf 74' lang='lat' dir='ltr'>Mecum,</span> 
     </span>
     <span class='ocr_line' id='line_1_17' title="bbox 202 1982 1364 2064; baseline -0.001 -18"><span class='ocrx_word' id='word_1_167' title='bbox 202 2003 355 2063; x_wconf 85' lang='lat' dir='ltr'>pessume,</span> <span class='ocrx_word' id='word_1_168' title='bbox 383 1987 425 2046; x_wconf 90' lang='lat' dir='ltr'>ito</span> <span class='ocrx_word' id='word_1_169' title='bbox 447 1986 598 2048; x_wconf 86' lang='lat' dir='ltr'>advorsus.</span> <span class='ocrx_word' id='word_1_170' title='bbox 643 1982 698 2064; x_wconf 93' lang='lat' dir='ltr'>IV,</span> <span class='ocrx_word' id='word_1_171' title='bbox 722 1989 756 2063; x_wconf 89' lang='lat'>3,</span> <span class='ocrx_word' id='word_1_172' title='bbox 780 1990 838 2049; x_wconf 90' lang='lat'>43:</span> <span class='ocrx_word' id='word_1_173' title='bbox 877 1988 1039 2063; x_wconf 83' lang='lat' dir='ltr'>lmecum,</span> <span class='ocrx_word' id='word_1_174' title='bbox 1073 1994 1104 2045; x_wconf 89' lang='lat' dir='ltr'>te</span> <span class='ocrx_word' id='word_1_175' title='bbox 1130 1987 1275 2064; x_wconf 87' lang='lat' dir='ltr'>obsecro,</span> <span class='ocrx_word' id='word_1_176' title='bbox 1309 2005 1364 2047; x_wconf 84' lang='lat' dir='ltr'>uno</span> 
     </span>
     <span class='ocr_line' id='line_1_18' title="bbox 202 2079 1363 2160; baseline 0.001 -16"><span class='ocrx_word' id='word_1_177' title='bbox 202 2102 280 2145; x_wconf 92' lang='lat' dir='ltr'>nnnc</span> <span class='ocrx_word' id='word_1_178' title='bbox 305 2086 392 2145; x_wconf 85' lang='lat' dir='ltr'>simul</span> <span class='ocrx_word' id='word_1_179' title='bbox 417 2082 474 2160; x_wconf 84' lang='lat' dir='ltr'>(sic</span> <span class='ocrx_word' id='word_1_180' title='bbox 497 2079 715 2158; x_wconf 78' lang='lat' dir='ltr'>Bitschelius).</span> <span class='ocrx_word' id='word_1_181' title='bbox 757 2082 854 2147; x_wconf 88' lang='lat' dir='ltr'>Merc.</span> <span class='ocrx_word' id='word_1_182' title='bbox 879 2101 908 2146; x_wconf 88' lang='lat' dir='ltr'>v.</span> <span class='ocrx_word' id='word_1_183' title='bbox 931 2085 1009 2146; x_wconf 82' lang='lat'>462:</span> <span class='ocrx_word' id='word_1_184' title='bbox 1039 2086 1095 2143; x_wconf 88' lang='lat' dir='ltr'>Vin</span> <span class='ocrx_word' id='word_1_185' title='bbox 1119 2102 1165 2145; x_wconf 92' lang='lat' dir='ltr'>me</span> <span class='ocrx_word' id='word_1_186' title='bbox 1197 2089 1292 2145; x_wconf 78' lang='lat' dir='ltr'>tecum</span> <span class='ocrx_word' id='word_1_187' title='bbox 1312 2086 1363 2146; x_wconf 92' lang='lat' dir='ltr'>illo</span> 
     </span>
     <span class='ocr_line' id='line_1_19' title="bbox 201 2178 1363 2262; baseline 0.003 -20"><span class='ocrx_word' id='word_1_188' title='bbox 201 2182 267 2243; x_wconf 82' lang='lat' dir='ltr'>ire?</span> <span class='ocrx_word' id='word_1_189' title='bbox 310 2178 349 2262; x_wconf 89' lang='lat' dir='ltr'>V,</span> <span class='ocrx_word' id='word_1_190' title='bbox 373 2186 402 2260; x_wconf 88' lang='grc'>2,</span> <span class='ocrx_word' id='word_1_191' title='bbox 426 2186 480 2245; x_wconf 86' lang='grc'>27;</span> <span class='ocrx_word' id='word_1_192' title='bbox 505 2184 583 2257; x_wconf 81' lang='lat' dir='ltr'>Quid</span> <span class='ocrx_word' id='word_1_193' title='bbox 605 2200 652 2242; x_wconf 91' lang='lat' dir='ltr'>me</span> <span class='ocrx_word' id='word_1_194' title='bbox 675 2181 785 2243; x_wconf 86' lang='lat' dir='ltr'>voltis?</span> <span class='ocrx_word' id='word_1_195' title='bbox 818 2178 887 2245; x_wconf 89' lang='lat' dir='ltr'>EU.</span> <span class='ocrx_word' id='word_1_196' title='bbox 915 2184 964 2242; x_wconf 90' lang='lat' dir='ltr'>lre</span> <span class='ocrx_word' id='word_1_197' title='bbox 988 2186 1088 2245; x_wconf 82' lang='lat' dir='ltr'>tecum.</span> <span class='ocrx_word' id='word_1_198' title='bbox 1133 2180 1232 2245; x_wconf 86' lang='lat' dir='ltr'>Mero.</span> <span class='ocrx_word' id='word_1_199' title='bbox 1253 2180 1310 2261; x_wconf 94' lang='lat' dir='ltr'>IV,</span> <span class='ocrx_word' id='word_1_200' title='bbox 1337 2186 1363 2255; x_wconf 92' lang='lat' dir='ltr'>l,</span> 
     </span>
     <span class='ocr_line' id='line_1_20' title="bbox 202 2276 1363 2358; baseline -0.002 -14"><span class='ocrx_word' id='word_1_201' title='bbox 202 2283 260 2344; x_wconf 78' lang='lat'>23:</span> <span class='ocrx_word' id='word_1_202' title='bbox 283 2282 323 2341; x_wconf 87' lang='lat' dir='ltr'>Ei</span> <span class='ocrx_word' id='word_1_203' title='bbox 347 2279 437 2358; x_wconf 61' lang='grc' dir='ltr'>(εἰ)</span> <span class='ocrx_word' id='word_1_204' title='bbox 460 2283 517 2342; x_wconf 87' lang='lat' dir='ltr'>bac</span> <span class='ocrx_word' id='word_1_205' title='bbox 539 2298 659 2342; x_wconf 83' lang='lat' dir='ltr'>meeum.</span> <span class='ocrx_word' id='word_1_206' title='bbox 682 2276 766 2343; x_wconf 87' lang='lat' dir='ltr'>Men.</span> <span class='ocrx_word' id='word_1_207' title='bbox 791 2276 830 2357; x_wconf 96' lang='lat' dir='ltr'>V,</span> <span class='ocrx_word' id='word_1_208' title='bbox 843 2284 872 2357; x_wconf 93' lang='grc'>7,</span> <span class='ocrx_word' id='word_1_209' title='bbox 895 2283 951 2342; x_wconf 90' lang='lat'>45:</span> <span class='ocrx_word' id='word_1_210' title='bbox 975 2298 1033 2340; x_wconf 92' lang='lat' dir='ltr'>una</span> <span class='ocrx_word' id='word_1_211' title='bbox 1054 2284 1146 2341; x_wconf 81' lang='lat' dir='ltr'>tecum</span> <span class='ocrx_word' id='word_1_212' title='bbox 1167 2282 1217 2341; x_wconf 95' lang='lat' dir='ltr'>ibo</span> <span class='ocrx_word' id='word_1_213' title='bbox 1241 2281 1363 2342; x_wconf 91' lang='lat' dir='ltr'>domum.</span> 
     </span>
     <span class='ocr_line' id='line_1_21' title="bbox 199 2375 1363 2455; baseline -0.002 -13"><span class='ocrx_word' id='word_1_214' title='bbox 199 2376 314 2442; x_wconf 86' lang='lat' dir='ltr'>Pseud.</span> <span class='ocrx_word' id='word_1_215' title='bbox 338 2397 367 2443; x_wconf 88' lang='lat' dir='ltr'>v.</span> <span class='ocrx_word' id='word_1_216' title='bbox 394 2382 483 2443; x_wconf 87' lang='lat'>1031.</span> <span class='ocrx_word' id='word_1_217' title='bbox 529 2375 643 2443; x_wconf 85' lang='lat' dir='ltr'>Bacch.</span> <span class='ocrx_word' id='word_1_218' title='bbox 666 2375 721 2455; x_wconf 89' lang='lat' dir='ltr'>IV,</span> <span class='ocrx_word' id='word_1_219' title='bbox 745 2380 780 2455; x_wconf 92' lang='grc'>8,</span> <span class='ocrx_word' id='word_1_220' title='bbox 813 2380 865 2442; x_wconf 90' lang='lat'>19:</span> <span class='ocrx_word' id='word_1_221' title='bbox 897 2380 1055 2438; x_wconf 90' lang='lat' dir='ltr'>cubantem</span> <span class='ocrx_word' id='word_1_222' title='bbox 1084 2397 1150 2439; x_wconf 83' lang='lat' dir='ltr'>cum</span> <span class='ocrx_word' id='word_1_223' title='bbox 1175 2379 1239 2442; x_wconf 72' lang='lat' dir='ltr'>cun.</span> <span class='ocrx_word' id='word_1_224' title='bbox 1263 2396 1292 2442; x_wconf 85' lang='lat' dir='ltr'>v.</span> <span class='ocrx_word' id='word_1_225' title='bbox 1318 2383 1363 2442; x_wconf 86' lang='lat'>55.</span> 
     </span>
     <span class='ocr_line' id='line_1_22' title="bbox 200 2473 1363 2556; baseline -0.003 -16"><span class='ocrx_word' id='word_1_226' title='bbox 200 2475 315 2542; x_wconf 81' lang='lat' dir='ltr'>Bacch.</span> <span class='ocrx_word' id='word_1_227' title='bbox 332 2475 388 2556; x_wconf 94' lang='lat' dir='ltr'>IV,</span> <span class='ocrx_word' id='word_1_228' title='bbox 411 2481 440 2555; x_wconf 88' lang='grc'>9,</span> <span class='ocrx_word' id='word_1_229' title='bbox 463 2480 518 2541; x_wconf 89' lang='lat'>86:</span> <span class='ocrx_word' id='word_1_230' title='bbox 544 2477 629 2554; x_wconf 80' lang='lat' dir='ltr'>Quod</span> <span class='ocrx_word' id='word_1_231' title='bbox 651 2494 717 2536; x_wconf 75' lang='lat' dir='ltr'>mem</span> <span class='ocrx_word' id='word_1_232' title='bbox 739 2477 894 2552; x_wconf 80' lang='lat' dir='ltr'>peregrini</span> <span class='ocrx_word' id='word_1_233' title='bbox 915 2478 1004 2538; x_wconf 92' lang='lat' dir='ltr'>cubui</span> <span class='ocrx_word' id='word_1_234' title='bbox 1025 2494 1117 2539; x_wconf 77' lang='lat' dir='ltr'>auore</span> <span class='ocrx_word' id='word_1_235' title='bbox 1132 2478 1245 2539; x_wconf 91' lang='lat' dir='ltr'>militis.</span> <span class='ocrx_word' id='word_1_236' title='bbox 1269 2473 1363 2542; x_wconf 84' lang='lat' dir='ltr'>Stich.</span> 
     </span>
     <span class='ocr_line' id='line_1_23' title="bbox 202 2573 1363 2653; baseline 0 -13"><span class='ocrx_word' id='word_1_237' title='bbox 202 2573 256 2653; x_wconf 91' lang='lat' dir='ltr'>IV,</span> <span class='ocrx_word' id='word_1_238' title='bbox 282 2579 309 2653; x_wconf 88' lang='lat' dir='ltr'>l,</span> <span class='ocrx_word' id='word_1_239' title='bbox 332 2580 387 2638; x_wconf 87' lang='lat'>41:</span> <span class='ocrx_word' id='word_1_240' title='bbox 410 2579 487 2637; x_wconf 89' lang='lat' dir='ltr'>bene</span> <span class='ocrx_word' id='word_1_241' title='bbox 509 2576 628 2649; x_wconf 61' lang='lat' dir='ltr'>cubum</span> <span class='ocrx_word' id='word_1_242' title='bbox 650 2576 810 2636; x_wconf 86' lang='lat' dir='ltr'>cubitaros.</span> <span class='ocrx_word' id='word_1_243' title='bbox 835 2591 864 2636; x_wconf 84' lang='grc' dir='ltr'><strong>ι.</strong></span> <span class='ocrx_word' id='word_1_244' title='bbox 885 2578 942 2637; x_wconf 81' lang='lat'>42:</span> <span class='ocrx_word' id='word_1_245' title='bbox 965 2575 1244 2649; x_wconf 62' lang='lat' dir='ltr'>commeabilem</span> <span class='ocrx_word' id='word_1_246' title='bbox 1266 2574 1363 2639; x_wconf 80' lang='lat' dir='ltr'>Marc</span> 
     </span>
     <span class='ocr_line' id='line_1_24' title="bbox 201 2670 1361 2750; baseline -0.002 -14"><span class='ocrx_word' id='word_1_247' title='bbox 201 2692 230 2736; x_wconf 90' lang='lat' dir='ltr'>v.</span> <span class='ocrx_word' id='word_1_248' title='bbox 255 2675 332 2736; x_wconf 86' lang='lat'><strong>538:</strong></span> <span class='ocrx_word' id='word_1_249' title='bbox 355 2675 455 2733; x_wconf 87' lang='lat' dir='ltr'>Etiam</span> <span class='ocrx_word' id='word_1_250' title='bbox 478 2691 543 2734; x_wconf 81' lang='lat' dir='ltr'>cum</span> <span class='ocrx_word' id='word_1_251' title='bbox 564 2690 657 2733; x_wconf 80' lang='lat' dir='ltr'>acore</span> <span class='ocrx_word' id='word_1_252' title='bbox 678 2691 738 2733; x_wconf 95' lang='lat' dir='ltr'>non</span> <span class='ocrx_word' id='word_1_253' title='bbox 761 2671 872 2732; x_wconf 83' lang='lat' dir='ltr'>cubet?</span> <span class='ocrx_word' id='word_1_254' title='bbox 898 2670 1012 2736; x_wconf 90' lang='lat' dir='ltr'>Bacch.</span> <span class='ocrx_word' id='word_1_255' title='bbox 1036 2671 1090 2748; x_wconf 90' lang='lat' dir='ltr'>lv,</span> <span class='ocrx_word' id='word_1_256' title='bbox 1113 2676 1144 2750; x_wconf 89' lang='lat'>8,</span> <span class='ocrx_word' id='word_1_257' title='bbox 1166 2676 1223 2739; x_wconf 83' lang='lat'>24:</span> <span class='ocrx_word' id='word_1_258' title='bbox 1246 2675 1361 2735; x_wconf 85' lang='lat' dir='ltr'>Pacisci</span> 
     </span>
     <span class='ocr_line' id='line_1_25' title="bbox 201 2769 1363 2849; baseline -0.001 -16"><span class='ocrx_word' id='word_1_259' title='bbox 201 2789 267 2833; x_wconf 83' lang='lat' dir='ltr'>cum</span> <span class='ocrx_word' id='word_1_260' title='bbox 287 2771 340 2830; x_wconf 79' lang='lat' dir='ltr'>illo</span> <span class='ocrx_word' id='word_1_261' title='bbox 362 2774 483 2846; x_wconf 89' lang='lat' dir='ltr'>paulula</span> <span class='ocrx_word' id='word_1_262' title='bbox 505 2773 633 2846; x_wconf 87' lang='lat' dir='ltr'>pecunia</span> <span class='ocrx_word' id='word_1_263' title='bbox 654 2773 746 2832; x_wconf 91' lang='lat' dir='ltr'>Potis.</span> <span class='ocrx_word' id='word_1_264' title='bbox 785 2770 824 2833; x_wconf 86' lang='lat' dir='ltr'>cf.</span> <span class='ocrx_word' id='word_1_265' title='bbox 848 2790 873 2832; x_wconf 87' lang='lat' dir='ltr'>u.</span> <span class='ocrx_word' id='word_1_266' title='bbox 898 2775 948 2832; x_wconf 86' lang='lat'>29.</span> <span class='ocrx_word' id='word_1_267' title='bbox 983 2769 1080 2834; x_wconf 89' lang='lat' dir='ltr'>Stich.</span> <span class='ocrx_word' id='word_1_268' title='bbox 1103 2769 1159 2848; x_wconf 92' lang='lat' dir='ltr'>IV,</span> <span class='ocrx_word' id='word_1_269' title='bbox 1187 2775 1212 2849; x_wconf 96' lang='lat' dir='ltr'>l,</span> <span class='ocrx_word' id='word_1_270' title='bbox 1241 2776 1294 2835; x_wconf 88' lang='lat'>13:</span> <span class='ocrx_word' id='word_1_271' title='bbox 1319 2780 1363 2833; x_wconf 88' lang='lat' dir='ltr'>set</span> 
     </span>
     <span class='ocr_line' id='line_1_26' title="bbox 204 2869 1362 2947; baseline 0.001 -17"><span class='ocrx_word' id='word_1_272' title='bbox 204 2871 302 2931; x_wconf 84' lang='lat' dir='ltr'>satine</span> <span class='ocrx_word' id='word_1_273' title='bbox 333 2873 426 2929; x_wconf 84' lang='lat' dir='ltr'>tecum</span> <span class='ocrx_word' id='word_1_274' title='bbox 454 2869 628 2945; x_wconf 89' lang='lat' dir='ltr'>pacificatus</span> <span class='ocrx_word' id='word_1_275' title='bbox 659 2888 739 2947; x_wconf 89' lang='lat' dir='ltr'>sum,</span> <span class='ocrx_word' id='word_1_276' title='bbox 772 2869 926 2944; x_wconf 84' lang='lat' dir='ltr'>Antipho?</span> <span class='ocrx_word' id='word_1_277' title='bbox 969 2887 996 2931; x_wconf 93' lang='grc' dir='ltr'>ιι.</span> <span class='ocrx_word' id='word_1_278' title='bbox 1024 2874 1099 2934; x_wconf 83' lang='grc'><strong>519;</strong></span> <span class='ocrx_word' id='word_1_279' title='bbox 1137 2872 1199 2930; x_wconf 84' lang='lat' dir='ltr'>Pax</span> <span class='ocrx_word' id='word_1_280' title='bbox 1221 2889 1362 2932; x_wconf 88' lang='lat' dir='ltr'>commer-</span> 
     </span>
     <span class='ocr_line' id='line_1_27' title="bbox 202 2963 1364 3043; baseline 0.001 -16"><span class='ocrx_word' id='word_1_281' title='bbox 202 2968 368 3041; x_wconf 85' lang='lat' dir='ltr'>ciumquest</span> <span class='ocrx_word' id='word_1_282' title='bbox 389 2967 472 3028; x_wconf 82' lang='lat' dir='ltr'>uobis</span> <span class='ocrx_word' id='word_1_283' title='bbox 495 2983 614 3027; x_wconf 69' lang='lat' dir='ltr'>messem</span> <span class='ocrx_word' id='word_1_284' title='bbox 666 2964 761 3029; x_wconf 87' lang='lat' dir='ltr'>Most.</span> <span class='ocrx_word' id='word_1_285' title='bbox 786 2963 828 3040; x_wconf 93' lang='grc' dir='ltr'>ΙΙ,</span> <span class='ocrx_word' id='word_1_286' title='bbox 852 2970 881 3043; x_wconf 90' lang='grc'>2,</span> <span class='ocrx_word' id='word_1_287' title='bbox 904 2968 963 3029; x_wconf 81' lang='lat'>82:</span> <span class='ocrx_word' id='word_1_288' title='bbox 994 2986 1053 3043; x_wconf 83' lang='lat' dir='ltr'>pax</span> <span class='ocrx_word' id='word_1_289' title='bbox 1078 2970 1180 3028; x_wconf 88' lang='lat' dir='ltr'>mihist</span> <span class='ocrx_word' id='word_1_290' title='bbox 1204 2986 1272 3028; x_wconf 86' lang='lat' dir='ltr'>eam</span> <span class='ocrx_word' id='word_1_291' title='bbox 1290 2987 1364 3028; x_wconf 80' lang='lat' dir='ltr'>mor-</span> 
     </span>
     <span class='ocr_line' id='line_1_28' title="bbox 202 3061 1360 3142; baseline 0.003 -18"><span class='ocrx_word' id='word_1_292' title='bbox 202 3065 270 3126; x_wconf 79' lang='lat' dir='ltr'>tuis.</span> <span class='ocrx_word' id='word_1_293' title='bbox 315 3061 412 3127; x_wconf 87' lang='lat' dir='ltr'>Merc.</span> <span class='ocrx_word' id='word_1_294' title='bbox 435 3082 465 3127; x_wconf 89' lang='grc' dir='ltr'>ιι.</span> <span class='ocrx_word' id='word_1_295' title='bbox 488 3067 563 3128; x_wconf 89' lang='lat'>954:</span> <span class='ocrx_word' id='word_1_296' title='bbox 599 3066 706 3126; x_wconf 89' lang='lat' dir='ltr'>Pacem</span> <span class='ocrx_word' id='word_1_297' title='bbox 730 3066 867 3139; x_wconf 93' lang='lat' dir='ltr'>componi</span> <span class='ocrx_word' id='word_1_298' title='bbox 889 3067 955 3126; x_wconf 87' lang='lat' dir='ltr'>uolo</span> <span class='ocrx_word' id='word_1_299' title='bbox 978 3068 1047 3126; x_wconf 81' lang='lat' dir='ltr'>Meo</span> <span class='ocrx_word' id='word_1_300' title='bbox 1068 3068 1149 3142; x_wconf 88' lang='lat' dir='ltr'>patri</span> <span class='ocrx_word' id='word_1_301' title='bbox 1171 3084 1239 3125; x_wconf 73' lang='lat' dir='ltr'>erum</span> <span class='ocrx_word' id='word_1_302' title='bbox 1260 3072 1360 3129; x_wconf 79' lang='lat' dir='ltr'>moire.</span> 
     </span>
     <span class='ocr_line' id='line_1_29' title="bbox 203 3157 522 3242; baseline 0.006 -19"><span class='ocrx_word' id='word_1_303' title='bbox 203 3157 300 3224; x_wconf 83' lang='lat' dir='ltr'>Mero.</span> <span class='ocrx_word' id='word_1_304' title='bbox 323 3179 351 3225; x_wconf 91' lang='lat' dir='ltr'>v.</span> <span class='ocrx_word' id='word_1_305' title='bbox 377 3165 437 3224; x_wconf 88' lang='lat'>536</span> <span class='ocrx_word' id='word_1_306' title='bbox 460 3179 522 3242; x_wconf 86' lang='lat' dir='ltr'>sq.:</span> 
     </span>
     <span class='ocr_line' id='line_1_30' title="bbox 330 3261 1321 3341; baseline 0.004 -21"><span class='ocrx_word' id='word_1_307' title='bbox 330 3262 413 3320; x_wconf 92' lang='lat' dir='ltr'>Inter</span> <span class='ocrx_word' id='word_1_308' title='bbox 436 3279 489 3321; x_wconf 92' lang='lat' dir='ltr'>nos</span> <span class='ocrx_word' id='word_1_309' title='bbox 505 3264 731 3335; x_wconf 85' lang='lat' dir='ltr'>coniurauimus,</span> <span class='ocrx_word' id='word_1_310' title='bbox 755 3263 813 3322; x_wconf 92' lang='lat' dir='ltr'>nisi</span> <span class='ocrx_word' id='word_1_311' title='bbox 835 3261 973 3321; x_wconf 75' lang='lat' dir='ltr'>aemilio</span> <span class='ocrx_word' id='word_1_312' title='bbox 996 3279 1051 3336; x_wconf 84' lang='lat' dir='ltr'>ego</span> <span class='ocrx_word' id='word_1_313' title='bbox 1073 3269 1103 3321; x_wconf 88' lang='lat' dir='ltr'>et</span> <span class='ocrx_word' id='word_1_314' title='bbox 1125 3263 1177 3323; x_wconf 92' lang='lat' dir='ltr'>ille</span> <span class='ocrx_word' id='word_1_315' title='bbox 1198 3281 1321 3341; x_wconf 67' lang='lat' dir='ltr'>mm,</span> 
     </span>
     <span class='ocr_line' id='line_1_31' title="bbox 328 3360 937 3435; baseline 0.003 -17"><span class='ocrx_word' id='word_1_316' title='bbox 328 3360 442 3420; x_wconf 87' lang='lat' dir='ltr'>Neuter</span> <span class='ocrx_word' id='word_1_317' title='bbox 465 3361 560 3435; x_wconf 89' lang='lat' dir='ltr'>stupri</span> <span class='ocrx_word' id='word_1_318' title='bbox 584 3378 674 3420; x_wconf 90' lang='lat' dir='ltr'>causa</span> <span class='ocrx_word' id='word_1_319' title='bbox 696 3368 787 3434; x_wconf 87' lang='lat' dir='ltr'>caput</span> <span class='ocrx_word' id='word_1_320' title='bbox 810 3361 937 3421; x_wconf 87' lang='lat' dir='ltr'>limaret.</span> 
     </span>
     <span class='ocr_line' id='line_1_32' title="bbox 199 3452 1360 3535; baseline 0.002 -17"><span class='ocrx_word' id='word_1_321' title='bbox 199 3452 295 3519; x_wconf 78' lang='lat' dir='ltr'>Poclu</span> <span class='ocrx_word' id='word_1_322' title='bbox 318 3453 344 3534; x_wconf 94' lang='lat' dir='ltr'>I,</span> <span class='ocrx_word' id='word_1_323' title='bbox 367 3459 396 3535; x_wconf 90' lang='grc'>2,</span> <span class='ocrx_word' id='word_1_324' title='bbox 421 3461 475 3520; x_wconf 83' lang='lat'>79:</span> <span class='ocrx_word' id='word_1_325' title='bbox 498 3474 564 3516; x_wconf 84' lang='lat' dir='ltr'>cum</span> <span class='ocrx_word' id='word_1_326' title='bbox 584 3457 702 3532; x_wconf 60' lang='lat' dir='ltr'>alneu)</span> <span class='ocrx_word' id='word_1_327' title='bbox 727 3476 876 3532; x_wconf 87' lang='lat' dir='ltr'>nunquam</span> <span class='ocrx_word' id='word_1_328' title='bbox 892 3460 991 3518; x_wconf 83' lang='lat' dir='ltr'>limavi</span> <span class='ocrx_word' id='word_1_329' title='bbox 1008 3466 1106 3532; x_wconf 91' lang='lat' dir='ltr'>caput.</span> <span class='ocrx_word' id='word_1_330' title='bbox 1130 3456 1244 3522; x_wconf 74' lang='lat' dir='ltr'>Baccla</span> <span class='ocrx_word' id='word_1_331' title='bbox 1262 3477 1291 3524; x_wconf 89' lang='lat' dir='ltr'>v.</span> <span class='ocrx_word' id='word_1_332' title='bbox 1310 3463 1360 3522; x_wconf 82' lang='lat'>17:</span> 
     </span>
     <span class='ocr_line' id='line_1_33' title="bbox 205 3551 1091 3632; baseline 0.001 -18"><span class='ocrx_word' id='word_1_333' title='bbox 205 3571 261 3615; x_wconf 89' lang='lat' dir='ltr'>nec</span> <span class='ocrx_word' id='word_1_334' title='bbox 283 3572 349 3615; x_wconf 85' lang='lat' dir='ltr'>cum</span> <span class='ocrx_word' id='word_1_335' title='bbox 371 3556 512 3628; x_wconf 79' lang='lat' dir='ltr'>quiquam</span> <span class='ocrx_word' id='word_1_336' title='bbox 534 3558 655 3616; x_wconf 87' lang='lat' dir='ltr'>limares</span> <span class='ocrx_word' id='word_1_337' title='bbox 679 3566 778 3630; x_wconf 88' lang='lat' dir='ltr'>capnt.</span> <span class='ocrx_word' id='word_1_338' title='bbox 824 3551 895 3618; x_wconf 86' lang='lat' dir='ltr'>Cas.</span> <span class='ocrx_word' id='word_1_339' title='bbox 917 3552 960 3632; x_wconf 80' lang='grc' dir='ltr'>ΙΙ,</span> <span class='ocrx_word' id='word_1_340' title='bbox 984 3559 1013 3629; x_wconf 86' lang='grc'>2,</span> <span class='ocrx_word' id='word_1_341' title='bbox 1040 3558 1091 3618; x_wconf 87' lang='lat'>13:</span> 
     </span>
     <span class='ocr_line' id='line_1_34' title="bbox 935 3656 1148 3714; baseline 0.005 -2"><span class='ocrx_word' id='word_1_342' title='bbox 935 3672 1002 3712; x_wconf 91' lang='lat' dir='ltr'>nam</span> <span class='ocrx_word' id='word_1_343' title='bbox 1025 3656 1148 3714; x_wconf 86' lang='lat' dir='ltr'>vicinam</span> 
     </span>
     <span class='ocr_line' id='line_1_35' title="bbox 366 3751 1022 3829; baseline 0.002 -20"><span class='ocrx_word' id='word_1_344' title='bbox 366 3751 520 3810; x_wconf 89' lang='lat' dir='ltr'>Neminem</span> <span class='ocrx_word' id='word_1_345' title='bbox 544 3769 609 3813; x_wconf 89' lang='lat' dir='ltr'>amo</span> <span class='ocrx_word' id='word_1_346' title='bbox 633 3755 739 3813; x_wconf 91' lang='lat' dir='ltr'>merito</span> <span class='ocrx_word' id='word_1_347' title='bbox 762 3770 846 3827; x_wconf 81' lang='lat' dir='ltr'>mago</span> <span class='ocrx_word' id='word_1_348' title='bbox 870 3770 957 3827; x_wconf 89' lang='lat' dir='ltr'>quam</span> <span class='ocrx_word' id='word_1_349' title='bbox 982 3758 1022 3829; x_wconf 88' lang='lat' dir='ltr'>te,</span> 
     </span>
     <span class='ocr_line' id='line_1_36' title="bbox 368 3848 1189 3927; baseline 0.004 -21"><span class='ocrx_word' id='word_1_350' title='bbox 368 3848 431 3908; x_wconf 86' lang='lat' dir='ltr'>Nec</span> <span class='ocrx_word' id='word_1_351' title='bbox 454 3866 581 3921; x_wconf 78' lang='lat' dir='ltr'>quacum</span> <span class='ocrx_word' id='word_1_352' title='bbox 601 3854 689 3926; x_wconf 87' lang='lat' dir='ltr'>plura</span> <span class='ocrx_word' id='word_1_353' title='bbox 711 3858 781 3910; x_wconf 92' lang='lat' dir='ltr'>sunt</span> <span class='ocrx_word' id='word_1_354' title='bbox 802 3850 887 3927; x_wconf 91' lang='lat' dir='ltr'>mihi,</span> <span class='ocrx_word' id='word_1_355' title='bbox 915 3868 991 3925; x_wconf 87' lang='lat' dir='ltr'>quae</span> <span class='ocrx_word' id='word_1_356' title='bbox 1015 3868 1069 3926; x_wconf 81' lang='lat' dir='ltr'>ego</span> <span class='ocrx_word' id='word_1_357' title='bbox 1092 3851 1189 3924; x_wconf 87' lang='lat' dir='ltr'>uelim,</span> 
     </span>
    </p>

    <p class='ocr_par' dir='ltr' id='par_1_3' title="bbox 199 3942 1359 4221">
     <span class='ocr_line' id='line_1_37' title="bbox 200 3942 1358 4027; baseline 0.003 -20"><span class='ocrx_word' id='word_1_358' title='bbox 200 3943 239 4008; x_wconf 89' lang='lat' dir='ltr'>de</span> <span class='ocrx_word' id='word_1_359' title='bbox 261 3962 325 4024; x_wconf 87' lang='lat' dir='ltr'>qua</span> <span class='ocrx_word' id='word_1_360' title='bbox 345 3942 483 4008; x_wconf 85' lang='lat' dir='ltr'>formula</span> <span class='ocrx_word' id='word_1_361' title='bbox 503 3944 652 4026; x_wconf 86' lang='lat' dir='ltr'>loquendi</span> <span class='ocrx_word' id='word_1_362' title='bbox 680 3945 752 4010; x_wconf 88' lang='lat' dir='ltr'>vide</span> <span class='ocrx_word' id='word_1_363' title='bbox 781 3944 985 4010; x_wconf 86' lang='lat' dir='ltr'>Gronovium.</span> <span class='ocrx_word' id='word_1_364' title='bbox 1030 3944 1144 4010; x_wconf 87' lang='lat' dir='ltr'>Bacch.</span> <span class='ocrx_word' id='word_1_365' title='bbox 1173 3945 1229 4027; x_wconf 91' lang='lat' dir='ltr'>IV,</span> <span class='ocrx_word' id='word_1_366' title='bbox 1253 3953 1283 4026; x_wconf 88' lang='lat'>9,</span> <span class='ocrx_word' id='word_1_367' title='bbox 1310 3953 1358 4011; x_wconf 81' lang='lat' dir='ltr'>lb:</span> 
     </span>
     <span class='ocr_line' id='line_1_38' title="bbox 199 4043 1358 4125; baseline 0.004 -23"><span class='ocrx_word' id='word_1_368' title='bbox 199 4043 379 4104; x_wconf 90' lang='lat' dir='ltr'>Bacchidem</span> <span class='ocrx_word' id='word_1_369' title='bbox 401 4045 490 4105; x_wconf 90' lang='lat' dir='ltr'>babet</span> <span class='ocrx_word' id='word_1_370' title='bbox 512 4062 616 4106; x_wconf 69' lang='lat' dir='ltr'>seeum</span> <span class='ocrx_word' id='word_1_371' title='bbox 661 4043 703 4124; x_wconf 88' lang='lat' dir='ltr'>V,</span> <span class='ocrx_word' id='word_1_372' title='bbox 729 4049 763 4125; x_wconf 92' lang='grc'>2,</span> <span class='ocrx_word' id='word_1_373' title='bbox 791 4047 849 4108; x_wconf 84' lang='lat'>48:</span> <span class='ocrx_word' id='word_1_374' title='bbox 879 4065 916 4106; x_wconf 90' lang='lat' dir='ltr'>an</span> <span class='ocrx_word' id='word_1_375' title='bbox 944 4064 999 4120; x_wconf 75' lang='lat' dir='ltr'>ego</span> <span class='ocrx_word' id='word_1_376' title='bbox 1028 4047 1166 4120; x_wconf 83' lang='lat' dir='ltr'>experior</span> <span class='ocrx_word' id='word_1_377' title='bbox 1188 4051 1282 4110; x_wconf 64' lang='lat' dir='ltr'>mm</span> <span class='ocrx_word' id='word_1_378' title='bbox 1303 4051 1358 4108; x_wconf 84' lang='lat' dir='ltr'>uim</span> 
     </span>
     <span class='ocr_line' id='line_1_39' title="bbox 200 4138 1359 4221; baseline 0.006 -22"><span class='ocrx_word' id='word_1_379' title='bbox 200 4141 361 4201; x_wconf 83' lang='lat' dir='ltr'>maiorem?</span> <span class='ocrx_word' id='word_1_380' title='bbox 383 4138 480 4207; x_wconf 90' lang='lat' dir='ltr'>Stich.</span> <span class='ocrx_word' id='word_1_381' title='bbox 504 4159 531 4204; x_wconf 88' lang='grc' dir='ltr'>ιι.</span> <span class='ocrx_word' id='word_1_382' title='bbox 555 4145 605 4205; x_wconf 88' lang='lat'>64.</span> <span class='ocrx_word' id='word_1_383' title='bbox 634 4141 750 4207; x_wconf 89' lang='lat' dir='ltr'>Pseud.</span> <span class='ocrx_word' id='word_1_384' title='bbox 773 4140 799 4221; x_wconf 92' lang='lat'>1,</span> <span class='ocrx_word' id='word_1_385' title='bbox 823 4148 851 4220; x_wconf 88' lang='grc'>3,</span> <span class='ocrx_word' id='word_1_386' title='bbox 876 4146 933 4206; x_wconf 82' lang='lat'>78:</span> <span class='ocrx_word' id='word_1_387' title='bbox 962 4145 1086 4219; x_wconf 89' lang='lat' dir='ltr'>Semper</span> <span class='ocrx_word' id='word_1_388' title='bbox 1108 4150 1140 4204; x_wconf 88' lang='lat' dir='ltr'>tu</span> <span class='ocrx_word' id='word_1_389' title='bbox 1163 4146 1202 4206; x_wconf 88' lang='lat' dir='ltr'>ad</span> <span class='ocrx_word' id='word_1_390' title='bbox 1224 4164 1270 4206; x_wconf 87' lang='lat' dir='ltr'>me</span> <span class='ocrx_word' id='word_1_391' title='bbox 1294 4164 1359 4206; x_wconf 75' lang='lat' dir='ltr'>eum</span> 
     </span>
    </p>
   </div>
   <div class='ocr_carea' id='block_1_3' title="bbox 206 4289 361 4298">
    <p class='ocr_par' dir='ltr' id='par_1_4' title="bbox 206 4289 361 4298">
     <span class='ocr_line' id='line_1_40' title="bbox 206 4289 361 4298; baseline 0.006 -1"><span class='ocrx_word' id='word_1_392' title='bbox 206 4289 277 4297; x_wconf 80' lang='lat'><em>——--</em></span> <span class='ocrx_word' id='word_1_393' title='bbox 286 4293 339 4298; x_wconf 73' lang='grc'>-..</span> <span class='ocrx_word' id='word_1_394' title='bbox 353 4295 361 4298; x_wconf 92' lang='grc'>-</span> 
     </span>
    </p>
   </div>
   <div class='ocr_carea' id='block_1_4' title="bbox 270 4358 714 4429">
    <p class='ocr_par' dir='ltr' id='par_1_5' title="bbox 270 4358 714 4429">
     <span class='ocr_line' id='line_1_41' title="bbox 270 4358 714 4429; baseline 0 -16"><span class='ocrx_word' id='word_1_395' title='bbox 270 4359 308 4427; x_wconf 75' lang='lat'>²⁰)</span> <span class='ocrx_word' id='word_1_396' title='bbox 328 4361 373 4414; x_wconf 79' lang='lat' dir='ltr'>Sic</span> <span class='ocrx_word' id='word_1_397' title='bbox 390 4363 481 4429; x_wconf 79' lang='lat' dir='ltr'>AOpg</span> <span class='ocrx_word' id='word_1_398' title='bbox 499 4376 548 4428; x_wconf 88' lang='lat' dir='ltr'>pro</span> <span class='ocrx_word' id='word_1_399' title='bbox 567 4358 638 4428; x_wconf 80' lang='lat' dir='ltr'>vulg.</span> <span class='ocrx_word' id='word_1_400' title='bbox 657 4360 714 4413; x_wconf 71' lang='lat' dir='ltr'>tue.</span> 
     </span>
    </p>
   </div>
   <div class='ocr_carea' id='block_1_5' title="bbox 0 0 1568 5075">
    <p class='ocr_par' dir='ltr' id='par_1_6' title="bbox 0 0 1568 5075">
     <span class='ocr_line' id='line_1_42' title="bbox 0 0 1568 5075; baseline 0 0"><span class='ocrx_word' id='word_1_401' title='bbox 0 0 1568 5075; x_wconf 95' lang='lat' dir='ltr'> </span> 
     </span>
    </p>
   </div>
  </div>
 </body>
</html>
