3125 5075
513 403 600 442 CASUS
615 404 881 444 SUBSTAMTIVORUH.
895 427 920 434 -
934 407 1070 447 ACCUSAT.
1293 417 1355 474 229

207 582 293 657 putria
315 595 423 656 pacem
446 582 478 640 in
499 584 582 656 lepos
605 579 743 640 conficiet
765 597 844 642 suas.
874 577 1007 660 Adelph.
1029 579 1072 657 11,
1094 586 1126 660 4,
1152 583 1205 643 14:
1227 581 1272 643 Ne
1296 589 1357 644 tom

207 677 327 754 quidem.
371 673 420 741 lb.
465 673 525 754 ΠΙ,
547 681 578 755 4,
603 680 642 739 56
666 693 750 756 sqq:
780 680 877 757 Quom
898 698 950 741 vos
971 680 1124 753 focitlame
1146 681 1244 759 agitis,
1267 699 1357 755 quom

206 775 270 836 extis
291 791 433 836 maxume
447 776 599 849 Potentes,
619 776 706 849 dites,
730 775 884 856 fortunati,
906 780 1032 857 nobiles,
1058 779 1133 838 Tam
1152 794 1290 839 maxume
1304 798 1356 840 voa

206 878 293 949 aequo
320 874 420 934 animo
450 890 546 949 aequa
575 891 700 935 noscere
730 876 866 951 Oportet.
911 874 1039 940 Phorm.
1083 873 1110 954 Ι,
1134 878 1164 953 2,
1190 880 1241 939 15:
1280 879 1357 937 Tam

206 988 284 1045 pom
308 978 348 1031 to.

281 1071 382 1148 Quom
397 1065 602 1148 coniungitur
619 1074 656 1146 1.,
672 1086 744 1133 oum
759 1068 906 1149 positivis
922 1069 1161 1149 adiectivorum,
1185 1075 1221 1134 ut
1235 1069 1356 1151 gradus

210 1165 407 1247 exprimatur,
430 1182 493 1246 quo
509 1164 659 1246 qualitas,
683 1182 764 1245 quae
780 1165 936 1232 adiectivo
952 1169 1147 1249 designatur,
1171 1167 1357 1247 accipienda

211 1263 250 1327 sit.
287 1262 384 1328 Ennii
406 1268 504 1328 satur.
527 1262 596 1328 libr.
621 1262 743 1330 11111.
767 1268 800 1329 9:
831 1268 924 1329 Simia
945 1286 1034 1341 quam
1056 1269 1162 1329 similis
1185 1270 1358 1342 turpissima

211 1364 296 1425 leatia
317 1363 419 1423 uobis!
442 1361 537 1426 Ennii
560 1361 661 1426 annal.
686 1362 704 1426 1.
729 1361 770 1442 ΙΙ,
794 1360 831 1428 ir.
853 1368 900 1441 16,
924 1369 1045 1429 ν.142;
1069 1384 1159 1441 quom
1181 1366 1293 1426 erudeli
1314 1397 1357 1408 —

213 1464 346 1536 sepulcro.
391 1457 494 1523 Plaut.
519 1458 603 1523 Trin.
636 1478 665 1525 v.
689 1464 764 1524 321:
788 1466 818 1523 Is
841 1465 975 1541 probust,
999 1481 1087 1539 quem
1110 1466 1245 1539 paenitet
1266 1481 1356 1537 quom

211 1560 310 1630 pomis
333 1560 374 1618 sit
397 1567 427 1619 11
449 1558 526 1635 frugi
549 1561 658 1638 bonae,
682 1558 775 1637 adq.
799 1558 819 1622 Ι.
847 1559 1003 1624 Lindem.:
1034 1559 1197 1637 „Dicimus
1226 1562 1356 1633 aliquem

211 1658 358 1733 poenaeve,
382 1659 542 1730 quamsit,
572 1655 710 1734 quinon
734 1662 903 1729 contentus
927 1663 978 1721 est
1000 1674 1048 1736 eo,
1071 1657 1156 1737 quod
1180 1661 1237 1721 est.
1261 1656 1355 1721 Most.

213 1757 332 1817 11601
378 1772 468 1827 quam
497 1755 652 1828 iadipaum
680 1753 795 1817 lacinus
823 1754 931 1819 iecisti.
982 1755 1077 1820 Most.
1115 1758 1241 1819 111261
1288 1758 1357 1817 Vita

214 1869 289 1924 qaam
314 1854 357 1913 ait
379 1853 477 1913 brevis
500 1854 608 1927 cogita.
632 1851 670 1930 V,
690 1857 716 1929 Ι,
729 1857 786 1915 521
811 1872 900 1927 qnam
922 1859 1098 1917 meticulosa
1120 1873 1169 1916 res
1185 1857 1233 1917 sit.
1258 1852 1355 1917 Marc.

211 1965 229 2007 1.
249 1955 327 2013 4551
354 1952 422 2010 Seio
445 1968 549 2010 saevos
575 1968 664 2024 qaam
687 1954 735 2013 sit.
777 1950 905 2015 Terent
930 1951 1046 2016 Heaut.
1075 1950 1118 2030 ΙΙ,
1143 1956 1171 2031 3,
1197 1954 1273 2014 129:
1303 1954 1358 2011 Pa-

210 2055 272 2108 trem
297 2050 410 2110 novisti
430 2049 468 2110 ad
490 2050 544 2109 has
568 2067 617 2110 res
640 2067 730 2121 quom
754 2053 793 2110 sit
810 2054 979 2125 perspicua.
1004 2048 1100 2114 Andr.
1124 2049 1151 2128 Ι,
1169 2054 1197 2126 5,
1215 2052 1270 2114 121
1294 2052 1358 2111 Neo

208 2148 272 2206 elam
297 2157 328 2207 te
353 2154 409 2220 est,
432 2163 522 2220 quem
543 2148 589 2206 illi
612 2155 755 2222 utraeque
780 2165 829 2210 res
852 2168 929 2209 nuuc
951 2151 1039 2209 utiles
1060 2152 1101 2209 Et
1123 2151 1161 2209 ad
1184 2150 1358 2223 pudicitiam

207 2253 229 2303 et
248 2246 288 2305 ad
304 2263 369 2304 rem
393 2245 546 2304 tutandam
569 2246 656 2320 sient,
680 2241 720 2306 ad
743 2260 772 2323 q.
796 2242 814 2306 Ι.
838 2243 933 2310 affert
948 2244 1157 2309 Ruhnkeuius
1181 2243 1280 2322 1v‚o,
1300 2248 1354 2307 161

205 2342 281 2403 Runa
305 2360 353 2402 me
376 2342 522 2416 hospitem
539 2342 616 2403 Litis
633 2344 726 2420 sequi,
746 2359 836 2417 qaam
852 2346 882 2403 id
905 2346 977 2404 mihi
1000 2348 1039 2404 sit
1061 2344 1151 2416 facile
1173 2352 1261 2418 atque
1277 2344 1359 2412 utile,

204 2443 331 2501 iliorum
355 2442 493 2514 exempla
510 2447 697 2503 1111111111.
723 2474 763 2483 -
790 2445 830 2519 2.,
855 2458 927 2504 cum
952 2440 1096 2520 positivis
1123 2439 1356 2505 adverbiorum.

204 2534 292 2602 Ennii
314 2535 419 2601 annal.
453 2535 473 2600 l.
498 2535 522 2616 Ι,
558 2534 597 2602 11.
622 2543 672 2615 57,
710 2558 738 2602 v.
763 2542 818 2603 891
871 2560 962 2614 quom
990 2559 1059 2600 moa
1081 2543 1207 2602 emittat.
1253 2536 1356 2601 Plaut.

204 2632 312 2701 Bacch.
337 2653 367 2697 v.
385 2638 482 2699 12041
506 2637 602 2714 Quom
619 2639 736 2712 quidem
753 2644 884 2699 actatum
907 2639 1117 2714 emoriamuri,
1138 2636 1222 2716 quod
1239 2637 1358 2717 pendet

204 2750 236 2797 ex
258 2749 455 2814 praegresso
479 2739 647 2808 expectant,
672 2733 734 2798 vid.
758 2735 994 2799 adnotationem
1019 2734 1160 2799 Acidalii.
1185 2735 1271 2798 Trin.
1296 2734 1356 2813 ΙΙΙ,

206 2836 227 2903 l,
244 2837 279 2894 7:
303 2834 403 2909 Quom
425 2831 536 2892 dadam
558 2835 635 2892 istuc
659 2841 710 2892 aut
733 2835 782 2894 ubi
806 2841 944 2912 actumst,
967 2833 1048 2911 adq.
1072 2833 1092 2896 l.
1114 2833 1255 2898 Lindem.
1279 2834 1358 2897 citat

204 2926 325 3009 captiv.
350 2927 388 3006 V,
411 2932 440 3005 3,
465 2936 503 2991 3:
525 2931 695 3006 Quamdiu
717 2933 748 2991 id
771 2932 932 2994 factumst?
960 2930 1055 2994 Most.
1079 2930 1103 3009 Ι,
1130 2938 1156 3009 l,
1180 2935 1237 2995 371
1261 2936 1358 3010 Quom

200 3029 384 3090 confidenter
411 3030 551 3103 loquitur.
598 3025 660 3104 ΙΙΙ,
690 3033 723 3106 2,
755 3033 810 3093 33:
848 3048 937 3104 quam
964 3030 1052 3091 mox?
1094 3027 1189 3093 Most.
1226 3046 1254 3092 v.
1278 3034 1356 3093 8291

202 3127 309 3202 Specta
332 3144 424 3199 quom
451 3134 515 3185 arte
545 3127 705 3188 dormiunt.
751 3126 849 3190 Merc.
889 3126 914 3205 Ι,
941 3131 967 3204 1,
994 3130 1068 3190 1021
1102 3131 1225 3189 Vosmet
1248 3128 1358 3205 videte,

200 3244 284 3299 quom
308 3225 384 3284 mihi
405 3225 491 3284 eatae
513 3226 670 3299 placuerit.
709 3221 801 3289 Truc.
825 3222 868 3302 ΙΙ,
892 3229 921 3302 3,
945 3231 980 3289 31
1017 3228 1049 3286 Si
1071 3226 1195 3301 proinde
1220 3235 1358 3286 amentur

200 3325 349 3398 mulieres,
372 3324 425 3383 diu
449 3341 539 3396 qemm
559 3325 670 3383 lavant.
716 3320 811 3392 Most,
848 3320 907 3397 ΙΙΙ,
932 3326 960 3400 2,
985 3326 1041 3386 20:
1079 3343 1168 3397 quam
1195 3342 1243 3384 me
1266 3325 1358 3385 habet

200 3424 281 3481 nale.
338 3416 454 3483 Caecil.
499 3419 578 3483 Stat.
617 3418 759 3484 Fallacia
795 3418 833 3482 ir.
870 3427 900 3497 l,
939 3438 967 3483 v,
1001 3425 1056 3484 42:
1101 3441 1192 3495 qaam
1230 3424 1355 3483 duriter.

200 3514 294 3594 Quasi
339 3532 399 3596 per
429 3515 691 3581 exclamationem
728 3523 779 3582 est
816 3517 1045 3598 explicandum.
1091 3519 1218 3585 Terent.
1257 3518 1356 3583 Andr.

200 3611 220 3693 Ι,
246 3621 273 3693 l,
301 3619 380 3679 109:
419 3617 535 3676 Reiecit
563 3634 594 3676 se
618 3618 647 3676 11
676 3635 742 3677 eum
771 3617 845 3678 flens
868 3634 957 3692 quom
980 3618 1182 3691 familiariter.
1228 3615 1355 3679 Phorm.

201 3710 220 3790 l,
246 3719 275 3790 3,
292 3708 339 3777 ’91
378 3714 455 3774 Dum
484 3723 609 3788 expecto
638 3734 727 3789 quo-ra
754 3734 822 3775 moa
849 3719 958 3779 veniat.
984 3748 1022 3759 -
1048 3719 1094 3793 3.,
1127 3713 1205 3779 Cum
1230 3730 1357 3792 compa·

201 3810 317 3876 rativis.
363 3808 468 3875 Plaut.
506 3810 620 3877 Bacch.
656 3810 712 3891 IV,
745 3816 792 3890 10,
825 3817 859 3875 11
903 3817 999 3892 Qum
1030 3816 1126 3888 mopis
1162 3817 1193 3874 in
1230 3818 1357 3888 pectore

200 3926 261 3971 neo
299 3910 408 3986 foveo,
452 3910 597 3989 sequitur
636 3909 669 3973 in
709 3910 856 3990 apodosi:
906 3915 1002 3989 Magis
1040 3919 1162 3973 curaest
1203 3913 1357 3986 magisque

201 4006 373 4069 adiormido.
424 4007 511 4070 Asin.
534 4006 559 4086 Ι,
585 4013 614 4086 3,
638 4011 655 4070 6
683 4007 768 4080 (vide
792 4026 891 4088 supra
911 4009 944 4073 in
967 4007 1127 4084 11111111.
1150 4007 1292 4071 Lindem.
1315 4008 1358 4072 ad

202 4099 282 4167 Trin.
306 4103 362 4182 IV,
386 4107 416 4183 2,
444 4110 492 4170 19.
535 4105 619 4169 Μ11.
649 4103 675 4185 Ι,
702 4112 728 4184 1,
757 4111 809 4170 la:
846 4108 941 4185 Quom
962 4111 1059 4183 mapsa
1080 4107 1240 4181 extendas,
1270 4116 1357 4168 tanto

203 4202 387 4281 adstringunt
402 4207 506 4266 artius.
520 4210 614 4280 -4,
637 4201 716 4267 Cum
739 4203 953 4284 superlativis.
977 4204 1057 4270 Cato
1076 4204 1112 4268 R.
1129 4204 1165 4267 R.
1180 4221 1203 4268 c.
1223 4208 1255 4267 7:
1279 4207 1356 4267 Item

206 4302 260 4360 xlia
279 4319 391 4379 genera
413 4319 503 4376 quam
520 4304 656 4377 plurima
679 4305 781 4365 serito.
810 4300 844 4366 G.
871 4307 904 4367 1:
929 4305 1036 4366 Videto
1058 4321 1149 4377 quam
1169 4304 1286 4364 minimi
1308 4306 1354 4363 in·

208 4400 422 4460 1111111111-
445 4402 512 4461 siet.
551 4397 584 4462 C.
608 4402 628 4462 3
651 4406 748 4463 extra:
772 4404 815 4461 111
839 4419 928 4474 quom
951 4404 1212 4464 solertissummum
1235 4406 1357 4465 habeat.
