3125 5075
460 365 550 404 CASL'S
565 365 832 408 sensumtvoaeut.
853 389 878 397 -
898 369 1036 409 ACCUSAT.
1284 380 1346 437 285

183 535 331 618 tepent.
362 555 398 618 p.
424 543 491 604 310
512 543 547 604 et
565 538 675 606 Ursin.
697 559 729 622 p.
753 545 826 621 248,
849 544 993 622 quamvis
1016 541 1155 609 editione
1169 542 1209 608 D.
1227 542 1348 608 Gotho·

183 631 249 698 ledi
270 636 346 698 irae
360 635 537 702 habetnrf‘
559 636 678 704 Heant.
694 638 732 715 V,
750 642 778 718 1,
795 645 853 705 22:
876 645 973 718 Magis
996 661 1083 704 unum
1107 643 1196 704 etiam
1219 645 1344 717 instare,

183 753 200 798 t·
213 747 243 800 e.
256 733 433 802 instanter
446 752 574 816 urgere.
604 734 687 800 Eun.
703 735 747 818 ΙΙ,
764 743 794 818 3,
810 744 846 804 3:
870 757 956 816 quam
979 741 1114 801 insistam
1136 741 1223 802 riam.
1245 738 1344 803 Andr.

183 829 228 912 lv,
254 837 286 914 1,
312 837 376 898 le:
398 835 523 896 solvisti
544 834 648 908 fidem,
682 833 723 900 de
745 853 809 916 quo
831 835 901 901 loco
925 835 1071 900 Reddim.
1094 854 1124 918 p.
1152 841 1226 901 152:
1261 853 1345 917 „non

183 933 230 996 est
242 931 348 1014 (qnod
363 929 546 1012 Stephanus
567 930 600 995 in
614 930 697 998 thes.
713 931 749 997 L.
766 931 802 997 L.
819 939 853 997 et
868 934 1031 998 Tumerus
1046 935 1078 997 in
1093 953 1225 1015 gramm.
1243 953 1344 1000 erere.

186 1045 214 1110 p.
227 1033 268 1094 10
291 1027 569 1110 interpretantur)
592 1025 688 1093 fidem
710 1046 871 1111 rumpere,
895 1031 951 1096 sed
975 1035 1096 1110 contra,
1118 1033 1276 1113 promissa
1296 1031 1343 1095 ta·

186 1143 254 1192 cere
276 1145 338 1192 eeu
361 1125 527 1208 implere.“
570 1123 689 1191 Heaut.
712 1126 774 1207 ΙΙΙ,
800 1132 827 1208 1,
852 1135 906 1194 28:
939 1134 1016 1204 Quia
1041 1149 1180 1207 pessume
1208 1134 1285 1193 istuc
1313 1133 1343 1190 in

191 1233 218 1286 te
236 1235 329 1304 atque
353 1227 385 1286 in
407 1228 492 1286 illum
515 1227 656 1288 consulis.
700 1223 818 1292 Hesus.
842 1227 880 1305 V,
902 1234 933 1303 4,
958 1233 1012 1293 21:
1042 1247 1138 1305 nequo
1162 1231 1239 1305 quod
1261 1231 1343 1304 prin·

196 1325 297 1400 eipinm
321 1325 439 1400 capium
462 1324 500 1384 ad
521 1325 699 1398 placandum
723 1328 796 1388 scio.
833 1323 910 1391 Her.
927 1325 953 1404 Ι,
978 1330 1006 1404 2,
1032 1329 1106 1390 ΙΙ9;
1128 1329 1262 1401 Perpem,
1285 1345 1345 1402 qno

194 1425 279 1498 coepi,
302 1423 360 1482 hoc
380 1422 447 1481 tter.
479 1419 608 1484 Phorm.
630 1419 674 1499 ΙΙ,
697 1425 727 1499 3,
753 1425 809 1486 12:
833 1425 863 1484 Si
887 1442 968 1484 erem
992 1426 1176 1486 insimulabis
1199 1426 1341 1498 malitiae,

195 1521 261 1582 nrle
282 1520 400 1580 audies.
443 1515 524 1582 Eun.
547 1515 602 1595 lv,
625 1523 664 1597 7,·
680 1522 736 1582 39:
764 1521 822 1580 llic
845 1520 919 1582 furti
941 1539 974 1582 so
997 1523 1117 1596 adliget.
1163 1521 1239 1586 Hec.
1265 1519 1289 1600 I,
1313 1524 1344 1599 2,

196 1617 244 1680 33ε
264 1623 300 1676 nt
321 1625 439 1692 tergum
462 1633 560 1676 meum
581 1617 674 1678 Tuam
696 1619 729 1676 in
750 1618 838 1678 tidem
862 1621 1052 1679 committam.
1097 1617 1211 1682 Heaut.
1230 1616 1287 1696 ΙΙΙ,
1313 1623 1341 1696 l,

196 1717 246 1778 tt:
275 1715 409 1776 Primum
432 1714 491 1774 iarn
514 1715 639 1775 ancillas
662 1733 762 1776 seeum
787 1716 909 1776 adduxit
933 1717 1004 1790 plue
1027 1717 1139 1780 decem.
1183 1713 1261 1780 Hec.
1286 1713 1342 1794 IV,

198 1813 295 1890 hii:
327 1813 397 1874 Non
420 1817 484 1871 tute
507 1813 719 1872 incommodam
743 1831 816 1888 rem,
838 1823 872 1874 nt
895 1821 1068 1890 queeqnest,
1092 1816 1121 1873 in
1145 1817 1272 1875 animum
1295 1817 1341 1874 in-

199 1909 276 1972 ducet
297 1913 372 1987 pati.
405 1905 533 1972 Pherm.
553 1906 609 1986 lv,
633 1911 663 1986 2,
690 1914 720 1973 l:
742 1913 809 1986 Ego
831 1913 979 1972 hominem
1003 1914 1186 1972 callidiorem
1208 1913 1267 1973 ridi
1289 1931 1342 1972 ne·

198 2009 292 2070 ΙΙιειιι
317 2009 412 2082 Quem
428 2007 647 2068 Phormionem.
691 2006 790 2070 Andr.
806 2005 849 2084 ΙΙ,
873 2013 902 2084 3,
925 2013 961 2071 4:
984 2011 1069 2070 Prius
1093 2029 1177 2084 quem
1203 2017 1339 2071 tuomet

200 2111 253 2168 sce
277 2107 390 2166 haheat
416 2107 545 2165 animum
571 2105 610 2166 ad
640 2107 760 2182 nuptias
789 2109 988 2182 perspexerit.
1034 2103 1114 2168 Eun.
1138 2104 1198 2184 ΙΙΙ,
1227 2113 1256 2185 5,
1288 2111 1341 2171 18:

200 2203 280 2278 Quom
301 2205 386 2280 ipsus
413 2221 460 2264 me
480 2204 577 2270 sols,
614 2221 702 2279 quom
736 2207 858 2280 elegans
887 2204 1047 2265 ferularum
1076 2211 1230 2280 spectator
1258 2207 1342 2268 siem.

198 2297 300 2367 licent.
322 2298 368 2377 ΙΙ,
391 2303 422 2378 3,
447 2302 523 2362 129:
553 2302 674 2362 Patrem
694 2304 804 2364 novisti
832 2305 869 2363 ed
892 2305 946 2364 hos
973 2321 1022 2363 res
1045 2321 1131 2377 quam
1163 2305 1201 2362 sit
1223 2306 1342 2379 perspi·

201 2415 250 2462 ιιι
290 2396 411 2462 Heaut.
435 2395 478 2475 ΙΙ,
502 2403 530 2475 3,
556 2401 634 2462 130:
667 2402 733 2476 Ego
755 2405 783 2460 tc
805 2411 902 2461 eutem
927 2402 1011 2474 nori,
1043 2415 1129 2474 qnam
1153 2417 1219 2460 esse
1242 2402 1340 2462 soleas

199 2497 328 2573 inpotens.
366 2494 464 2560 Andr.
481 2493 541 2575 ΙΙΙ,
564 2499 595 2577 2,
618 2499 674 2563 23:
701 2499 769 2559 Non
792 2502 867 2560 satis
890 2517 936 2558 me
959 2500 1092 2573 pernosti
1119 2499 1219 2572 etiam,
1243 2501 1341 2574 quetis

200 2596 249 2659 tin.
289 2594 375 2659 Eun.
392 2591 435 2671 ΙΙ,
457 2596 487 2674 3,
513 2597 566 2657 16:
589 2597 686 2669 Nunc,
708 2598 864 2669 Parmeno,
887 2605 918 2657 te
941 2598 1109 2657 ostenderis
1133 2600 1181 2672 qui
1204 2599 1249 2659 rir
1270 2599 1342 2657 sies.

199 2686 260 2757 llec
280 2692 341 2771 ΙΙΙ,
366 2696 396 2771 5,
422 2696 476 2755 ts:
514 2695 638 2755 Omnem
659 2710 723 2754 rem
746 2697 809 2755 scio
840 2702 873 2753 nt
896 2697 935 2755 sit
957 2702 1049 2769 geste.
1093 2692 1147 2771 IV,
1176 2697 1280 2771 1,52:
1315 2697 1340 2755 si

199 2788 362 2865 perurere
386 2797 420 2853 nt
442 2792 501 2852 siet
522 2792 688 2851 resciverit.
732 2789 831 2855 Andr.
846 2788 871 2869 1,
897 2796 923 2869 l,
947 2796 981 2854 2:
1005 2794 1108 2867 paucis
1132 2799 1161 2851 te
1185 2795 1261 2866 volo,
1286 2789 1340 2855 ubi

198 2892 287 2955 note
314 2887 392 2955 addi
415 2892 525 2970 potest
553 2892 673 2965 adonai.
717 2887 853 2969 Adelph.
882 2888 936 2966 IV,
967 2894 995 2966 7,
1025 2894 1080 2952 36:
1112 2892 1179 2950 Non
1211 2897 1241 2951 tc
1265 2892 1341 2952 hoec

197 2986 315 3061 uuest?
359 2984 476 3052 Heaut.
499 2985 542 3065 II,
573 2992 602 3067 3,
629 2991 681 3051 19:
716 2991 827 3062 Quoius
858 3006 934 3047 nunc
962 2988 1056 3062 pudet
1077 3004 1123 3046 me
1152 2996 1183 3047 et
1205 2991 1339 3052 miseret.

197 3080 313 3167 Adelph.
336 3084 365 3162 Ι,
387 3090 419 3161 2,
440 3090 476 3149 4:
504 3104 590 3159 pacm
611 3103 708 3161 neque
724 3087 819 3160 prodet
840 3087 1002 3161 Quicquam
1032 3104 1087 3146 nec
1111 3089 1216 3145 metuit
1239 3105 1339 3161 quem-

197 3198 276 3255 tttn.
319 3180 379 3261 lv,
403 3188 434 3262 5,
455 3188 516 3247 49:
539 3186 582 3245 Et
603 3202 650 3245 mc
672 3186 717 3245 tui
739 3183 842 3259 pudet.
888 3181 1014 3245 Phorm.
1031 3181 1074 3259 H,
1098 3188 1126 3259 3,
1149 3186 1206 3245 45:
1227 3202 1286 3244 non
1310 3191 1341 3245 te

198 3277 284 3343 mon
306 3281 425 3357 pudet?
468 3278 586 3346 Heaut.
608 3279 665 3361 IV,
687 3285 718 3360 4,
744 3284 799 3344 19:
834 3289 865 3341 at
892 3288 921 3341 te
944 3282 975 3339 id
1003 3283 1085 3340 nullo
1115 3282 1203 3341 modo
1226 3283 1342 3342 Fecere

197 3380 293 3450 mduit.
337 3375 475 3459 Adelph.
498 3376 558 3457 111,
581 3382 610 3459 3,
634 3383 690 3443 37:
721 3382 839 3441 Fratris
863 3396 909 3437 me
933 3378 1050 3453 quidem
1073 3378 1170 3437 Pudet
1191 3381 1341 3455 pigetque.

197 3468 294 3543 naut.
316 3474 380 3555 III,
406 3479 434 3554 l,
458 3480 516 3541 54:
543 3482 577 3537 nt
598 3494 645 3537 me
667 3484 784 3537 tucrum
807 3478 1011 3549 miseritnmst,
1034 3476 1222 3551 hlenederoe,
1246 3476 1341 3537 fortu-

197 3586 290 3639 ttrnm.
335 3574 376 3654 V,
398 3578 430 3653 4,
453 3578 491 3640 3:
524 3574 599 3636 Eius
621 3582 655 3635 ut
676 3577 849 3636 memineris
873 3582 962 3650 atque
985 3576 1082 3649 inopis
1105 3592 1185 3637 nuuc
1209 3580 1236 3634 tc
1257 3576 1343 3635 :oshe-

199 3680 273 3737 aaut
290 3676 363 3739 mei.
400 3670 479 3737 Hec.
495 3669 521 3752 Ι,
538 3676 568 3751 2,
584 3676 641 3735 53:
664 3680 697 3734 ut
717 3674 815 3747 ipseo:
828 3672 1018 3739 Bacchidem,
1041 3674 1072 3732 Si
1095 3673 1225 3746 adesset,
1249 3674 1340 3733 credo

198 3770 303 3837 hicine
324 3774 614 3835 commiseresceret.
658 3768 786 3833 Phorm.
807 3769 833 3845 I,
856 3774 885 3848 3,
909 3773 963 3833 20:
998 3773 1093 3832 nostri
1122 3778 1239 3831 nosmet
1266 3789 1339 3846 pse·

198 3870 263 3937 litet
303 3870 367 3951 ΙΙΙ,
390 3872 420 3948 3,
444 3872 500 3932 21:
529 3870 648 3945 Nequid
670 3870 738 3945 plus
766 3872 900 3930 minusve
924 3869 1007 3942 inxit,
1031 3868 1110 3945 quod
1130 3887 1184 3930 nos
1203 3877 1272 3943 post
1294 3870 1341 3945 pi-

199 3980 259 4047 test,
279 3972 366 4035 Geta
394 3964 531 4047 Adelph.
547 3965 606 4045 III,
622 3972 653 4044 4,
673 3970 728 4030 lS:
751 3984 848 4042 neque
863 3969 934 4028 honi
949 3969 1053 4042 Neque
1070 3968 1204 4027 liberalis
1220 3967 1342 4028 iunctus

200 4063 340 4131 officiumst
360 4068 427 4129 riri.
471 4064 588 4129 licant.
612 4064 638 4143 I,
664 4068 691 4143 l,
717 4067 782 4127 141.
803 4067 850 4125 lta
873 4072 937 4125 tute
960 4072 1075 4125 attente
1098 4066 1216 4125 illorum
1240 4064 1341 4124 officio

201 4158 312 4241 inpere-
354 4164 485 4231 Phernt.
502 4161 545 4242 II,
570 4166 598 4243 1,
622 4166 678 4225 51:
711 4164 846 4224 Functus
870 4163 1119 4224 adulescentulist
1142 4162 1279 4223 Officium
1303 4165 1339 4222 li·

202 4254 300 4327 ternis.
341 4262 462 4328 Heaut.
477 4260 504 4341 Ι,
531 4266 559 4336 1,
582 4264 640 4323 81:
665 4262 751 4334 Quod
771 4263 825 4322 illa
847 4267 931 4321 uetes
955 4262 1048 4333 magis
1071 4260 1108 4318 ad
1132 4260 1206 4318 haec
1229 4260 1341 4321 utenda

204 4354 323 4427 doceant.
364 4358 502 4441 Adelph.
526 4357 566 4439 V,
589 4364 618 4438 3,
641 4361 700 4423 25:
733 4360 805 4419 Meo
833 4376 908 4434 qnae
938 4364 1061 4434 prester
1087 4374 1169 4431 spem
1200 4374 1339 4433 euenere,
