3125 5075
198 352 264 410 294
635 340 788 381 SUBSTAM'.
804 340 867 381 GAP.
882 339 923 381 ur.

204 511 338 579 effeetus
361 512 458 578 studii
482 512 551 578 eius
574 518 740 595 appareat.
768 513 815 580 Ut
835 515 947 594 paneis
966 533 1019 581 res
1041 514 1240 594 absolvatur,
1261 515 1353 596 prior

200 611 322 678 formae
344 613 446 673 datico
474 615 602 688 effectos,
636 611 807 692 posteriori
831 614 934 677 1181188
958 631 1118 688 macroce,
1148 615 1200 676 oui
1227 615 1354 676 81881188

199 717 257 786 est,
291 726 412 774 nomen
434 709 538 774 detur.
576 709 713 775 Dativus
735 709 869 775 81188188
896 715 1004 775 881818
1037 727 1109 775 esse
1138 715 1250 790 potest
1276 710 1354 776 obie

206 812 303 886 ctum,
341 805 426 886 quod
463 811 520 873 881
541 823 681 887 persona
718 814 769 873 est
801 806 853 872 vel
885 826 1042 888 personae
1064 809 1225 874 notionem
1249 808 1354 873 induit

205 910 286 982 (tum
310 903 470 969 obiectum
493 904 524 971 id
548 910 606 983 est,
630 905 662 969 in
685 922 748 986 quo
771 902 905 970 effectus
927 908 1086 987 apparet),
1109 912 1168 972 ant
1188 923 1253 984 res,
1281 923 1354 987 qna

205 1010 275 1069 tum
301 1002 373 1083 ipsa
400 1000 534 1068 effectus
568 1006 627 1068 est.
673 1001 856 1068 clarissime
896 1007 1004 1068 autem
1037 1008 1174 1085 apparet
1209 1004 1354 1069 studium

205 1101 290 1180 quod
311 1100 345 1164 in
368 1099 511 1165 subiecto
534 1100 673 1180 primum
696 1098 766 1178 fuit,
793 1104 827 1164 et
848 1101 889 1166 ab
905 1117 944 1165 eo
966 1102 1117 1182 prodiens
1139 1099 1285 1180 effectus,
1310 1120 1354 1184 qu

204 1200 237 1264 in
260 1198 385 1264 obiecto
408 1198 612 1279 conspicitur,
635 1198 668 1263 in
681 1197 799 1263 dativis
813 1215 979 1279 personae,
1000 1198 1057 1279 qui
1072 1205 1252 1279 sequuntur
1267 1201 1354 1266 verba

204 1297 294 1363 velut
314 1315 413 1366 oooeo,
427 1300 587 1377 prospicio,
610 1299 739 1367 8888818,
759 1315 841 1366 oooo,
862 1300 952 1375 nudo,
981 1304 1084 1361 erector
1099 1316 1176 1369 scm,
1199 1302 1281 1362 188118
1302 1318 1354 1362 oso

205 1413 243 1459 ac
270 1393 372 1458 multa
399 1393 532 1475 similia,
569 1412 704 1475 quorum
738 1392 891 1459 nonnulla
917 1395 1044 1475 quidem
1073 1396 1170 1462 etiam
1203 1395 1354 1462 obiectur

206 1491 316 1572 dativi,
339 1492 425 1571 quod
446 1510 483 1557 re
505 1510 692 1573 expressum
720 1495 785 1570 est,
822 1491 1013 1571 admittunt,
1049 1493 1135 1574 quod
1162 1499 1274 1559 tamen
1304 1512 1354 1559 nor

206 1588 299 1656 facile
321 1589 410 1654 88118
432 1590 555 1656 1811888
578 1588 688 1655 habita
709 1588 849 1655 notionis
870 1608 1027 1672 personae
1048 1596 1107 1655 snt
1126 1592 1295 1673 appositae
1311 1610 1353 1656 au

206 1693 314 1753 mente
342 1687 508 1754 addendae
536 1684 607 1751 fieri
636 1692 758 1768 potest,
795 1693 833 1752 81
859 1693 1031 1766 prospicere
1061 1691 1154 1752 88188·
1182 1693 1354 1755 cimarese

202 1791 371 1864 prospicere
392 1788 438 1848 rei
465 1786 736 1866 frummtorioe.⁰⁸)
772 1783 912 1852 Maxime
941 1786 990 1851 his
1017 1791 1154 1868 cognate
1183 1792 1260 1852 sunt
1280 1787 1354 1852 telis

207 1906 267 1946 888
299 1886 416 1947 scholae
443 1885 495 1948 aed
520 1886 600 1946 vitoe
626 1887 750 1963 discere,
784 1887 856 1950 azer
888 1888 1005 1961 aliouid
1030 1888 1130 1960 facere
1164 1905 1225 1947 noro
1251 1889 1312 1949 eibi
1338 1903 1354 1950 c

212 1999 329 2064 magna
353 1999 428 2062 pars
451 1980 549 2046 dativi
572 1983 727 2047 commodi
749 1983 804 2062 qui
828 1982 954 2062 dicitnr,
985 1983 1076 2048 onius
1098 1980 1178 2048 fines
1200 1988 1312 2049 tamen
1335 2001 1354 2047 s

209 2080 327 2146 limites
342 2083 492 2145 accurate
507 2077 724 2145 circumscribi
748 2097 810 2144 non
831 2086 977 2160 possunt,
995 2081 1144 2160 quoniam
1167 2081 1354 2146 oommodur

209 2179 260 2244 vei
274 2177 507 2243 incommodum
517 2176 595 2241 nihil
605 2175 691 2242 aliod
705 2182 755 2242 est
764 2178 825 2242 nisi
836 2178 959 2259 species
971 2178 1129 2259 generalis
1143 2179 1283 2244 notionis
1297 2177 1354 2244 ede

210 2276 281 2342 81118
293 2277 362 2343 8181
372 2275 505 2341 verbum
514 2278 694 2339 8888888888
703 2275 798 2355 paulo
811 2275 924 2341 latiore
941 2274 1173 2358 significatione
1184 2283 1354 2355 usurpatur

211 2377 314 2454 quivis
347 2374 476 2442 dativus
513 2372 647 2439 effectis
686 2391 744 2454 pro
781 2374 890 2438 dativo
925 2375 1082 2440 commodi
1118 2375 1218 2455 accipi
1253 2387 1354 2456 potest

91 2487 94 2492 ’
209 2474 354 2555 inprimis
390 2474 418 2540 18
455 2473 525 2554 ipse
563 2473 618 2554 qui
654 2472 800 2552 sequitur
835 2471 967 2538 verbum
1004 2474 1085 2536 dore.
1131 2471 1284 2538 Ceterum
1317 2492 1354 2539 88

211 2574 342 2639 tandum
376 2579 428 2639 est
455 2591 516 2652 per
548 2591 583 2638 se
618 2572 744 2651 quidem
773 2570 908 2650 quodvis
938 2571 1073 2637 verbum
1113 2589 1184 2636 cum
1224 2571 1282 2636 tali
1318 2573 1354 2637 da

211 2674 276 2737 tivo
313 2688 376 2735 non
414 2670 519 2736 181888
557 2687 652 2750 quam
689 2688 748 2748 ea,
790 2686 871 2748 quae
914 2670 1251 2750 commemoravimus,
1298 2688 1354 2735 con

210 2770 298 2850 iungi
328 2785 439 2849 posse,
476 2785 668 2849 quamquam
709 2786 769 2833 usu
803 2766 859 2831 8111
893 2767 966 2832 81118
1002 2769 1106 2848 magis
1134 2767 1249 2832 sanciti
1287 2785 1354 2834 sum

214 2866 327 2945 Neque
350 2871 458 2930 tamen
481 2866 529 2931 vis
552 2864 744 2947 negligenda
765 2871 833 2944 est,
872 2883 954 2945 qnae
983 2865 1017 2930 in
1040 2865 1097 2929 tali
1121 2865 1222 2930 dativi
1243 2866 1353 2931 obieci

215 2980 343 3045 semper
364 2963 463 3042 inest,
501 2970 698 3044 quapropter
718 2963 856 3028 maxime
879 2963 991 3042 etiam,
1029 2963 1084 3028 ubi
1113 2962 1254 3029 alterum
1276 2964 1354 3029 ulter

213 3062 394 3143 opponitur,
417 3068 599 3142 usurpatur.
631 3060 720 3138 Quae
743 3061 791 3127 vis
814 3078 877 3126 non
899 3060 1006 3140 exigui
1028 3068 1079 3127 est
1100 3060 1264 3140 momenti,
1288 3076 1354 3141 quo

213 3160 414 3241 potissimum
449 3158 590 3225 studium
618 3159 755 3225 subiecti
790 3159 824 3223 in
853 3176 891 3223 eo
918 3160 1059 3238 positum
1093 3177 1164 3224 esse
1187 3158 1305 3238 debet,
1340 3178 1354 3224 u

214 3258 348 3325 effectus
371 3259 405 3324 in
428 3258 488 3324 hac
511 3256 562 3322 vel
584 3256 640 3322 illa
663 3262 752 3323 certo
775 3257 943 3337 designata
963 3274 1102 3336 persona
1123 3273 1228 3337 neque
1251 3257 1283 3321 in
1309 3256 1354 3324 uli

212 3357 276 3423 8118
311 3361 483 3437 appareat,
520 3356 567 3421 ita
593 3361 630 3420 ut
658 3355 754 3420 huius
790 3355 892 3434 ipsius
929 3354 1108 3436 designatio
1141 3355 1312 3434 potissima
1343 3372 1354 3421 t

213 3455 350 3519 rrraaime
371 3454 552 3519 necessaria
573 3454 606 3518 in
629 3453 852 3518 enunciatione
873 3449 939 3518 fiat.
962 3452 1063 3518 Porro
1087 3452 1213 3517 dativus
1236 3451 1354 3519 effecti

213 3550 349 3633 proiecti
371 3570 392 3616 a
413 3552 550 3619 subiecti
572 3552 677 3618 studio
700 3551 764 3628 rei,
798 3550 935 3630 quaein
958 3550 1064 3615 dativo
1087 3552 1193 3632 posita
1214 3557 1281 3631 est,
1319 3569 1354 3633 ap

214 3656 309 3733 paret
328 3651 360 3716 in
382 3653 528 3717 omnibus
551 3648 760 3731 praedicatis,
799 3666 881 3728 quae
903 3647 982 3714 dere
1012 3656 1070 3714 881
1091 3648 1253 3714 contraria
1275 3648 1354 3715 dono

213 3747 410 3831 significant,
444 3750 554 3828 itaque
587 3749 620 3813 in
641 3748 749 3814 verbis
771 3746 823 3812 vel
845 3747 1037 3827 transitivis,
1072 3747 1163 3812 velut
1183 3750 1235 3827 do,
1267 3750 1354 3810 trito

213 3867 295 3925 rrepo,
317 3851 428 3926 adimo,
451 3855 595 3920 88888118,
617 3846 669 3912 vel
690 3844 910 3923 intransitivia,
933 3845 1023 3910 velut
1038 3848 1222 3923 patrocinor,
1248 3848 1354 3909 medeor.

263 4031 483 4102 ι8118181818,
507 4046 578 4101 quse
606 4027 744 4085 88818818
769 4025 862 4082 dativo
882 4024 1098 4093 coniunguntur,
1122 4023 1180 4079 sive
1204 4022 1252 4092 qui
1274 4022 1326 4079 fiat
1345 4040 1354 4079 ι

216 4120 300 4176 verbs
317 4135 378 4175 oum
397 4116 457 4174 solo
477 4114 569 4170 dativo
589 4110 718 4180 coniungi
735 4109 859 4180 possint,
879 4107 940 4162 vide
959 4105 1127 4176 Madvigium
1145 4106 1329 4178 Brmtduopro
1347 4124 1354 4177 1

215 4207 250 4259 32
269 4202 361 4258 adnot.
382 4200 458 4256 Idem
480 4204 620 4269 31881881.
645 4212 671 4266 p.
691 4196 742 4249 207
767 4192 837 4247 haec
860 4190 943 4246 verba
968 4190 1092 4261 designat
1111 4190 1192 4260 18118,
1220 4189 1248 4244 18
1274 4190 1354 4260 quino

216 4286 288 4340 actio
307 4283 444 4354 cogitetur
461 4277 651 4337 tantummodo
668 4278 779 4332 ratiorre
797 4274 894 4330 habito
912 4274 1030 4329 81188188
1048 4274 1099 4341 rei,
1130 4288 1201 4343 quae
1219 4288 1265 4329 res
1276 4270 1354 4328 deind

215 4370 243 4422 in
263 4366 356 4421 dativo
374 4364 468 4436 posita
485 4363 611 4420 addatur.
