3125 5075
275 384 342 447 266
579 373 640 414 011².
656 373 701 413 XV.
728 370 876 412 DOOTRIM
899 367 1152 410 Biiuloifflowss.

281 562 428 630 formula
474 561 574 627 Plene
596 565 700 626 eeaet:
727 567 760 622 at
782 563 846 623 scin
870 562 1017 636 quomodo
1040 577 1072 621 ee
1096 577 1145 621 rer
1168 560 1225 621 tibi
1249 559 1380 634 habeti,
1407 563 1439 624 nt

283 660 428 728 estAnl.
452 658 481 735 1,
506 665 534 739 1,
558 664 576 723 8
601 664 706 740 etep.
729 654 986 735 Ter.Enn.IV,
1010 656 1441 736 neccommittam

282 781 315 824 ae
340 760 493 830 habenti).
518 757 639 822 Eadem
662 754 801 822 formula
824 758 913 819 extat
936 752 1008 819 dul.
1024 753 1067 832 11,
1083 760 1114 834 4,
1138 758 1180 819 28
1203 758 1250 826 (at
1270 758 1339 817 acin
1359 760 1442 819 etin

280 858 475 936 quomodoi),
498 854 553 920 ubi
576 858 682 919 tamen
705 852 857 919 minantis
878 868 941 917 non
963 856 1022 917 est
1052 851 1102 916 Ea
1122 852 1195 933 ipse
1216 871 1293 919 cnm
1315 853 1349 918 vi
1370 852 1442 934 legi

283 963 338 1022 tur
358 954 441 1019 Rnd.
464 952 523 1028 111,
549 956 578 1032 5,
605 956 661 1017 18:
684 956 824 1030 Tangee,
847 952 966 1014 ntroin
986 951 1152 1025 commodo?
1197 947 1291 1015 Geni.
1318 949 1441 1016 Poenni

277 1053 317 1134 ΙΙ,
352 1058 387 1132 2,
424 1055 500 1116 162:
533 1057 575 1115 At
611 1053 676 1113 eoin
709 1048 901 1126 quomodo?“
937 1046 1007 1131 [nbi
1040 1047 1113 1114 vide
1146 1048 1443 1129 interpretationem

283 1149 498 1230 Tanbmenni,
527 1149 582 1229 qni
605 1149 683 1214 citat
705 1149 802 1214 etiam
825 1146 890 1213 Mil.
913 1145 970 1216 IV,
992 1150 1034 1227 4,
1057 1150 1113 1211 26;
1143 1155 1176 1209 at
1210 1150 1278 1209 sein
1301 1166 1392 1224 quen
1412 1148 1444 1209 ad

285 1249 446 1322 modnmil.
492 1246 670 1313 Praeterea
696 1244 736 1312 ci.
762 1244 911 1311 Roetinm
939 1244 1042 1318 Plent
1067 1244 1181 1327 cuped.
1211 1242 1293 1310 iere.
1322 1249 1341 1309 5
1372 1243 1445 1326 lai

285 1348 466 1424 (comment
488 1343 594 1409 Plaut.
617 1362 647 1426 p.
671 1349 760 1419 141):
790 1344 871 1423 „Est
897 1342 976 1409 haec
998 1342 1138 1409 formula
1157 1341 1276 1407 Plauto
1300 1340 1444 1424 periami

285 1442 391 1519 liaris,
421 1459 491 1522 -qna
517 1441 589 1522 quie
618 1441 714 1507 elteri
739 1441 862 1521 aliquid
887 1439 993 1507 iacere
1022 1441 1153 1508 conanti
1182 1438 1304 1505 maium
1329 1438 1446 1506 aoncilii

289 1540 410 1607 exitum
433 1539 484 1604 vel
507 1540 647 1605 minatur
668 1538 720 1604 vel
742 1538 860 1604 saltem
880 1538 1082 1619 praedicim‘·
1113 1536 1204 1604 Adde
1228 1536 1349 1620 Ampin
1373 1537 1446 1618 1,1,

288 1642 365 1704 20οι
392 1643 434 1701 Aa
459 1640 524 1702 eoin
553 1640 727 1714 quomodote
743 1637 852 1716 ibique
882 1636 1014 1702 Taubm.
1046 1634 1199 1712 Poeni,
1224 1640 1262 1715 3,
1291 1639 1354 1701 29:
1390 1639 1446 1699 eoin

288 1738 459 1814 quomodo?

373 1834 395 1899 l.
439 1833 548 1900 Etiam
561 1833 771 1915 interrogatio
786 1849 847 1914 per
859 1852 897 1895 no
913 1836 947 1898 et
961 1832 1133 1899 secundam
1154 1849 1332 1913 personam
1346 1848 1444 1913 prata

286 1931 353 1996 ind.
376 1930 504 2012 prolata
525 1949 623 2014 saepe
644 1932 709 1996 vim
736 1930 918 2012 imperativi
940 1929 1038 1997 habet
1065 1928 1115 2004 (ci.
1147 1930 1168 2008 ς
1194 1933 1233 1995 16
1257 1936 1302 2010 c),
1333 1947 1397 2011 qne
1418 1928 1445 1992 in

289 2047 409 2111 genere
430 2029 577 2112 inprimis
599 2027 749 2110 frequens
772 2033 824 2094 est
845 2032 911 2092 odie
931 2031 1038 2107 (odia).
1082 2027 1137 2096 Sic
1158 2029 1264 2094 Piant
1287 2027 1405 2110 Amph
1425 2024 1446 2104 L

290 2132 325 2208 3,
346 2132 396 2193 20.
419 2127 463 2205 ΙΙ,
487 2133 516 2207 2,
533 2134 609 2194 227ε
633 2132 720 2192 Abin.
765 2124 838 2193 Cas.
860 2126 909 2207 Π,
932 2134 970 2207 4,
993 2131 1049 2194 23:
1070 2126 1155 2191 Aean
1177 2131 1250 2206 hine
1273 2130 1313 2189 ab
1338 2123 1446 2190 oeulis?

291 2224 407 2292 Bacch.
437 2244 466 2293 v.
498 2232 598 2293 1168:
630 2229 714 2290 Acin
739 2228 832 2291 hinc?
876 2243 905 2290 v,
937 2229 1036 2291 1176:
1068 2226 1153 2289 Abin
1183 2245 1202 2287 a
1231 2244 1297 2300 me,
1335 2222 1445 2288 aceiae?

289 2323 388 2390 Mera.
411 2323 467 2405 IV,
490 2333 520 2404 4,
546 2329 600 2392 16:
622 2326 706 2388 Abin
727 2325 901 2389 dierectus?
922 2325 1018 2390 Poen.
1040 2324 1067 2405 Ι,
1091 2329 1120 2396 3,
1143 2327 1198 2388 22:
1221 2328 1355 2386 etiamne
1369 2321 1445 2384 odio?

290 2422 332 2488 ib.
356 2421 416 2500 ΙΠ,
440 2428 470 2501 3,
493 2427 551 2488 65:
575 2428 674 2488 lanne
695 2421 767 2490 iiis?
811 2421 900 2488 Pers,
924 2421 950 2502 Ι,
976 2429 1003 2502 l,
1027 2428 1083 2488 51:
1106 2426 1207 2485 Iamno
1230 2423 1325 2483 odia?
1353 2417 1407 2498 IV,
1419 2424 1444 2493 4,

294 2525 373 2587 120:
404 2523 476 2583 ooin
502 2536 592 2601 atque
621 2530 777 2600 argentum
806 2523 910 2599 petia?
953 2521 1040 2588 Trin.
1063 2520 1112 2597 H,
1135 2526 1171 2602 4,
1195 2524 1256 2587 56:
1278 2519 1367 2582 Abin
1386 2520 1443 2580 hinc

291 2620 448 2683 diereote?
493 2619 579 2685 Trin.
603 2638 630 2683 n.
655 2624 734 2686 989:
768 2619 852 2681 Aean
880 2623 950 2682 hino
979 2623 1016 2683 ab
1039 2620 1158 2684 oculis?
1202 2619 1334 2684 Terent·
1358 2614 1441 2681 Andr.

291 2717 339 2797 11,
366 2724 398 2798 l,
427 2724 478 2781 17:
512 2719 594 2780 Abin
622 2721 691 2781 hinc
720 2722 750 2779 in
779 2723 887 2781 malam
911 2737 973 2780 rem
995 2718 1066 2781 —?
1109 2716 1181 2781 Alie
1209 2715 1360 2797 exempla
1381 2717 1442 2780 suni

292 2815 387 2881 haec:
422 2815 525 2879 Pleut.
552 2816 678 2882 Cuicul.
703 2817 751 2895 ΙΙ,
779 2821 816 2895 3,
846 2820 903 2880 32;
937 2819 1023 2878 datin
1045 2820 1096 2879 isti
1124 2819 1230 2879 reliam
1262 2818 1314 2879 nbi
1337 2814 1441 2876 adsidet

293 2917 354 2976 cito
377 2917 419 2975 Et
451 2920 587 2990 aqualem
616 2935 681 2977 cnm
710 2916 810 2993 aqna?
839 2916 1017 2990 properatin
1038 2915 1146 2978 ocius?
1191 2911 1265 2979 Oea.
1288 2911 1338 2992 ΙΙ,
1363 2915 1396 2987 6,·
1413 2913 1440 2971 8:

292 3014 431 3074 Etiamne
453 3015 575 3075 aditos?
618 3012 713 3079 Most.
738 3012 797 3090 111,
825 3019 850 3092 l,
878 3018 953 3078 131:
975 3014 1102 3074 Dioiano
1123 3013 1180 3075 hoc
1202 3015 1284 3089 quod
1307 3022 1339 3075 te
1363 3005 1440 3084 rogo?

293 3109 382 3175 Pers.
406 3109 453 3188 ΙΙ,
476 3118 510 3188 4,
537 3115 591 3175 1οε
624 3113 748 3174 Dicisne
775 3116 830 3187 mi,
859 3114 909 3174 nbi
937 3113 977 3174 sit
1005 3111 1149 3174 Toxilus?
1193 3109 1291 3175 Most.
1321 3128 1353 3174 v.
1376 3108 1440 3172 ddi:

292 3211 437 3272 Motene
459 3209 518 3288 [tn]
546 3215 660 3287 impure
688 3213 758 3272 ilico
780 3208 936 3286 parasite?
981 3207 1035 3286 lV,
1058 3212 1097 3288 2,
1119 3211 1175 3273 28:
1207 3212 1300 3277 irene,
1335 3206 1439 3273 Tranio,

291 3310 421 3370 etiamne
444 3312 565 3383 operis?
609 3308 696 3373 Pers.
721 3304 758 3386 V,
782 3312 812 3386 2,
840 3313 891 3372 14:
914 3309 1056 3386 praeben,
1077 3305 1196 3383 puerei
1241 3305 1339 3371 Truc.
1361 3301 1401 3379 ΙΙ,
1419 3303 1440 3365 3.

295 3408 350 3468 10:
374 3407 469 3466 ondin
491 3407 603 3470 etiam?
646 3405 702 3484 lv,
726 3410 755 3486 2,
778 3412 835 3472 43:
858 3409 959 3466 mittin
980 3408 1048 3470 mad
1070 3404 1172 3468 intro?
1202 3403 1336 3468 Terent
1359 3397 1441 3466 Andr·

293 3499 341 3581 ΙΙ,
369 3506 395 3581 1,
418 3508 476 3568 37;
499 3506 588 3580 funin
610 3503 704 3567 hinc?

379 3619 420 3666 m.
465 3602 515 3668 De
544 3599 680 3667 formula
708 3605 790 3667 satin
819 3600 891 3668 vide
919 3605 1048 3683 praeter
1084 3603 1212 3665 ceteros
1238 3590 1442 3664 Lindemad

293 3698 397 3765 Plaut.
419 3698 487 3764 Mil.
511 3698 566 3780 IV,
589 3704 618 3776 2,
642 3706 663 3765 8
685 3707 726 3774 (v.
751 3705 825 3776 399)
849 3702 951 3778 (Satin
972 3702 1047 3762 haee
1069 3716 1186 3776 qnoque
1209 3716 1258 3759 me
1282 3691 1439 3774 deperitiiz

295 3796 453 3878 „Brevior
473 3795 611 3863 formula
631 3817 692 3881 pro
715 3817 770 3876 eo,
803 3798 889 3879 qnod
910 3797 1078 3864 dicendum
1102 3798 1189 3860 erat:
1223 3795 1312 3861 satin
1335 3798 1444 3859 cortun

293 3898 354 3971 eet.
377 3893 459 3960 hanc
481 3912 609 3978 qnoque
633 3915 685 3962 nne
708 3897 882 3980 deperire?
905 3895 973 3962 vei:
997 3895 1080 3961 satin
1104 3892 1260 3959 credibile
1283 3898 1349 3969 eet,
1378 3890 1445 3955 hanc

291 4009 421 4073 quoqne
444 4011 496 4059 me
517 3996 650 4060 amare?
672 3994 755 4062 Hinc
777 3995 897 4060 factum
921 3997 958 4060 ut
977 3996 1061 4055 eotin
1075 3992 1109 4057 in
1123 3990 1354 4067 locutionibus,
1377 4001 1445 4071 qnae

291 4108 364 4157 cnm
394 4091 605 4158 admiratione
634 4094 838 4175 interrogant
869 4091 922 4157 vei
955 4092 1009 4157 vix
1042 4090 1195 4156 credibile
1228 4087 1355 4170 aliquid
1387 4100 1446 4152 cese

292 4186 483 4270 significant,
507 4190 657 4256 adiuncta
679 4199 787 4258 tamen
811 4192 929 4272 ubique
952 4189 1206 4269 interrogatione
1222 4186 1446 4269 frequentetur.

294 4284 373 4350 nihii
395 4288 532 4368 amplius
554 4294 668 4356 notans
691 4308 787 4371 quem
809 4293 892 4354 done
914 4309 984 4353 vero
1006 4291 1070 4352 eati
1093 4285 1159 4352 eei:
1174 4289 1272 4363 qnid?
1294 4282 1446 4363 mund?

290 4380 392 4449 Paulo
415 4385 511 4452 aliter
533 4388 616 4454 inira
638 4387 705 4452 Mil.
728 4389 785 4467 IV,
809 4394 839 4469 3,
862 4395 919 4456 41;
951 4390 1041 4451 Satin
1062 4395 1097 4449 nt
1126 4389 1327 4451 commodine
1354 4398 1448 4461 neone⁴
