3125 5075
202 361 270 422 3⁶⁰
661 345 790 393 ΡΒΟΙΟΙ.
804 343 868 390 Ost·
882 345 918 386 VI.

210 521 343 589 vanum.
365 518 495 588 Terent
516 519 644 597 Phorm.
667 518 706 601 V,
730 524 761 599 9,
785 523 841 585 27:
885 523 963 582 Nam
983 537 1081 596 neque
1103 523 1298 599 neglegencia
1317 529 1355 588 tu

200 638 306 698 ,neque
329 621 397 683 odio
410 621 443 682 id
458 619 531 682 iecit
553 628 614 693 tuo,
638 617 693 682 ubi
714 619 899 694 neglegentia
921 624 974 680 bro
995 621 1058 697 est,
1078 633 1143 697 qua
1164 622 1202 683 tu
1224 618 1354 701 neglige

209 717 256 784 ris
279 719 435 785 etodium
456 723 549 795 mm,
572 731 636 796 quo
659 720 695 780 tu
717 714 791 780 odio
813 712 952 794 haberis,
975 733 1005 780 v.
1026 712 1177 781 Ruddim.
1196 733 1227 796 p.
1252 720 1305 782 ab.

313 820 364 882 14.
408 818 576 877 Prmwmcn
597 816 768 887 rcfleaiosos
796 811 828 876 in
851 811 951 877 latina
977 811 1088 893 lingua
1108 830 1173 878 non
1195 818 1288 880 extat
1308 813 1355 880 nis

209 909 327 978 tertiae
347 929 517 993 personae,
547 929 619 980 cum
640 911 675 976 in
697 909 830 990 reliquis
851 909 1000 990 personis
1022 917 1180 991 congruet
1199 929 1274 978 cum
1295 929 1354 994 per

207 1009 317 1077 sonali.
362 1008 414 1075 Sic
436 1009 541 1074 Plaut
564 1008 679 1090 Amph.
703 1006 763 1085 III,
787 1013 817 1086 2,
841 1011 899 1072 26:
922 1010 995 1071 Cum
1018 1027 1055 1071 ea
1071 1018 1104 1071 tr
1126 1028 1296 1074 sermonem
1311 1029 1355 1074 nc·

206 1111 274 1170 ioco
298 1125 353 1170 nec
377 1111 457 1169 serio
477 1110 545 1169 Tibi
567 1109 689 1181 babeas,
713 1106 806 1187 adq.
831 1104 852 1170 l.
876 1103 937 1170 vid.
961 1104 1105 1171 Lindem.
1128 1106 1257 1172 'l'erent
1273 1108 1355 1172 Andr

204 1204 261 1285 lv,
287 1209 314 1284 l,
338 1208 373 1270 2:
411 1207 575 1269 Proxumus
597 1225 661 1268 snm
683 1214 801 1282 egomet
822 1207 894 1266 mihi
915 1202 959 1283 (v.
982 1202 1084 1269 Rudd.
1107 1203 1151 1283 11,
1173 1223 1204 1285 p.
1229 1210 1282 1283 52,
1304 1205 1355 1271 ad·

205 1308 272 1368 not.
293 1302 360 1379 26).
389 1302 535 1368 Pertinet
556 1307 663 1368 sutem
685 1300 747 1366 buc
768 1306 898 1382 praeter
917 1319 1092 1382 pronomen
1114 1308 1285 1383 personale
1307 1320 1355 1368 rs

207 1397 355 1466 flexivum
377 1402 426 1464 soi
439 1403 498 1464 sibi
510 1402 651 1466 scotiam
674 1399 892 1481 possessivum
913 1420 995 1478 sose,
1017 1400 1103 1479 quod
1123 1399 1198 1465 inde
1212 1400 1355 1481 origines

207 1498 323 1577 uexit,
350 1497 441 1572 cuius
465 1499 616 1579 antiquae
642 1496 764 1562 formae
792 1501 903 1564 exiam
929 1497 1014 1578 apud
1036 1496 1175 1564 Ennium
1192 1501 1241 1562 ais
1262 1503 1297 1562 et
1318 1517 1355 1562 so

208 1599 250 1673 (v.
274 1594 427 1662 Schmidt.
452 1595 493 1661 de
514 1614 655 1677 pronom.
678 1614 708 1675 p.
732 1597 794 1673 17),
816 1594 920 1660 annal
944 1613 972 1660 v.
1000 1600 1075 1660 150:
1098 1600 1212 1660 lumina
1232 1601 1276 1661 sis
1296 1618 1354 1662 ocn

201 1698 245 1770 ¹lis
279 1697 378 1771 (Fest.
402 1694 435 1758 in
456 1694 614 1774 excerptis
641 1692 735 1758 Pauli
756 1692 891 1759 Diaconi
919 1710 948 1773 p.
973 1698 1033 1759 301
1058 1692 1114 1769 M.)
1151 1698 1187 1759 et
1207 1695 1313 1760 annal.
1336 1714 1354 1761 v

210 1796 284 1858 loa:
308 1795 439 1869 Virginis
462 1811 530 1855 nam
553 1795 610 1855 sibi
631 1797 756 1869 quisque
780 1794 860 1853 domi
883 1794 1033 1855 Romanus
1048 1794 1140 1855 babet
1158 1811 1207 1856 sos
1230 1793 1355 1875 (ibidp

207 1891 293 1966 325).
318 1888 501 1970 Usurpctur
516 1895 623 1956 autem
638 1907 814 1969 pronomen
836 1887 1019 1956 reflexivum
1042 1897 1076 1957 et
1093 1890 1128 1954 in
1142 1890 1355 1955 enunciationv

206 1985 353 2067 simplici,
376 1987 403 2052 si
428 1992 485 2053 aut
506 1985 647 2051 retertur
669 1987 710 2051 ad
733 1986 911 2053 subiectum
939 1986 1171 2054 enunciationis
1194 1989 1272 2068 (quo
1295 2006 1354 2069 spe

208 2089 275 2150 ctat
297 2085 393 2150 etiam
416 2084 612 2152 constructio
634 2084 809 2150 accusativi
832 2104 904 2150 cum
926 2082 1096 2165 infinitivo,
1122 2085 1152 2151 si
1173 2085 1205 2150 in
1230 2091 1355 2167 utraqu

207 2182 427 2248 enunciatione
449 2183 532 2250 idem
555 2188 608 2248 est
628 2181 832 2263 subiectum),
854 2183 968 2249 autad
982 2182 1081 2248 abum
1096 2184 1242 2263 quemvis
1258 2201 1355 2250 casun

208 2280 410 2360 substantivi,
433 2280 518 2362 quod
541 2287 593 2347 est
614 2280 647 2344 in
670 2280 904 2359 enunciatione,
925 2285 960 2345 et
974 2281 1007 2344 in
1029 2280 1262 2346 enunciationis
1281 2298 1355 2346 com

209 2378 334 2460 positae
355 2385 449 2459 parte
470 2377 673 2456 secundaria,
696 2376 724 2440 si
746 2378 889 2459 pertinet
910 2378 952 2442 ad
972 2378 1153 2444 subiectum
1176 2379 1280 2459 partis
1301 2379 1355 2459 pri·

208 2476 339 2556 mariae,
361 2482 519 2557 quatenus
541 2494 616 2558 pars
637 2474 692 2542 illa
714 2476 819 2542 altera
840 2476 886 2542 ita
909 2480 959 2541 est
980 2493 1143 2557 expressa,
1167 2483 1204 2543 ut
1226 2478 1355 2558 pendeat

208 2598 247 2645 ex
270 2577 463 2657 cogitat-ione
486 2575 555 2641 sive
570 2573 762 2640 efficacitate
785 2573 876 2655 quasi
891 2574 1026 2641 subiecti
1049 2575 1203 2655 primarii,
1221 2593 1355 2639 nonnun·

207 2695 303 2758 quum
325 2674 406 2739 adeo
428 2674 474 2738 ita
496 2682 533 2738 nt
553 2671 614 2739 hoc
636 2673 815 2739 subiectum
837 2673 966 2737 nonsit
991 2674 1234 2753 grammaticum
1262 2671 1355 2737 forms

207 2771 393 2840 nominativi
416 2789 619 2851 expressum,
655 2771 712 2837 sed
745 2770 883 2852 logicum
907 2774 1049 2848 tantum,
1083 2771 1168 2852 quod
1191 2771 1355 2837 dicituro

207 2872 392 2953 cogitatum.
435 2868 552 2935 Rosius
575 2874 640 2948 est,
677 2868 705 2934 si
737 2868 922 2933 refleuivum
948 2867 1087 2933 refertur
1114 2869 1156 2933 ad
1183 2869 1355 2934 subiectum

207 2968 437 3036 enunciationis
474 2984 684 3048 praegressae
721 2967 768 3032 ita
797 2972 833 3031 ut
863 2973 999 3046 unaque
1032 2966 1213 3032 enunciatio
1242 2985 1302 3047 per
1329 2985 1355 3031 sv

206 3071 341 3146 constet,
363 3070 479 3131 neutra
501 3067 541 3132 ab
563 3065 667 3130 alters
688 3064 730 3129 sit
751 3071 836 3145 apta.
871 3063 1042 3129 Ordiamur
1065 3065 1186 3130 abusu
1209 3063 1242 3128 in
1265 3081 1355 3129 enuu

204 3165 342 3232 ciatione
364 3163 508 3245 simplici.
531 3162 630 3244 Legg.
654 3162 717 3228 XII
740 3162 828 3228 tabb.
851 3161 890 3242 V,
912 3160 951 3225 ir.
966 3166 1082 3227 ascai
1103 3182 1176 3227 succa
1197 3165 1288 3226 bores
1307 3180 1355 3224 nec

206 3268 256 3343 sit,
278 3280 307 3329 v.
331 3262 435 3328 locum
458 3262 668 3342 Digestorum
690 3278 710 3324 a
732 3259 907 3325 Dirksenio
927 3260 1102 3326 laudatum
1124 3260 1225 3326 Naev.
1247 3258 1287 3325 ir.
1302 3260 1354 3325 inc

203 3361 267 3429 fab.
292 3366 320 3439 3,
343 3378 373 3426 v.
400 3362 460 3424 110
481 3377 531 3439 ap.
556 3359 636 3424 Gall
660 3358 715 3439 VI,
737 3363 771 3424 8:
803 3379 869 3422 eum
891 3379 963 3423 scus
985 3368 1073 3437 pater
1096 3378 1162 3421 cum
1184 3362 1279 3435 pallio
1302 3377 1355 3421 una

204 3464 241 3524 ab
264 3463 360 3522 amica
383 3460 514 3521 abduxit.
560 3455 641 3522 esto
662 3455 700 3521 R.
723 3456 760 3521 R
784 3473 811 3521 c.
835 3461 869 3522 2:
905 3468 1058 3535 centones,
1081 3460 1254 3520 cuculiones
1277 3457 1355 3519 lami·

202 3563 273 3622 lism
296 3560 465 3635 oportuisse
487 3558 545 3619 rios·
567 3557 691 3629 sarcire,
715 3555 770 3620 nbi
791 3558 849 3618 sibi
871 3561 998 3635 spectat
1019 3554 1060 3620 ad
1083 3557 1243 3629 familiam.
1273 3551 1311 3619 C.
1334 3559 1353 3619 ⁵

201 3655 267 3720 ssa
289 3663 390 3718 servet
412 3656 580 3731 diligenter.
603 3651 665 3717 Ib.:
687 3658 730 3716 uti
752 3673 806 3716 suo
827 3657 950 3730 picisque
971 3658 1038 3717 loco
1061 3656 1159 3716 cubet
1205 3650 1241 3716 O.
1269 3658 1303 3716 i:
1327 3655 1355 3714 lr

202 3757 307 3817 eodem
330 3752 422 3814 fundo
448 3770 536 3814 saum
563 3754 705 3829 quidquid
733 3756 852 3816 conseri
880 3763 1014 3830 oportet,
1049 3746 1128 3814 osscb
1155 3748 1207 3830 ista
1236 3748 1355 3832 bollclbv

200 3847 349 3933 bosscnbc.
395 3846 430 3913 Ο.
454 3852 510 3914 48;
534 3849 629 3912 &om
650 3852 793 3928 quidquid
815 3870 909 3928 genus
931 3853 1078 3913 tslearum
1102 3853 1205 3913 serito.
1251 3847 1286 3913 Ο.
1310 3854 1351 3915 33

200 3953 345 4013 salictum
366 3966 421 4010 uso
445 3952 571 4022 tempore
593 3950 711 4011 caedito
733 3953 808 4014 cett
835 3948 931 4013 Ennii
953 3946 992 4012 ir.
1016 3953 1098 4029 trag.
1122 3965 1150 4011 v.
1176 3951 1252 4012 186:
1276 3950 1355 4012 Uno

200 4049 258 4110 stoi
280 4049 384 4124 populi
406 4055 437 4107 et
459 4063 546 4122 reges
570 4048 724 4108 consilium
748 4055 902 4123 expetunt.
945 4042 1225 4123 Plautinum,
1250 4050 1281 4124 2,
1305 4050 1350 4111 34

199 4147 246 4209 Ne
269 4152 361 4207 noctu
382 4146 457 4205 irem
479 4144 699 4207 obambulatum
721 4164 780 4207 neu
793 4163 882 4207 maon
903 4147 1065 4208 adimerem
1087 4147 1186 4221 alteri,
1209 4141 1285 4207 bc.
1306 4161 1355 4208 nc·

201 4241 324 4323 gotium
357 4240 426 4305 sive
453 4257 523 4304 rem
549 4258 651 4307 suam.
695 4241 810 4323 Avnpb.
841 4241 867 4324 I,
899 4247 927 4323 1,
957 4248 1011 4308 39:
1056 4245 1189 4319 Regiqne
1219 4243 1355 4305 Thebano

202 4341 313 4405 Oreum
334 4357 458 4416 regnum
481 4341 627 4402 stabilivit
647 4357 744 4404 scam.
790 4340 883 4407 Truc
905 4339 949 4421 Π,
972 4346 1003 4420 6,
1025 4345 1083 4405 25:
1120 4342 1313 4403 macbasrsm
1326 4357 1352 4403 -s
