3125 5075
586 375 730 415 DOCTRINA
756 376 988 417 Phnntcnhaunu.
1301 391 1317 448 3
1322 393 1339 447 3
1343 393 1361 448 d

209 561 340 625 Terent.
365 562 442 626 Hec.
466 564 525 641 III,
552 572 580 638 5,
606 569 658 628 38:
683 569 813 640 Amoque
834 573 861 626 et
884 568 971 627 laudo
994 573 1022 625 ct
1044 576 1196 628 vementer
1219 570 1365 632 desidero.

209 658 316 722 Piaut.
341 660 427 723 Asin.
453 659 514 738 ΙΙΙ,
539 666 572 738 2,
597 666 651 728 31;
684 666 726 725 Ut
747 682 852 736 meque
874 673 960 738 teque
982 682 1115 725 maxume
1138 671 1225 739 otqaae
1247 669 1365 740 ingenio

211 766 317 818 nostro
341 761 450 818 decuit.
496 758 592 821 Poen.
615 757 694 837 prol.
719 777 747 821 v.
773 765 807 824 3:
836 763 985 836 Sileteque
1011 768 1039 823 et
1062 771 1159 823 tacete
1187 767 1275 836 cipite
1303 766 1364 823 ani·

208 871 288 914 mum
312 857 468 915 advortite.

297 956 347 1017 36.
392 953 492 1026 Atque
514 953 686 1016 secundnm
711 953 871 1018 Handinm
895 954 926 1017 in
943 954 1034 1018 'ints
1058 955 1083 1029 Ι,
1108 975 1136 1035 p.
1160 962 1223 1020 452
1246 955 1364 1021 factum

208 1054 261 1112 est
283 1067 322 1113 ex
344 1056 391 1119 ot,
417 1066 499 1130 qnae
532 1067 595 1113 una
623 1069 683 1115 vox
710 1059 760 1116 est
789 1056 1067 1132 cnmp1·aep.od,
1098 1062 1130 1118 et
1152 1074 1213 1128 que.
1262 1055 1364 1118 Huius

207 1146 379 1211 decurtata
400 1146 502 1211 forma
527 1153 577 1211 est
599 1168 642 1209 oc.
674 1151 722 1213 Dc
745 1148 975 1229 significatione
999 1150 1142 1216 Handins
1165 1171 1194 1232 p.
1218 1156 1280 1215 458
1297 1170 1363 1232 sqq.

208 1242 289 1309 haec
312 1244 421 1308 hahet:
459 1247 513 1324 ,In
542 1247 722 1311 notionibus
754 1255 787 1310 et
816 1248 982 1312 sententiis
1010 1249 1238 1329 coniungendis
1267 1267 1364 1327 quirum

207 1341 327 1422 duplex
350 1359 421 1407 esse
443 1344 546 1423 possit
568 1344 659 1419 ratio,
683 1344 794 1420 altera,
818 1363 881 1425 qna
903 1352 1012 1425 partes
1029 1346 1217 1425 simpliciter
1231 1347 1365 1426 iungan-

208 1444 266 1504 tur
288 1443 421 1505 externo
442 1458 524 1504 nexu
549 1442 738 1521 iunctaeque
768 1444 808 1505 ad
836 1442 953 1521 aliquid
984 1460 1149 1507 commune
1173 1441 1364 1521 referantur,

208 1536 331 1612 altera,
359 1554 424 1615 oua
446 1538 591 1602 notiones
614 1546 648 1602 et
670 1540 909 1603 enuntiationes
931 1540 1013 1603 duae
1036 1541 1161 1619 acqtrali
1185 1541 1364 1605 conditione

209 1632 258 1698 ita
279 1641 523 1713 componantur,
555 1642 590 1699 nt
611 1644 668 1701 eut
692 1638 858 1717 utriusque
881 1637 1021 1717 aequalis
1045 1638 1184 1716 dignitas
1207 1637 1364 1716 exprima-

207 1737 274 1808 tur,
298 1736 355 1795 aut
377 1732 597 1812 necessitudo,
621 1751 684 1813 qna
706 1739 842 1813 utraque
865 1735 990 1813 aequali
1012 1735 1105 1798 modo
1129 1734 1299 1799 cohaereat
1315 1734 1365 1796 vel

207 1829 428 1906 mnonuemr,
457 1828 687 1909 significantius
722 1839 893 1911 appareat,
930 1832 1033 1895 Latini
1062 1831 1145 1895 hnnc
1180 1832 1363 1895 interiorem

205 1944 323 1991 nerum
347 1944 410 1990 uon
432 1925 597 1991 fortuitum
621 1929 804 2007 exprimunt
825 1947 883 2009 per
906 1937 1000 2003 acme.
1048 1929 1083 1993 Id
1114 1930 1252 2009 undique
1282 1948 1365 1992 corn-

205 2023 365 2106 prohatnr
392 2040 488 2102 quum
509 2025 581 2088 aliis
603 2025 748 2089 omnihus
780 2025 945 2106 exemplis,
975 2032 1041 2089 turn
1073 2028 1207 2091 maxime
1231 2045 1268 2091 eo
1293 2045 1363 2104 usu,

206 2138 272 2202 qno
293 2121 453 2201 particulo
474 2122 507 2184 in
529 2124 764 2202 comparatione
792 2130 824 2186 ct
851 2124 882 2185 in
910 2124 1151 2187 ratiocinatione
1181 2131 1363 2204 usurpatur.

208 2249 253 2261 —
269 2217 460 2283 Universum
484 2219 577 2283 huius
600 2221 734 2284 nominis
757 2239 848 2283 nsum
872 2221 912 2283 ad
935 2221 998 2283 duo
1015 2220 1227 2301 exemplorum
1246 2239 1365 2301 genera

208 2321 300 2381 recte
320 2314 436 2379 referri
458 2333 551 2396 posse
575 2324 734 2396 putamus.
769 2317 851 2380 Nam
875 2323 910 2381 et
931 2317 1112 2381 notionibus
1136 2317 1364 2398 coniungendis

207 2419 243 2478 et
280 2414 450 2480 sententiis
483 2415 648 2479 nectendis
681 2416 815 2478 inservit
843 2431 906 2477 nna
933 2413 992 2476 hac
1025 2413 1267 2494 significatione,
1302 2432 1365 2493 qna

207 2511 293 2576 dnae
324 2528 377 2577 res
413 2528 475 2577 uon
510 2517 634 2577 tantum
667 2516 888 2593 apponuntur,
923 2512 980 2577 sed
1012 2512 1268 2593 aequiparantur.
1315 2511 1365 2577 lta

206 2611 378 2675 coniuncta
399 2626 462 2674 non
484 2609 670 2688 adhaerent,
692 2609 749 2674 sed
772 2609 939 2675 inhaerent
961 2611 1092 2674 invicem
1118 2610 1188 2675 sihi.
1210 2644 1253 2654 -
1278 2609 1365 2672 Haec

210 2710 320 2772 autem
344 2706 454 2771 eudem
478 2713 528 2771 est
550 2725 656 2787 causa,
680 2713 876 2787 quapropter
891 2713 1002 2787 partes
1018 2708 1181 2788 orationis,
1205 2724 1287 2786 quae
1303 2726 1363 2787 per

209 2811 299 2880 curce
322 2804 565 2885 coniunguntur,
589 2808 690 2871 artius
713 2806 883 2870 cohaerere
899 2805 1055 2870 videntur.
1093 2805 1174 2869 Nam
1199 2804 1365 2868 inhaerent

206 2902 269 2967 tihi
292 2901 428 2966 invicem
451 2907 484 2967 et
506 2903 597 2981 quasi
620 2901 792 2967 confluunt.
824 2904 916 2968 Unde
939 2905 1034 2968 etiam
1059 2901 1109 2978 fit,
1133 2910 1170 2966 nt
1190 2902 1269 2967 haec
1292 2920 1362 2982 par-

205 2998 309 3065 ticula
330 3016 399 3064 enm
423 3000 455 3063 in
476 3016 511 3064 se
535 3000 668 3080 recipiat
690 3002 753 3064 vim
776 2999 1069 3076 demonstrativam,
1093 3017 1172 3081 qua,
1196 3006 1232 3064 nt
1254 3019 1361 3064 rerum

206 3114 369 3163 connexus
392 3097 605 3177 percipiatur,
635 3099 774 3161 animum
806 3097 846 3160 ad
873 3097 966 3161 aliam
996 3115 1062 3161 rem
1094 3098 1189 3161 simui
1218 3114 1363 3177 compre-

205 3193 406 3259 hendendam
429 3194 577 3275 perducit
600 3212 732 3274 eamque
755 3211 858 3274 aequo
880 3195 973 3258 modo
991 3193 1252 3258 considerandam
1275 3210 1363 3255 mon-

205 3297 299 3357 strat.
324 3326 364 3338 ν-
387 3291 597 3374 coniungitur
627 3301 718 3368 atque
740 3310 810 3357 cnm
833 3292 1071 3371 pronominibus
1102 3291 1360 3355 demonstrativis

204 3395 238 3454 et
271 3390 494 3470 personalibus
517 3391 585 3471 ipsa
612 3409 670 3454 suc
699 3390 731 3453 vi
758 3409 796 3454 ac
825 3394 956 3466 natura,
991 3394 1023 3453 et
1045 3389 1129 3468 quod
1156 3386 1362 3452 attrahuntur

203 3486 404 3567 pronomina,
434 3488 467 3552 id
495 3505 556 3551 non
579 3487 648 3552 sola
671 3487 901 3551 consuetudine
924 3484 975 3565 fit,
1006 3486 1061 3550 sed
1089 3486 1244 3549 ratione.“
1292 3486 1358 3547 iam

202 3583 322 3651 Handii
348 3585 605 3650 distributionem
634 3602 770 3665 sequens
800 3585 965 3665 potissima
993 3601 1111 3665 genera
1138 3583 1231 3646 huius
1263 3583 1362 3661 parti·

202 3683 295 3747 culae
319 3683 502 3748 recensebo.

289 3796 317 3843 a.
363 3779 409 3843 hc
438 3779 575 3861 primum
608 3780 880 3861 particulamque
914 3779 945 3843 id
978 3778 1142 3860 proprium
1178 3778 1287 3847 habet,
1324 3784 1360 3840 ut

200 3877 359 3941 unitatem
392 3877 553 3942 notionum
589 3878 772 3943 interiorem
808 3894 987 3957 nexumque
1025 3894 1132 3941 rerum
1168 3877 1199 3939 in
1233 3874 1361 3955 aeqrtaii

200 3974 327 4038 ratione
369 3975 568 4058 conspicuam
607 3973 770 4056 significet.
837 3975 950 4040 Unitas
988 3975 1071 4040 enim
1105 3974 1160 4037 illa
1200 3973 1250 4036 vel
1290 3975 1360 4052 ipsa

199 4076 341 4151 apparet
373 4073 405 4135 in
438 4073 533 4139 rchns
574 4074 667 4138 unius
708 4073 848 4153 generis,
893 4071 943 4136 vel
983 4071 1148 4136 conficitur
1185 4071 1280 4135 rebus
1319 4070 1360 4132 ad

200 4184 297 4234 unam
324 4170 481 4234 rationem
508 4187 610 4251 aequo
637 4170 731 4235 modo
760 4169 968 4234 conferendis.
1016 4169 1086 4246 Quo
1114 4168 1242 4249 quidem
1271 4174 1360 4242 atquc

200 4264 310 4330 diiiert
338 4266 379 4330 ab
408 4274 450 4344 et,
483 4270 568 4347 qnod
591 4286 711 4332 meram
735 4267 988 4332 coniunctionem
1016 4267 1147 4331 denotat
1178 4271 1289 4345 atque,
1324 4270 1360 4326 nt

200 4362 277 4442 diri,
300 4363 490 4443 ubicumque
509 4367 634 4430 ohtinet
650 4366 752 4430 locum
770 4382 870 4431 suum.
895 4363 931 4428 In
947 4364 1169 4429 connectendis
1185 4367 1290 4427 autem
1307 4361 1361 4425 his
