3125 5075
289 267 328 323 78
717 257 873 298 SUBSTAM‘I'.
894 258 957 299 CAP.
974 259 1015 299 lll.

284 450 377 492 mare.
399 429 492 511 Epid.
516 428 542 507 Ι,
570 435 596 509 l,
620 436 676 494 47:
702 435 859 510 Utcunque
882 436 916 493 in
935 435 996 494 olto
1019 441 1145 494 ventust.
1169 429 1268 499 Stich
1293 432 1318 513 1,
1335 438 1364 510 3,
1382 440 1402 500 5
1417 440 1449 500 et

286 534 319 594 6:
347 533 378 590 in
404 533 482 592 alvo.
520 528 635 594 Pseud.
664 528 718 607 Ν,
752 534 780 608 2,
812 536 862 593 15:
898 535 928 591 in
958 534 1125 608 angiportu.
1164 533 1258 595 Most.
1287 530 1325 610 V,
1359 539 1387 612 l,
1415 539 1449 598 5:

286 630 401 690 Ostium
430 630 509 704 quod
540 631 573 687 iu
600 631 797 703 aeegmortust.
827 627 941 694 Bacch.
969 646 997 689 v.
1033 634 1063 691 l:
1098 631 1211 703 Quibus
1240 633 1392 707 ingenium
1418 633 1451 692 ia

288 729 388 786 estimo
410 728 554 787 utibilest.
585 724 699 789 Pseud.
721 725 763 805 11,
787 734 817 805 4,
842 731 897 791 69:
922 728 1069 803 Quidquid
1086 730 1196 789 incerti
1225 731 1266 789 mi
1287 732 1322 789 iu
1351 734 1449 793 auimo

284 828 369 901 prius
393 833 444 884 aut
466 827 631 899 ambiguum
655 823 720 887 luit.
759 823 875 889 Pseud.
900 823 924 903 Ι,
948 829 976 901 5,
1004 829 1077 889 159;
1100 828 1131 887 in
1155 828 1255 887 corde.
1277 826 1323 906 ΙΙ,
1346 835 1377 907 4,
1394 834 1448 893 52:

285 926 316 983 in
341 923 440 983 corde.
464 919 558 984 Most.
582 920 609 1001 Ι,
633 927 662 999 3,
686 928 719 987 9:
744 925 870 984 Madent
891 926 948 984 iam
971 926 1004 983 in
1025 925 1112 983 corde
1133 927 1275 1000 parietes.
1299 924 1399 991 Merc
1422 946 1449 992 v.

286 1025 366 1085 363:
395 1023 425 1080 in
448 1022 548 1081 corde.
572 1019 687 1085 Bacch.
711 1019 766 1098 Ν,
791 1026 819 1101 3,
845 1027 899 1086 14:
928 1025 1026 1084 Multa
1051 1026 1131 1083 malo
1153 1025 1193 1083 mi
1219 1024 1253 1083 in
1268 1032 1390 1100 pedore
1412 1062 1449 1075 -

285 1138 361 1180 nunc
386 1120 536 1179 eveniunt.
560 1117 615 1197 IV,
642 1124 691 1198 10,
717 1127 747 1184 l:
777 1125 810 1181 iu
826 1127 944 1196 pectore
966 1140 1028 1183 oceo
1050 1120 1145 1183 foveo.
1169 1118 1207 1197 V,
1232 1124 1261 1199 l,
1284 1127 1342 1186 24:
1370 1125 1450 1186 idem

283 1220 355 1279 mihi
377 1219 497 1279 morbus
519 1222 552 1279 iu
571 1225 723 1295 pmtorcst.
762 1216 878 1282 Bacch.
903 1217 960 1296 ΙΠ,
985 1224 1013 1297 3,
1040 1224 1071 1281 l:
1099 1221 1186 1280 Nunc
1210 1224 1350 1296 experiar
1373 1226 1448 1284 sitne

284 1324 371 1377 aceto
394 1319 449 1379 tibi
472 1336 523 1380 cor
546 1336 615 1379 acre
637 1319 671 1375 iu
688 1321 814 1389 pectore.
843 1314 957 1381 Pseud.
980 1316 1005 1394 l,
1037 1320 1064 1394 l,
1094 1319 1149 1380 32:
1178 1320 1255 1380 Nam
1277 1321 1348 1381 istic
1369 1337 1449 1381 meus

285 1418 399 1477 unimus
423 1434 501 1477 nuuc
525 1424 587 1489 est,
616 1433 673 1475 non
703 1416 737 1473 ia
753 1420 878 1489 pectore.
903 1413 945 1493 ΙΙ,
969 1421 999 1492 4,
1025 1416 1081 1478 49:
1112 1417 1142 1475 in
1169 1424 1303 1491 pectore.
1334 1415 1447 1481 Pseud.

285 1530 313 1576 v.
339 1518 414 1578 941:
437 1517 471 1573 ia
487 1519 606 1587 pectore
629 1515 750 1573 condita
773 1521 850 1573 sunt.
874 1509 958 1576 Men.
983 1510 1021 1591 V,
1038 1515 1068 1591 2,
1084 1519 1118 1579 9:
1143 1516 1197 1576 Set
1211 1507 1286 1575 hae'c
1311 1533 1360 1576 ros
1376 1516 1445 1576 mihi

282 1616 316 1673 iu
331 1617 450 1687 pectore
473 1618 504 1670 et
526 1612 611 1673 eorde
633 1619 762 1672 curaest.
786 1607 880 1673 Most.
904 1628 932 1673 v.
948 1613 1025 1674 866:
1050 1615 1079 1672 in
1100 1620 1234 1689 pectore,
1257 1611 1337 1675 item
1351 1611 1448 1683 Mero,

283 1709 325 1788 ΙΙ,
343 1714 371 1786 3,
391 1715 438 1773 ll.
454 1707 550 1772 Mero.
575 1725 602 1771 v.
629 1711 704 1772 590:
727 1710 760 1767 ia
776 1714 895 1783 pectore
911 1718 999 1786 atque
1022 1712 1056 1770 iu
1070 1712 1165 1774 corde.
1189 1708 1307 1774 Pseud.
1324 1729 1352 1773 v.
1370 1714 1432 1773 578

283 1811 341 1869 iam
365 1826 420 1883 ego
442 1809 475 1865 ia
494 1813 612 1881 pectore
639 1826 701 1867 mco
728 1810 812 1882 prius
842 1809 889 1867 lte
912 1811 1015 1882 paravi
1039 1812 1150 1885 copias.
1194 1806 1289 1871 Most.
1319 1825 1347 1871 v.
1371 1811 1446 1873 409:

282 1910 315 1967 iu
332 1912 489 1980 pectorosi.
513 1903 626 1969 Pseud.
650 1922 679 1965 v.
704 1909 781 1967 575:
805 1907 909 1981 Neque
934 1909 1012 1981 quod
1036 1908 1166 1966 dubitem
1192 1924 1288 1982 neque
1313 1908 1392 1982 quod
1414 1910 1447 1967 ti-

285 2023 380 2065 meam
402 2023 465 2064 oceo
487 2006 518 2062 iu
535 2009 653 2077 pectore
676 2004 826 2064 conditum
851 2007 1045 2066 consiliumet.
1068 2002 1183 2067 Pseud.
1207 2001 1234 2081 I,
1251 2007 1280 2081 2,
1299 2006 1354 2069 33:
1378 2007 1447 2066 Per-

283 2121 350 2163 nam
375 2135 416 2143 -
440 2119 542 2162 sumen
565 2100 631 2162 luce
653 2104 684 2160 in
709 2119 788 2175 uque
811 2104 940 2162 iaceant.
963 2100 1078 2166 Bacch.
1102 2100 1156 2178 lv,
1185 2107 1216 2179 4,
1248 2105 1323 2166 102:
1351 2107 1383 2164 iu
1405 2104 1447 2164 bi·

282 2202 381 2261 clinio.
406 2202 435 2275 9,
455 2203 507 2261 14;
532 2218 589 2260 non
612 2202 646 2259 iu
669 2203 750 2261 busto
772 2201 894 2274 Achilli,
918 2204 971 2263 scd
992 2203 1026 2261 iu
1048 2203 1119 2261 lecto
1142 2201 1278 2262 adcubat
1305 2199 1389 2264 Men.
1411 2198 1447 2263 Vi

283 2302 312 2373 7,
336 2301 391 2360 25:
415 2300 445 2356 in
470 2300 578 2373 capite.
601 2295 689 2360 Pers.
714 2296 739 2374 Ι,
763 2302 794 2373 4,
820 2301 875 2361 18:
904 2302 1076 2360 incarcere
1103 2308 1136 2359 ut
1167 2301 1218 2361 sis.
1247 2295 1364 2363 Bacch.
1393 2295 1446 2373 Ν,

281 2402 312 2473 4,
329 2399 384 2458 81:
408 2398 470 2456 Iam
494 2397 671 2470 imperatum
695 2399 728 2455 iu
743 2414 813 2457 cero
834 2399 921 2458 inest.
944 2395 1059 2461 Pseud.
1082 2396 1108 2476 1,
1134 2402 1161 2472 l,
1185 2401 1240 2460 54:
1263 2399 1444 2473 Expressam

281 2495 315 2554 iu
337 2514 405 2558 cera
419 2527 462 2536 —
478 2495 643 2570 imaginem.
667 2492 763 2558 Stich.
789 2492 847 2572 ΙΙΙ,
867 2500 894 2571 1,
913 2498 965 2558 12;
989 2498 1020 2557 in
1044 2514 1177 2570 cercuro,
1200 2497 1231 2556 in
1255 2502 1350 2571 stega.
1365 2492 1440 2558 Rud.

283 2590 339 2670 IV,
363 2597 392 2670 3,
417 2595 472 2655 68;
496 2594 554 2653 iam
576 2595 610 2652 iu
632 2597 748 2656 cerebro
772 2596 914 2670 colaphos
938 2597 1110 2671 apstrudam
1134 2599 1192 2656 tuo.
1217 2592 1317 2658 Mera
1339 2612 1369 2659 v.
1395 2597 1441 2657 lu:

280 2696 311 2753 in
335 2692 510 2765 comoediis,
541 2691 616 2755 item
639 2688 753 2755 Pseud.
777 2688 838 2769 Ν,
870 2695 900 2769 6,
934 2697 981 2756 19.
1005 2689 1120 2755 Pseud.
1144 2708 1172 2754 v.
1200 2694 1296 2755 1240:
1328 2695 1359 2753 in
1381 2695 1441 2753 aliis

282 2791 452 2853 comoediis.
475 2786 559 2851 Meu.
578 2794 658 2867 prol.
676 2808 703 2852 v.
722 2793 757 2852 o:
782 2792 873 2865 Atqui
896 2792 953 2851 hoc
975 2800 1083 2865 poetae
1106 2789 1219 2851 iaciunt
1234 2793 1267 2850 ia
1282 2791 1439 2853 comoediis.

280 2883 368 2949 Pers.
393 2885 438 2963 ΙΙ,
463 2893 498 2964 5,
526 2890 580 2949 ld:
615 2889 646 2947 in
670 2890 810 2949 crumina.
835 2885 892 2963 IV,
916 2894 952 2965 4,
977 2893 1031 2952 79:
1066 2893 1095 2949 in
1120 2891 1228 2962 culina,
1263 2891 1295 2949 in
1331 2891 1439 2966 angulo.

282 2981 397 3048 Pseud.
415 2982 468 3061 IV,
486 2989 515 3062 7,
539 2988 594 3049 81:
618 2996 688 3047 tune
712 2988 802 3046 etiam
827 2990 961 3048 cubitare
985 2985 1100 3048 solitu’s
1122 2986 1250 3048 incunte
1272 2987 1371 3063 puer?
1391 2984 1439 3060 Ν,

281 3087 311 3161 2,
334 3089 390 3147 44:
421 3086 592 3145 Sumbulust
619 3087 652 3144 iu
674 3087 808 3159 epistula.
834 3083 950 3147 Bacch.
980 3081 1035 3160 IV,
1066 3088 1095 3162 9,
1129 3090 1182 3147 17:
1210 3087 1267 3147 hoc
1291 3089 1393 3148 insunt
1412 3087 1440 3144 iu

280 3201 360 3257 equo.
384 3180 477 3245 Most.
502 3199 528 3244 v.
553 3185 634 3245 829:
659 3185 754 3243 Viden
778 3191 953 3258 coagmenta
975 3185 1008 3242 ia
1030 3182 1167 3253 foribus?
1190 3182 1306 3246 Pseud.
1331 3182 1389 3262 111,
1412 3186 1436 3258 2,

285 3285 338 3344 ll:
362 3282 415 3342 Set
436 3298 510 3355 quor
533 3283 660 3342 sedebas
682 3284 715 3339 in
737 3281 811 3352 foro.
840 3277 894 3358 IV,
923 3283 952 3358 2,
987 3284 1024 3343 17
1049 3285 1082 3344 et
1104 3278 1158 3356 IV,
1183 3285 1212 3358 7,
1235 3284 1292 3343 46;
1317 3286 1347 3342 in
1371 3282 1438 3344 toro.

279 3377 371 3443 Most.
395 3376 452 3454 ΙΙΙ,
481 3384 507 3455 1,
531 3381 565 3441 3:
602 3380 635 3438 iu
666 3379 732 3450 soro
755 3379 831 3453 dego
855 3381 941 3439 diem.
964 3376 1059 3442 Most.
1086 3381 1182 3442 1051:
1219 3382 1250 3440 in
1281 3398 1349 3442 meo
1372 3380 1439 3440 lonc.

278 3474 394 3542 Bacch.
419 3473 475 3555 III,
500 3480 529 3553 3,
553 3482 609 3540 74:
641 3479 682 3539 Ut
704 3480 787 3552 ipsus
808 3478 841 3535 iu
861 3479 974 3551 gremio
996 3480 1200 3539 ausculantem
1223 3481 1380 3539 mulierem
1400 3485 1440 3537 te·

278 3586 350 3639 neat
373 3577 502 3637 sedens?
527 3572 642 3637 Pseud.
666 3572 721 3652 IV,
746 3578 774 3649 2,
798 3583 834 3638 4:
864 3587 981 3651 egomet
1010 3577 1058 3636 hic
1086 3577 1119 3634 iu
1140 3575 1259 3637 insidiis
1286 3594 1351 3638 ero.
1379 3573 1439 3637 Mil.

279 3673 334 3751 IV,
359 3678 389 3752 8,
413 3677 468 3737 25:
493 3675 579 3734 labra
599 3675 633 3732 iu
656 3673 749 3733 lubrie
771 3672 957 3733 ferruminut.
981 3672 1095 3736 Bacch.
1121 3671 1175 3751 Ν,
1193 3678 1222 3752 7,
1242 3677 1296 3736 l7:
1319 3675 1440 3747 income

278 3783 359 3835 astus
384 3773 490 3846 capua,
515 3779 548 3831 ut
569 3789 680 3846 praeco
703 3773 869 3846 praedicat.
895 3769 981 3833 Pers.
1006 3770 1043 3847 V,
1071 3771 1439 3848 1‚15:Tu‚sigurisuo‚

278 3872 419 3933 accumbe
442 3873 476 3929 io
496 3887 617 3930 summa
640 3866 757 3931 Bacch.
781 3865 836 3945 IV,
865 3872 894 3945 7,
925 3871 980 3933 38:
1006 3871 1065 3943 Qui
1088 3875 1156 3930 sunt
1176 3869 1210 3926 iu
1231 3868 1304 3929 lecto
1325 3869 1378 3936 illo
1399 3869 1438 3928 ol

278 3970 362 4030 tero‘?
398 3965 495 4032 Stich.
519 3965 577 4046 ΙΙΙ,
601 3971 630 4042 2,
655 3970 711 4030 32;
750 3967 783 4024 ia
805 3966 876 4026 tecto
897 3998 938 4007 -
963 3967 1149 4027 adcumbere.
1179 3962 1235 4035 IV,
1266 3971 1294 4043 l,
1325 3969 1380 4029 66:
1414 3966 1440 4025 iu

278 4070 367 4129 lecto.
395 4062 480 4128 Meu.
503 4064 529 4142 I,
557 4069 583 4143 l,
607 4067 662 4126 27:
689 4065 862 4124 Standumst
888 4066 922 4122 iu
944 4065 1024 4125 ocu.
1056 4062 1143 4126 Pers
1167 4061 1193 4141 l,
1216 4067 1246 4138 2,
1272 4068 1326 4126 17:
1357 4067 1388 4124 in
1410 4079 1441 4123 ca

278 4167 354 4239 lege.
379 4162 492 4228 Pseud.
515 4180 543 4225 v.
569 4164 647 4225 too:
676 4163 717 4222 Iu
740 4163 837 4223 libello
859 4163 912 4221 boc
933 4163 1087 4236 opsigiuulc
1109 4179 1183 4235 quas
1206 4162 1262 4220 tuli
1278 4158 1440 4235 nemetae

278 4277 307 4322 v.
333 4266 409 4324 544:
441 4264 533 4336 Quasi
557 4280 642 4337 quom
666 4262 799 4321 bilibre
828 4260 998 4320 scribuntur
1020 4261 1134 4319 calamo
1158 4259 1275 4321 literae.
1300 4254 1396 4325 Stich.
1416 4252 1439 4333 Ι,
