3125 5075
488 368 576 407 CASUS
592 368 860 407 sUBsTAn'TmmAUit.
876 387 900 396 -·
916 367 1081 406 (tumuitus.
1306 372 1367 430 325

229 548 383 623 quicqum.
405 543 501 610 Most
518 543 575 623 IV,
598 550 628 623 8,
652 548 708 607 25:
731 546 850 605 Mecum
871 550 905 602 ut
927 545 981 602 illu
1002 544 1052 602 hio
1074 543 1211 617 gesserit,
1233 542 1312 600 Dum
1333 544 1367 599 tu

226 644 284 705 iiuc
305 646 380 707 unos
400 646 513 723 moa,
542 641 598 707 ubi
620 638 813 705 Ritschelius
835 639 927 705 addit
951 643 1124 719 quidquam.
1168 635 1284 702 Bacch.
1306 636 1367 717 ΙΠ,

222 744 243 818 4,
265 744 300 803 5:
336 743 413 804 Nam
435 742 510 802 mihi
532 742 623 800 diuini
645 758 804 815 numquam
826 742 982 817 qnisquam
1004 738 1138 801 creduut
1182 736 1254 804 Aul.
1285 736 1313 815 l,
1337 740 1366 815 2,

222 841 266 901 88:
310 841 508 914 quadrarum
530 857 640 915 geram.
685 836 800 901 Bacch.
824 836 849 913 I,
873 841 903 915 2,
926 841 960 901 9:
1004 837 1085 916 Quid
1105 836 1161 896 tibi
1181 836 1364 898 commercist.

220 932 305 1001 ime.
328 936 372 1011 11,
396 940 425 1014 6,
449 941 489 1000 67
502 957 509 997 ε
554 945 602 997 sot
628 938 698 1011 qnid
720 939 792 997 illuc
814 937 935 998 bonist?
970 936 1034 1014 (Ap
1057 941 1104 995 sut
1126 936 1198 1009 quit.
1244 932 1291 996 Θε
1313 934 1367 993 scd

219 1043 302 1118 quid).
338 1034 431 1116 Epid.
455 1032 497 1111 II,
521 1038 550 1108 2,
575 1036 631 1096 26;
653 1036 726 1094 Tum
749 1038 934 1109 captivorum
958 1036 1028 1112 quid
1051 1035 1125 1096 cett
1148 1028 1314 1093 Vidnlaria
1335 1046 1366 1109 p.

217 1144 280 1215 483,
304 1154 335 1199 v.
357 1142 399 1197 4:
436 1143 469 1193 ut
491 1152 546 1210 ego
567 1133 663 1192 dicum
686 1134 764 1208 signi
786 1134 856 1208 qnid
879 1136 926 1194 sit.
971 1130 1060 1195 Asin.
1085 1127 1122 1207 V,
1146 1132 1176 1207 2,
1200 1132 1251 1192 32:
1290 1129 1367 1201 Quid

217 1237 298 1313 nodi,
320 1243 420 1311 puter,
444 1233 643 1308 amplexando
666 1229 780 1291 iacias?
803 1230 868 1295 Mil.
884 1230 938 1309 IV,
962 1234 991 1307 8,
1018 1233 1049 1294 1:
1074 1230 1151 1304 Quid
1173 1231 1252 1290 modi
1267 1226 1366 1288 flendo

216 1353 320 1411 quaeso
342 1333 432 1392 hodio
455 1329 569 1391 facies?
603 1326 674 1390 Aul.
698 1325 753 1407 IV,
779 1333 829 1407 10,
852 1334 909 1393 72:
940 1332 993 1392 ibo
1016 1332 1107 1405 intro,
1129 1335 1163 1388 ut
1185 1328 1255 1402 quid
1278 1327 1365 1386 huius

218 1435 253 1493 roi
276 1435 318 1493 sit
342 1433 443 1491 sciam.
489 1425 603 1507 Amph.
627 1424 706 1505 prol.
731 1444 759 1490 u.
784 1432 840 1490 58:
868 1430 969 1489 Teneo
991 1428 1062 1503 qnid
1084 1428 1175 1487 uuimi
1197 1427 1290 1488 vostri
1312 1443 1360 1485 su-

215 1550 261 1605 per
282 1532 343 1591 hac
365 1546 400 1589 rc
424 1530 491 1590 siet.
528 1525 571 1603 ΙΙ,
595 1529 624 1605 2,
649 1530 707 1590 57:
735 1528 812 1600 Quid
835 1528 925 1587 animi
948 1528 1083 1588 habeam.
1120 1521 1147 1603 1,
1173 1528 1200 1601 l,
1226 1525 1281 1586 18:
1305 1540 1364 1583 non

215 1636 330 1705 reputat
352 1627 426 1701 qscu‘d
445 1628 575 1687 monast.
622 1640 651 1687 v.
677 1627 751 1687 194:
791 1626 869 1698 Quid
891 1657 933 1668 —
955 1626 1012 1685 tibi
1032 1622 1185 1701 negotist?
1227 1618 1253 1700 I,
1276 1624 1306 1700 3,
1327 1624 1363 1683 4:

216 1728 285 1801 Quid
308 1730 388 1787 istuc
410 1733 467 1802 est,
489 1727 529 1784 mi
552 1728 609 1796 viu,
632 1724 741 1798 negoti.
786 1721 882 1785 Poen.
911 1720 949 1801 V,
976 1726 1006 1800 4,
1031 1728 1086 1788 79:
1130 1725 1241 1783 misera
1263 1723 1365 1793 mutuo,

216 1827 278 1901 quid
300 1826 360 1886 hoc
383 1825 423 1885 sit
445 1824 555 1898 nugati.
591 1818 629 1899 V,
654 1826 683 1894 ὁ,
707 1824 763 1883 27;
790 1822 867 1894 Quid
890 1823 945 1881 tibi
968 1823 1107 1897 negotist.
1152 1817 1249 1882 Poen.
1272 1816 1311 1896 V,
1333 1821 1364 1891 4,
1474 1864 1477 1872 .

216 1926 263 1986 68:
303 1922 383 1996 Quid
406 1922 436 1980 id
460 1929 506 1982 est
528 1919 621 1980 inuti?
643 1918 703 2000 (sio
726 1916 840 1992 Both.;
862 1917 964 1998 vulg.:
993 1920 1071 1993 Quid
1094 1917 1197 1980 sortist
1218 1916 1295 1991 idi).
1325 1914 1364 1992 V,

216 2030 237 2096 5,
263 2024 317 2085 18:
343 2020 421 2095 Quid
444 2020 500 2079 hoc
523 2026 570 2079 ast
593 2014 882 2093 conduplicationist
926 2013 1041 2095 Amph.
1064 2014 1107 2095 ΙΙ,
1134 2018 1240 2094 1,26;
1286 2016 1363 2089 Quid

214 2123 262 2182 iou
283 2118 448 2182 hominist?
470 2117 510 2180 dc
532 2133 595 2194 quo
618 2114 759 2195 genitivo
784 2114 854 2179 vide
877 2112 1009 2178 Taubm.
1029 2112 1189 2178 Donatus:
1214 2130 1293 2192 „par
1309 2128 1365 2192 ge·

212 2219 337 2281 uitiuum
365 2213 519 2279 iniuriose
542 2213 668 2288 dicitur,
691 2229 750 2291 per
772 2211 1001 2276 nominativum
1024 2209 1226 2276 honorifice.“
1249 2207 1362 2290 Amph.

213 2313 246 2392 ΙΙ,
270 2320 300 2393 2,
326 2320 404 2381 137:
449 2314 526 2388 Quid
550 2314 607 2374 hoc
630 2321 678 2374 ust
699 2311 849 2373 hominis?
886 2309 958 2375 Aul.
982 2307 1008 2387 Ι,
1032 2313 1061 2385 2,
1088 2313 1142 2373 14;
1184 2313 1230 2371 Ns
1252 2325 1360 2384 causac

214 2416 277 2489 qnid
300 2416 351 2490 uit,
374 2413 452 2489 qood
475 2421 506 2473 te
529 2413 682 2488 qnisquam
707 2411 868 2487 quaeritet.
912 2407 1000 2471 Asin.
1025 2406 1084 2487 ΙΙΙ,
1108 2411 1139 2484 3,
1161 2411 1216 2472 58;
1243 2406 1363 2483 Ecquid

213 2521 252 2572 ast
273 2512 405 2574 salutis?
427 2508 523 2574 Poen.
548 2507 607 2587 ΙΙΙ,
632 2512 661 2584 3,
686 2511 743 2572 26:
767 2508 864 2584 siquid
886 2509 956 2570 honi
974 2509 1151 2582 adportatis,
1174 2508 1271 2570 habco
1292 2522 1362 2582 gru-

212 2613 286 2673 tium.
332 2608 621 2687 cosmiana:
658 2609 761 2684 Siquid
784 2611 848 2668 cina
871 2616 959 2670 essut.
1004 2608 1096 2672 Truc.
1120 2603 1162 2683 ΙΙ,
1186 2611 1216 2685 4,
1240 2608 1297 2669 26;
1321 2603 1362 2665 si·

211 2711 275 2785 quid
303 2711 359 2769 tibi
383 2709 538 2783 Conpendi
565 2706 665 2768 iacere
696 2710 817 2779 possim.
860 2705 975 2770 Bacch.
999 2704 1042 2786 II,
1066 2710 1096 2784 3,
1122 2710 1198 2773 109:
1232 2709 1289 2769 hoc
1312 2720 1362 2762 ue·

210 2812 275 2870 tutis
309 2825 412 2869 senex.
457 2804 545 2868 Asin.
574 2803 605 2884 I,
635 2811 666 2885 1,
696 2810 753 2870 56:
796 2809 827 2867 id
857 2809 975 2869 aetatis.
1021 2803 1135 2886 Amph.
1163 2804 1194 2883 I,
1223 2811 1255 2885 l,
1287 2810 1362 2872 159:

211 2909 259 2981 t:
282 2924 311 2969 u.
338 2905 430 2981 alm:
467 2922 513 2966 mu
537 2906 594 2965 hoc
617 2909 713 2970 noctis
736 2924 819 2983 osso,
849 2906 903 2970 ubi
928 2905 991 2969 vid.
1015 2903 1106 2969 Lind.
1129 2905 1155 2985 1,
1182 2909 1208 2983 l,
1232 2909 1267 2969 2:
1304 2907 1362 2968 hoc

207 3009 311 3084 noctis,
335 3002 390 3068 nbi
413 3000 560 3066 Taubm.:
600 2999 767 3081 ,δεικτικῶς
789 3007 840 3068 est
862 3003 990 3082 dictum,
1013 3008 1107 3068 nocte
1130 3009 1197 3069 tam
1220 3021 1292 3070 seru
1314 3006 1361 3068 at-

208 3119 266 3183 quo
288 3099 517 3180 intempesta“
558 3099 871 3182 Truc.111,1,1u:
914 3110 984 3179 post
1010 3105 1041 3164 id
1070 3106 1203 3165 locorum
1225 3111 1361 3165 matrum.

205 3198 275 3266 Cas.
299 3198 327 3278 Ι,
350 3216 378 3261 u.
404 3202 461 3264 32:
505 3200 535 3259 id
565 3205 696 3262 locorum
725 3225 769 3254 =
794 3199 826 3264 id
859 3200 1024 3279 temporis.
1074 3199 1145 3265 Cas„
1172 3199 1227 3282 IV,
1253 3209 1280 3279 1,
1306 3205 1361 3269 14:

202 3301 282 3362 Foru
304 3301 394 3361 huius
418 3300 496 3376 quod
519 3299 688 3374 futurumst,
713 3298 767 3362 ubi
790 3297 917 3363 Lamb.:
940 3300 1064 3378 „Huius
1085 3297 1210 3378 regitur
1231 3316 1252 3362 a
1273 3299 1360 3375 qaod,

200 3394 263 3464 hoc
285 3396 399 3461 modo:
422 3399 501 3472 quod
522 3399 621 3471 haias,
644 3396 663 3459 i.
687 3413 715 3459 c.
738 3395 799 3461 hoc
821 3396 906 3477 quod
928 3395 1054 3460 hniuu.“
1077 3395 1170 3461 Trna
1193 3394 1236 3476 11,
1258 3402 1289 3472 4,
1306 3399 1360 3460 32:

202 3499 288 3572 Quod
312 3504 346 3556 tn
370 3498 419 3556 hic
449 3514 496 3557 me
519 3498 643 3557 absente
670 3498 739 3556 novi
761 3499 863 3573 negoti
885 3498 1023 3572 gesseris.
1067 3493 1165 3558 Poen.
1187 3494 1226 3574 V,
1248 3500 1280 3575 4,
1302 3498 1360 3559 83:

201 3596 289 3656 Nono
320 3595 400 3671 quod
433 3597 504 3655 boni
535 3597 565 3655 di
596 3595 669 3654 dunt
690 3595 762 3653 mihi
784 3593 844 3668 (sio
865 3592 974 3658 Herm.
998 3592 1090 3658 elom.
1118 3610 1148 3672 p.
1175 3597 1248 3671 1553
1271 3590 1356 3670 vulg.

202 3695 277 3753 mihi
303 3693 333 3761 di
356 3694 451 3769 dant).
496 3689 562 3754 Mil.
587 3689 641 3770 IV,
664 3698 695 3772 4,
720 3695 777 3757 20:
801 3695 885 3767 Quod
906 3701 979 3770 upnt
1001 3713 1055 3756 nos
1078 3693 1265 3755 fallaciarum
1281 3698 1362 3754 stru·

207 3799 326 3854 utumst.
372 3787 680 3870 Cus.puol.V.15:
717 3794 865 3853 iuniorum
888 3795 939 3869 qui
966 3801 1044 3855 sunt.
1088 3790 1170 3857 Rud.
1193 3790 1252 3869 III,
1275 3796 1305 3868 4,
1329 3796 1360 3859 l:

204 3890 261 3950 Exi
284 3907 301 3950 o
328 3889 409 3963 iano,
432 3895 535 3950 natum
559 3897 729 3967 quantumst
745 3892 894 3952 hominum
914 3893 1161 3967 sacrilegissume.
1192 3889 1266 3956 Non
1286 3909 1360 3973 pcr-

207 3985 308 4051 tinem
327 3984 392 4051 hnc
412 3985 506 4066 Epid.
530 3985 572 4066 Π,
589 3992 618 4065 3,
641 3993 672 4065 4,
694 3986 749 4052 ubi
772 3988 858 4069 vulg.
881 3988 1009 4069 quidem
1030 3986 1130 4052 habet
1151 3992 1270 4065 orqcatu‘
1291 3997 1359 4052 ton-

210 4089 281 4164 uun,
305 4082 363 4148 ted
384 4083 419 4149 in
441 4087 513 4166 Apg
535 4090 586 4150 est
607 4093 772 4163 arpentum.
815 4087 911 4152 Poen.
934 4084 994 4164 III,
1018 4090 1048 4164 3,
1071 4091 1104 4150 5:
1132 4088 1185 4151 sud
1209 4091 1358 4167 quidhoc

204 4185 316 4244 totam
346 4185 499 4244 hominum
527 4181 571 4264 (h.
596 4201 623 4248 e.
648 4191 697 4250 tot
718 4185 873 4262 homines)
901 4185 1063 4248 inuadunt?
1105 4184 1223 4251 Bacch.
1249 4185 1304 4266 IV,
1327 4190 1358 4263 8,

208 4281 258 4341 18:
280 4282 366 4343 Nihil
389 4290 438 4343 cst
459 4285 545 4345 iuoui.
583 4282 696 4364 Amph.
720 4283 747 4365 I,
770 4287 800 4365 3,
827 4290 881 4365 113
903 4287 987 4348 Satin
1010 4285 1114 4361 habco,
1137 4289 1164 4347 ui
1183 4286 1359 4348 {aminarum

214 4381 325 4440 nullast
345 4381 422 4444 cett.
465 4377 550 4444 Trin.
575 4379 618 4461 ΙΙ,
639 4387 671 4463 4,
694 4385 750 4449 23:
795 4385 1023 4447 drachumarum
1045 4389 1126 4447 mille
1148 4417 1191 4429 —
1211 4385 1358 4448 redduco.
