3125 5075
513 374 529 412 C
535 374 602 412 ΗΠΒ
617 370 885 410 subartartvoautt.
902 391 921 398 -
943 370 1045 408 anter.
1297 377 1353 433 175

215 552 510 629 mhmnoeeere.
554 564 583 610 v,
610 550 688 612 123:
721 546 899 626 Qeioedoi
941 542 1037 610 Andr.
1060 541 1119 619 ΠΙ,
1143 546 1173 622 2,
1197 545 1252 606 21:
1282 544 1357 603 liam

213 651 258 725 pei
276 649 331 710 uti
353 650 448 710 atrae
474 647 583 708 iooidit
609 646 765 722 respicio?
809 663 840 708 v.
862 646 901 707 22
925 644 996 721 qai?
1040 641 1122 706 Eun.
1145 639 1225 722 prol.
1248 657 1276 702 v.
1300 642 1356 704 36:

214 749 263 826 2η·
282 748 377 822 magis
397 748 473 807 lieet
492 753 663 806 camatero
686 762 803 807 serron
826 743 970 806 sembere.
998 738 1096 805 Andr.
1121 737 1163 814 Π,
1190 744 1216 817 l,
1239 743 1274 804 2:
1298 741 1357 816 Qut

214 846 284 908 eis?
304 841 403 910 Andr.
429 840 488 921 111,
512 845 542 917 3,
564 845 622 907 33:
651 844 711 919 Qui
730 844 791 904 ecia
814 857 887 917 ergo
909 842 997 912 istuc,
1028 841 1085 900 uiri
1109 841 1253 916 periclum
1277 837 1356 899 iece-

214 944 266 1006 r'ei
286 959 315 1006 r.
338 943 397 1005 43:
419 942 479 1019 Qut
499 942 560 1003 aeia
582 958 635 1003 eoa
657 958 734 1001 unua
757 940 930 1000 discordare
953 940 1032 1000 iuter
1055 937 1118 1000 ae?
1139 935 1262 1000 Deinde
1285 952 1356 1015 pro·

161 1109 164 1116 ,
215 1057 317 1104 romeu
338 1037 510 1104 rehdrnm
530 1038 592 1112 pai.
634 1035 739 1101 Plaut
763 1034 846 1100 ldeu.
875 1034 930 1113 1v,
953 1039 982 1114 2,
1008 1039 1069 1099 72:
1108 1054 1167 1098 uon
1189 1037 1262 1096 mihi
1284 1054 1354 1098 oeu-

162 1207 164 1212 ,
216 1141 287 1201 abae
308 1155 387 1204 esse.
409 1138 463 1211 orei
483 1145 515 1197 te
536 1138 709 1198 ulciscerer.
746 1132 831 1198 Trin
853 1132 914 1213 111,
936 1137 966 1211 2,
989 1137 1029 1197 62
1053 1135 1105 1207 pei
1128 1160 1171 1181 ==
1193 1137 1230 1196 ut
1252 1130 1358 1211 aliqua

219 1234 332 1300 udone.
378 1230 494 1298 Caecil.
521 1230 602 1298 Stat.
630 1230 834 1298 Obolostates
862 1229 900 1296 ir.
922 1237 952 1310 b,
987 1249 1015 1294 v.
1041 1234 1116 1294 127:
1152 1235 1199 1292 vix
1223 1232 1356 1304 babeam,

221 1335 276 1396 teth
293 1341 324 1396 te
346 1333 401 1406 qai
423 1334 550 1394 laudem.
594 1328 722 1395 Terent
745 1329 826 1394 Eun
849 1327 910 1407 ΙΠ,
931 1332 960 1407 2,
984 1333 1040 1393 35ι
1077 1332 1135 1404 Qui
1158 1331 1284 1391 haberet
1306 1330 1357 1403 pai

221 1441 321 1506 met
348 1432 456 1500 mum,
486 1428 541 1493 ubi
569 1428 713 1493 Donatus
740 1433 828 1493 recte
856 1427 935 1493 dicit
958 1426 1095 1492 alterum
1122 1429 1174 1501 put
1214 1424 1357 1490 adverbii

220 1527 281 1602 la'le
302 1523 565 1607 manebatis
586 1525 684 1602 modi)
706 1525 775 1592 vice
797 1524 895 1607 fungi.
941 1524 1038 1590 andr.
1060 1524 1104 1603 11,
1131 1531 1157 1594 1,
1177 1529 1213 1587 7:
1238 1528 1356 1598 Quanto

216 1629 306 1689 adrat
327 1634 360 1687 te
383 1625 506 1687 iddare
528 1643 651 1701 operam
675 1626 728 1699 pai
750 1627 840 1688 istum
862 1643 994 1686 amorem
1023 1643 1060 1686 er
1082 1625 1181 1686 auimo
1208 1641 1355 1686 amoveas.

215 1721 296 1788 ludr.
319 1721 363 1797 Π,
390 1726 417 1801 1,
442 1727 482 1787 34
504 1739 568 1802 sq:
592 1724 712 1798 Facite,
739 1724 857 1800 fingite,
886 1726 1032 1800 invenite,
1060 1723 1172 1783 edicite
1195 1723 1247 1795 pot
1269 1723 1357 1782 detur

215 1824 268 1884 oti:
289 1824 357 1898 Ego
379 1822 411 1882 id
432 1840 527 1897 agam,
550 1823 621 1882 mibi
642 1822 695 1894 qui
717 1840 763 1882 me
787 1824 883 1883 detur.
921 1819 1036 1885 Heaut.
1060 1817 1120 1896 111,
1145 1823 1173 1897 1,
1196 1822 1253 1883 83:
1279 1821 1356 1880 Dum

215 1921 236 1980 id
257 1937 379 1997 quaero,
403 1920 459 1980 tibi
479 1919 637 1992 petilium
651 1922 852 1981 restituerem.
893 1916 1060 1982 Nonnullis
1076 1934 1187 1981 eornm
1203 1915 1356 1995 locorum,

163 2097 165 2102 Ι
216 2032 282 2096 quos
304 2014 399 2080 modo
422 2012 533 2095 attuli,
562 2014 651 2080 vides
672 2034 731 2097 pro
761 2018 814 2091 poi
841 2015 916 2097 poui
938 2015 1084 2096 potuisse
1106 2014 1203 2081 etiam
1226 2015 1356 2080 couiuu-

163 2163 165 2168 -
217 2114 341 2179 monem
362 2119 406 2187 ut,
428 2111 490 2177 vid.
507 2112 661 2178 Haasium
683 2113 724 2179 ad
746 2112 866 2194 Reisig.
889 2113 997 2178 adnot.
1022 2117 1094 2177 490.
1118 2112 1233 2178 Heaut.
1251 2111 1310 2190 111,
1327 2121 1356 2186 2,

163 2273 165 2282 ,
217 2214 245 2274 27
266 2210 493 2277 Fleckeiseuus
516 2210 640 2276 scribit:
675 2215 792 2289 Quippe
814 2214 866 2286 qut
888 2216 1063 2289 Magnarum
1091 2230 1181 2288 saepe
1208 2213 1239 2273 id
1262 2229 1357 2271 reme·

163 2313 165 2398 2
217 2311 283 2372 dun
302 2311 561 2386 aegritmiuumst
601 2307 768 2391 (iaioieru).
811 2309 934 2376 Deinde
957 2326 1134 2389 pronomen
1161 2304 1356 2372 indefinitum

163 2407 166 2448 ³
216 2410 262 2481 tat
280 2405 386 2472 Pnut
409 2405 497 2471 Tria.
511 2405 572 2486 111,
588 2413 617 2486 2,
637 2414 690 2473 ll:
713 2412 761 2472 Au
784 2411 815 2470 id
837 2419 884 2471 eat
907 2426 1014 2485 sapere
1029 2417 1063 2469 ut
1084 2410 1136 2483 pei
1150 2407 1357 2468 beneficiuma

215 2504 397 2571 lmeroleute
419 2507 588 2586 repudiesl,
610 2506 652 2573 ad
675 2523 704 2589 q.
720 2506 741 2572 l.
763 2505 920 2573 Lindem:
943 2509 1006 2583 „Ut
1022 2508 1082 2584 qui,
1104 2504 1154 2568 ira
1175 2527 1250 2584 πως,
1273 2495 1356 2574 ὅπως

216 2602 316 2684 rpo'nov
336 2624 413 2666 troo.
458 2603 627 2686 Nunquam
657 2605 691 2670 in
720 2605 780 2673 hac
806 2605 947 2671 formula
975 2609 1027 2681 pm·
1056 2603 1269 2670 nominativus
1298 2607 1356 2675 est,

212 2708 429 2781 praeterquam
457 2719 553 2781 quum
580 2709 615 2766 ot
643 2706 695 2778 oui
720 2702 787 2768 fere
819 2702 902 2768 idem
931 2711 981 2769 est
1009 2703 1095 2782 quod
1126 2708 1268 2777 tanquam
1294 2703 1355 2777 poi,

208 2803 306 2876 qnippe
326 2803 388 2874 qai.
427 2819 455 2864 v.
481 2819 507 2866 c.
536 2812 569 2864 ut
591 2805 641 2878 qui
671 2821 703 2863 se
726 2812 816 2878 neget
837 2804 1005 2864 daturum.“
1050 2800 1141 2880 Capt
1165 2799 1223 2878 ΠΙ,
1247 2809 1278 2877 4,
1301 2803 1356 2861 21;

205 2896 241 2961 Et
263 2917 331 2960 eum
355 2900 428 2959 mibi
451 2918 517 2962 esee
540 2902 683 2976 morbum,
706 2910 739 2961 ut
760 2903 812 2976 pot
827 2921 872 2962 me
895 2921 969 2977 opus
990 2904 1029 2961 sit
1044 2901 1247 2977 insputarier?
1271 2897 1357 2960 Asin.

202 2991 258 3075 ΠΙ,
286 3001 313 3074 1,
338 3000 373 3059 2;
396 3002 443 3058 Au
467 2998 756 3073 incusamusa,
788 3009 821 3060 ut
842 3003 894 3074 proi
915 3018 1024 3076 expers
1053 3003 1156 3060 matris
1186 2995 1357 3074 inperiis⁴⁵l

201 3100 276 3168 ries,
311 3092 369 3157 ubi
391 3093 475 3158 male
496 3094 669 3160 Lambinus
691 3104 822 3171 atquae
844 3097 981 3177 exponit.
1027 3095 1142 3161 Bacch.
1180 3094 1223 3172 Π,
1252 3102 1281 3171 3,
1302 3098 1357 3157 49:

197 3195 305 3257 adeon
329 3212 377 3253 me
400 3193 492 3255 fnisse
515 3194 636 3270 fungum
656 3205 690 3255 ut
711 3199 763 3270 qui
785 3199 831 3256 illi
855 3197 1020 3257 crederem.
1064 3194 1185 3258 Lindm.
1209 3192 1250 3255 ad
1272 3191 1357 3254 Triu.

200 3289 273 3355 lc.
297 3288 403 3353 addit:
449 3293 527 3369 ,poi
553 3291 586 3354 iu
610 3291 669 3357 hae
696 3291 858 3358 locutione
893 3298 943 3356 est
975 3290 1135 3355 ablativus
1165 3289 1359 3369 pronominis

201 3384 370 3465 indefiniti,
400 3390 500 3463 atquo
522 3391 615 3450 modo.
640 3390 744 3472 Vulgo
767 3391 808 3454 ad
832 3390 1036 3470 pleonasmos
1059 3390 1242 3453 revocant.“
1287 3384 1357 3449 Aul.

201 3484 278 3567 prol.
301 3504 332 3547 v.
361 3489 413 3549 16;
449 3488 542 3565 Coepi
563 3491 739 3568 observare,
770 3492 854 3565 ecqui
883 3492 1021 3550 maiorem
1050 3490 1128 3549 filius
1152 3489 1196 3547 Mi
1218 3489 1358 3547 honorem

202 3586 336 3646 baberet.
381 3582 461 3646 Rud.
487 3584 541 3656 lV,
564 3592 592 3664 1,
616 3593 649 3650 5:
679 3589 777 3661 Nequi
800 3589 963 3664 significem
987 3589 1137 3664 quidpiam
1166 3585 1359 3646 mulierculis.

205 3679 282 3745 tud.
306 3699 336 3743 v.
360 3684 438 3745 218:
472 3684 607 3758 Nuorqai
625 3690 720 3749 miuus
744 3707 822 3749 unua
845 3690 957 3764 servio,
987 3704 1073 3762 quam
1103 3684 1246 3748 risorem
1274 3699 1361 3743 serve

206 3780 294 3841 lm?
338 3776 397 3854 III,
427 3784 456 3857 4,
481 3785 538 3845 31:
575 3785 708 3859 Namque·
737 3790 833 3846 miuus
858 3788 947 3847 hasce
983 3804 1048 3846 esse
1080 3793 1201 3860 oportet
1229 3778 1361 3841 liberas?

211 3872 320 3941 Pseud.
344 3895 373 3940 v.
398 3881 461 3942 219
483 3879 627 3955 Numqui.
650 3882 796 3961 Denique
818 3885 921 3957 oliam
945 3880 1047 3946 Plaut.
1065 3880 1135 3945 Aul.
1160 3877 1238 3960 prol.
1255 3897 1284 3942 v.
1302 3881 1359 3940 24:

216 3984 260 4035 aut
279 3977 376 4050 oapi
397 3995 517 4054 semper
540 3985 699 4058 supplicat.
744 3980 841 4045 Merc.
865 3979 908 4059 Π,
931 3987 961 4055 4,
986 3986 1026 4044 25
1049 3987 1083 4044 et
1105 3983 1160 4042 26:
1184 3978 1278 4051 olipai
1300 3978 1360 4036 fiet.

293 4078 342 4138 39.
384 4075 547 4139 Ablotioaa
575 4081 653 4140 modi
690 4082 851 4141 accomoda
887 4081 1100 4154 sipaifiootiooe
1133 4077 1260 4152 positae,
1299 4091 1361 4152 quo

222 4162 431 4237 describuntur
460 4191 523 4254 res,
546 4193 628 4256 quae
650 4182 769 4242 statum
793 4178 884 4257 qnasi
907 4177 1106 4241 comitantur.
1142 4173 1237 4237 Ennii
1259 4169 1361 4236 auuul.

226 4307 422 4328 s———-

286 4384 322 4449 ⁴⁸l
341 4386 385 4443 bic
402 4398 478 4442 reete
497 4386 620 4443 Bothius.
642 4389 729 4460 Vulgo
749 4390 846 4445 vitiose
865 4391 983 4458 inaperii.
