3125 5075
290 501 354 562 33ss
592 488 655 528 Ohl’.
669 487 716 528 XV.
741 486 891 528 DOOTRIM
905 484 1157 526 nnunctnniottult.

290 680 390 752 Arene
411 678 522 739 ibidem
544 678 594 738 nbi
616 694 694 737 nunc
717 682 787 738 sunt
808 675 880 735 lecti
903 676 991 735 strati
1014 677 1125 750 potetis
1141 677 1212 737 cito.
1235 692 1265 737 v.
1286 677 1368 737 1185
1383 689 1442 752 stt:

292 781 356 837 isne
381 779 437 835 hac
459 792 573 836 mecum
604 776 683 833 intro
705 773 804 846 Aeac
832 771 968 847 [induces
999 776 1128 834 animum
1151 771 1241 847 haec]
1271 780 1304 832 ut
1329 775 1375 832 eis
1397 773 1443 832 da·

292 877 366 933 licta
388 871 550 947 ignoscas?
594 867 879 947 Trin.11‚2,60:
913 871 970 943 Qui
998 871 1116 946 qnidam
1143 887 1290 945 nusquam
1311 887 1369 944 per
1390 871 1443 928 rir-

292 980 385 1031 tutem
414 986 478 1029 rem
507 967 656 1043 confregit
682 971 769 1040 atquc
801 974 878 1041 eget.
930 964 1059 1031 Terent.
1086 964 1221 1046 Adelph.
1252 964 1309 1043 1v,
1332 971 1371 1042 4,
1397 970 1445 1029 15:

293 1070 345 1128 sed
368 1067 509 1142 reprendi
532 1084 577 1125 me
601 1076 715 1137 tamen,
746 1064 864 1139 Nequid
894 1064 929 1123 de
954 1064 1047 1125 tratre
1075 1068 1215 1140 garrulae
1245 1067 1292 1125 illi
1315 1065 1444 1125 dicerem

292 1184 328 1226 oc
349 1165 437 1224 fieret
459 1165 568 1238 palam.

376 1278 406 1339 p.
438 1258 527 1335 Quae
550 1255 704 1336 temporis
725 1273 810 1320 nexu
833 1256 974 1337 proxime
998 1261 1033 1321 et
1054 1258 1206 1323 continua
1228 1258 1313 1323 serie
1337 1255 1446 1321 cohae-

292 1363 374 1434 rent,
398 1355 633 1434 coniunguntur
662 1371 722 1432 per
750 1360 853 1428 utem:
888 1368 951 1432 quo
974 1360 1107 1418 notatur
1136 1356 1185 1433 id,
1215 1355 1301 1436 qnod
1331 1353 1444 1417 iactum

292 1459 353 1530 est,
375 1451 502 1532 aequali
524 1450 574 1516 vel
597 1451 709 1515 eodem
735 1451 829 1515 modo
858 1452 1038 1516 continuari
1068 1457 1103 1516 et
1127 1452 1268 1516 transire
1299 1453 1333 1516 in
1356 1450 1445 1515 aliam

290 1568 358 1613 rem
382 1549 443 1614 sibi
463 1566 522 1628 per
543 1548 648 1629 ipsum
670 1548 825 1628 temporis
848 1566 1030 1614 successum
1046 1554 1222 1629 cognatam.
1253 1549 1293 1614 ln
1307 1548 1360 1614 his
1375 1566 1445 1611 vero

291 1646 445 1726 exemplis
472 1645 611 1725 plurima
637 1662 813 1724 pronomen
840 1645 1126 1710 demonstrativum
1159 1665 1230 1710 cum
1262 1654 1354 1721 atquc
1376 1664 1446 1711 eon

290 1742 434 1808 iunctum
454 1741 613 1808 exhibent.
658 1740 763 1805 Plant.
788 1740 881 1807 Most.
903 1742 946 1819 II,
970 1746 1000 1821 2,
1023 1747 1063 1806 55
1087 1742 1199 1815 (Hand.
1228 1762 1259 1823 p.
1283 1743 1375 1822 480).

377 1859 406 1921 q.
452 1840 557 1917 Quum
580 1838 680 1918 igitur
710 1856 763 1916 ea,
791 1856 873 1917 quae
905 1838 1048 1919 proximo
1072 1843 1105 1903 et
1128 1840 1280 1904 continuo
1303 1844 1447 1919 tempore

291 1943 484 2007 evenerunt,
512 1936 619 2000 statim
649 1934 794 1999 evenisse
816 1935 981 2014 dicuntur,
1010 1944 1098 2012 omae
1120 1952 1217 2016 saepe
1240 1937 1288 2000 ita
1310 1938 1445 2017 ponitur,

289 2039 327 2099 ut
350 2032 502 2112 explicari
524 2031 619 2096 hceat
641 2048 700 2111 per
722 2039 749 2093 et
770 2036 881 2102 atatim,
903 2040 931 2095 ct
951 2035 1040 2095 illice.
1056 2033 1178 2099 —Sed
1201 2051 1267 2097 non
1289 2033 1385 2097 modo
1401 2050 1445 2107 ea,

291 2147 374 2209 qnae
397 2130 546 2194 continno
570 2147 606 2193 se
628 2128 799 2209 excipiunt,
821 2130 869 2194 ita
889 2130 1115 2210 designantur,
1146 2130 1324 2195 sedetiam
1350 2147 1446 2194 nexus

291 2245 400 2292 rerum
416 2226 607 2291 necessitate
623 2226 760 2306 quadam
776 2227 1028 2307 cohaerentium,
1049 2227 1105 2307 qui
1121 2227 1333 2307 grammatica
1348 2226 1447 2291 forma

289 2323 439 2406 apodosis
462 2324 659 2405 exprimitur.
683 2324 845 2403 (Handius
867 2341 898 2404 p.
921 2328 994 2389 480.
1018 2329 1104 2392 483l.
1139 2325 1236 2389 Ennii
1259 2323 1367 2389 annal.
1389 2324 1444 2388 inc

289 2421 375 2487 sedis
404 2419 516 2501 fragm.
541 2425 595 2484 67:
629 2422 729 2495 Atque
754 2427 844 2496 etp-ue
870 2425 989 2484 accedit
1017 2441 1117 2484 muros
1144 2425 1280 2485 Romana
1302 2426 1444 2484 iuventus.

290 2517 414 2584 Gellius
436 2519 482 2593 X,
507 2522 560 2582 29:
590 2523 695 2592 „etqua
725 2518 883 2597 particula
906 2519 1031 2599 gemina
1054 2519 1080 2583 si
1103 2517 1153 2598 fit,
1174 2524 1274 2600 auget
1297 2518 1445 2584 intendit·

290 2633 352 2695 que
374 2634 459 2693 rem,
483 2615 522 2679 de
544 2633 608 2695 qua
630 2616 752 2694 agitur,
777 2620 814 2679 ut
828 2617 1110 2680 animadvertimus
1132 2617 1164 2679 in
1180 2617 1215 2693 Q.
1234 2617 1331 2680 Ennii
1353 2635 1445 2681 anna-

289 2711 393 2778 libus“
423 2717 499 2778 cett.
530 2711 653 2775 Nonius
675 2730 704 2791 p.
729 2717 801 2787 530,
825 2718 844 2777 3
873 2721 978 2788 ‚atque
1000 2712 1174 2793 particula,
1205 2715 1232 2777 si
1262 2715 1444 2794 diligentius

289 2809 498 2889 intelligitur,
531 2807 664 2872 multam
697 2807 795 2874 habet
823 2809 1104 2890 significationem,
1139 2817 1176 2874 ut
1203 2811 1255 2875 vel
1284 2810 1363 2874 illud
1398 2815 1445 2873 est

289 2907 388 2971 Enni:
415 2913 513 2986 atque
616 2906 781 2984 iuventus,
813 2908 898 2985 quod
925 2913 976 2971 est
1002 2906 1116 2971 festine
1149 2913 1182 2970 et
1214 2907 1445 2987 intrepidanter

289 3002 463 3068 accendit.“
490 3004 633 3077 (accendit
654 3001 749 3065 Nonii
772 3002 865 3071 libri).
900 3003 1003 3067 Plaut.
1027 3004 1141 3082 Amph.
1164 3005 1209 3077 ll,
1240 3012 1271 3082 l,
1301 3011 1356 3069 13:
1381 3007 1442 3065 hta·

286 3106 348 3171 inm
373 3103 451 3176 quod
474 3103 529 3161 tihi
552 3103 583 3159 di
606 3102 718 3161 dabunt
740 3106 828 3173 atque
850 3120 904 3177 ago
920 3104 1008 3163 hodie
1024 3105 1119 3180 Dabo,
1143 3102 1183 3165 de
1207 3118 1270 3181 quo
1286 3100 1358 3165 loco
1374 3101 1443 3164 vide

288 3196 449 3261 Handium
477 3215 507 3276 p.
538 3200 610 3260 482.
643 3194 733 3276 Capt.
756 3195 827 3276 ΙΙΙ,
857 3203 891 3266 1,
917 3201 973 3261 19:
1003 3204 1090 3272 atqie
1119 3203 1163 3260 illi
1196 3209 1308 3259 tacent.
1355 3196 1442 3277 Epid.

288 3293 338 3372 ll,
363 3298 392 3371 2,
417 3299 472 3358 33:
503 3297 596 3369 Quom
621 3297 707 3354 venio
730 3297 768 3354 ad
791 3304 908 3369 portum
939 3294 999 3374 (sic
1021 3296 1141 3360 Acidal.
1165 3299 1214 3376 Ap
1242 3298 1280 3356 ad
1302 3293 1442 3371 portam),

288 3398 376 3464 etque
399 3395 478 3452 illam
502 3394 547 3453 illi
574 3409 629 3465 ego
657 3393 742 3451 video
764 3395 994 3468 praestolarier,
1018 3418 1060 3444 =
1080 3393 1131 3454 καὶ
1157 3384 1224 3453 τότε
1247 3391 1384 3456 Becker.
1414 3409 1441 3470 p.

288 3491 317 3551 6.
341 3487 455 3551 Bacch.
478 3487 521 3565 II,
546 3492 574 3561 3,
597 3493 653 3549 45:
679 3489 755 3547 Dum
779 3487 854 3563 [me]
877 3491 1104 3566 circumspecto,
1127 3496 1214 3563 arque
1236 3508 1293 3564 ego
1317 3492 1442 3551 lembum

288 3588 454 3660 conspicor.
500 3583 593 3647 Most·
616 3582 655 3660 V,
680 3586 770 3659 1,9:
803 3588 897 3658 Quom
920 3604 987 3646 eum
1010 3591 1185 3661 convocavi,
1215 3591 1305 3659 umere
1332 3590 1377 3648 illi
1399 3605 1441 3646 me

288 3698 325 3742 ex
348 3691 454 3742 senatu
477 3691 643 3757 segregant.

374 3795 399 3839 r.
444 3777 490 3841 Ut
503 3781 598 3841 antea
612 3777 748 3841 vidimus
771 3776 803 3839 in
819 3778 1000 3843 notionibus
1017 3778 1255 3859 coniungendis,
1281 3781 1329 3843 ita
1347 3780 1440 3845 etiam

286 3872 320 3937 in
342 3874 508 3937 sententiis
531 3873 735 3937 conserendis
758 3873 860 3937 oratio
876 3893 935 3953 per
951 3882 1039 3949 utere
1054 3876 1222 3940 adscendit
1236 3877 1279 3940 ad
1295 3879 1442 3958 graviora

287 3976 322 4034 et
348 3971 484 4048 maiora,
514 3970 645 4050 rehquis
673 3970 917 4051 aequiparanda
963 3972 1043 4036 Tum
1071 3973 1225 4052 explicari
1253 3981 1365 4053 potest
1388 3991 1442 4054 per

287 4073 315 4129 ct
336 4070 417 4136 odeo,
440 4069 535 4141 adque
556 4070 635 4129 odeo.
660 4067 778 4136 (Hand.
801 4085 832 4146 p·
855 4067 941 4145 484).
974 4067 1078 4133 Plaut.
1103 4069 1220 4134 Bacch.
1245 4069 1304 4149 IV,
1329 4077 1366 4148 7,
1390 4074 1441 4133 27:

285 4165 387 4239 Amare
409 4168 509 4227 orabis
532 4184 578 4226 me
603 4168 720 4241 quidem
743 4169 823 4225 altro
846 4178 879 4226 nt
899 4166 1042 4226 auferam.

372 4279 397 4324 s.
440 4260 598 4340 Loquitur
620 4260 733 4324 deinde
757 4260 903 4325 Handius
925 4279 955 4341 p.
978 4268 1040 4326 487
1058 4279 1125 4342 sqq.
1149 4262 1190 4326 de
1212 4281 1253 4327 eo
1277 4283 1359 4343 usu,
1382 4280 1440 4345 quo

286 4377 344 4440 per
369 4364 457 4433 atquc
483 4358 637 4422 transitus
663 4354 732 4421 fieri
763 4358 881 4422 dicitur
915 4358 1072 4438 docetque
1107 4359 1348 4427 adversativam
1383 4363 1440 4426 vim

270 4456 412 4519 omnino
433 4454 607 4519 abhorrere
629 4454 669 4519 ab
692 4454 752 4518 hoc
774 4453 939 4532 vocabulo,
962 4455 1018 4519 sed
1040 4455 1115 4535 poni
1137 4463 1247 4522 tamen
1269 4477 1366 4538 posse
1387 4476 1439 4539 pro
