3125 5075
451 378 539 418 GASUS
553 379 821 418 SUBSTANTIVORUH.
835 398 860 406 —
875 378 1013 418 AOCUSAT.
1243 385 1302 439 221

195 554 253 614 est
271 548 470 616 adverbium.
514 550 552 615 ld
574 551 680 616 estin
701 559 863 628 aeterum3
903 555 954 615 est
979 554 1087 615 autem
1109 549 1304 614 Ennianum:

183 644 275 710 Ἀπ’*
296 663 326 712 e.
347 664 379 729 q.
401 664 429 714 a.
451 646 555 713 Pure
577 648 670 729 Epio.
694 648 748 726 IV,
775 656 803 727 1,
828 656 882 715 39;
905 657 940 711 ut
954 650 1032 712 aliae
1045 667 1094 712 rra
1109 651 1305 725 estimpensa

183 746 311 823 mbas,
332 742 364 808 lr.
379 763 408 810 e.
430 741 471 808 sa
485 740 576 825 aaa,
598 751 752 825 ceterum,
774 747 842 811 sive
858 747 942 827 quod
958 745 1000 811 ad
1015 750 1158 812 ueterum
1179 745 1305 825 attinet,

183 849 265 917 tera
294 844 338 904 ua
358 849 457 905 eatan
483 849 570 922 cett,
592 860 675 923 quae
698 851 774 909 sunt
796 845 897 909 verba
919 843 1068 925 Scioppii‚
1097 842 1136 909 oi.
1158 842 1304 908 Perizon.

183 939 317 1006 laena
341 939 477 1006 ttinere.
498 959 530 1022 p.
556 946 627 1019 159,
649 941 756 1006 adnot.
781 947 809 1006 2.
834 941 948 1007 Bacch.
973 941 1029 1020 IV,
1045 946 1075 1021 8,
1099 946 1156 1007 37:
1179 948 1305 1004 seuram

183 1041 268 1102 rium
295 1049 345 1101 sat
374 1047 435 1116 eet,
469 1039 531 1104 vid.
559 1040 666 1103 adnot.
690 1038 834 1103 Acidalii.
877 1038 974 1104 Poeu.
1008 1039 1063 1118 IV,
1087 1045 1116 1115 2,
1139 1043 1172 1103 6:
1211 1044 1307 1103 aare

183 1139 342 1214 repetitus
364 1137 436 1198 torti
459 1137 550 1200 terro.
588 1136 671 1200 Rud.
693 1136 732 1216 V,
756 1141 785 1215 2,
810 1142 843 1201 3:
868 1141 953 1215 quasi
975 1141 1045 1214 palo
1061 1142 1165 1213 peetus
1187 1140 1306 1201 tendor.

183 1233 229 1299 ul
250 1232 314 1312 lv,
342 1238 378 1312 3,
408 1238 462 1299 23:
509 1237 650 1297 Vidulum
669 1237 759 1296 istrum
781 1239 886 1312 quoius
908 1246 955 1298 eet
978 1240 1046 1297 nori
1069 1254 1125 1312 ego
1148 1238 1306 1313 hominem,

183 1349 223 1397 ru:
241 1331 329 1414 quod
350 1331 392 1394 ad
413 1330 555 1395 vidulum
576 1332 674 1396 istum
696 1332 813 1396 attinet
834 1338 908 1397 cett.

231 1435 283 1496 48.
303 1432 503 1493 Aaerseatiorss
522 1433 699 1504 quantitatis
719 1432 890 1492 iettensiuae.
913 1432 945 1505 a)
959 1432 1155 1493 Aretuatiuus
1167 1434 1306 1507 reasons.

183 1529 316 1593 badam
332 1527 413 1593 Cato
427 1527 464 1591 R
478 1527 515 1592 R.
531 1547 558 1593 o.
585 1532 660 1592 156:
682 1531 840 1604 Paulisper
862 1530 1010 1591 demittite
1033 1547 1126 1605 usque
1149 1530 1307 1591 admodum

183 1646 220 1689 ur
239 1630 397 1704 quinquies
414 1631 544 1704 quinque
559 1645 707 1688 numeres.
729 1625 832 1689 Plaut.
849 1623 963 1706 Amph.
979 1624 1005 1704 Ι,
1022 1632 1050 1704 3,
1067 1632 1122 1691 43:
1143 1630 1190 1688 Ex
1205 1646 1305 1690 amore

183 1727 260 1786 und
278 1726 400 1786 masam
422 1743 510 1801 quem
532 1744 637 1787 saevos
663 1733 726 1799 est,
755 1722 880 1802 dequo
907 1721 980 1787 vide
1008 1722 1144 1787 Tuubm.
1168 1725 1208 1788 ed
1231 1723 1262 1788 h.
1286 1724 1306 1791 l.

183 1821 299 1888 tlland.
318 1820 456 1886 Turseli.
472 1821 498 1901 I,
515 1840 545 1902 p.
563 1825 634 1885 178.
654 1820 747 1885 Most.
764 1820 824 1899 ΙΙΙ,
845 1825 873 1898 2,
893 1824 962 1883 125.
984 1820 1082 1885 Mero.
1099 1821 1141 1901 11,
1158 1828 1188 1902 3,
1201 1825 1252 1887 65.
1269 1823 1306 1886 In

183 1920 358 2002 mensione
368 1918 571 1984 utunturhoc
585 1917 739 1983 vocabulo
752 1917 980 1997 colloquentes,
989 1924 1026 1981 ut
1041 1936 1108 1983 rem
1119 1920 1151 1984 in
1160 1938 1242 1999 eum,
1251 1921 1307 2000 qui

183 2017 360 2082 audietur
371 2021 450 2096 eret,
462 2015 591 2081 modum
607 2014 777 2080 rehabere
794 2013 969 2080 concedunt
979 2016 1090 2083 additu
1102 2024 1210 2082 certae
1222 2016 1307 2081 nffir·

183 2115 294 2181 utiouis
309 2113 350 2179 vi
365 2113 430 2191 (Sic
442 2114 546 2179 Haud.
562 2112 696 2177 Tursell.
712 2113 738 2192 Ι,
754 2131 785 2193 p.
806 2118 877 2190 177,
893 2111 931 2177 ct.
947 2112 1093 2179 Schuetz.
1106 2115 1206 2180 doctr.
1221 2119 1305 2196 part.

183 2216 259 2290 .3Ι).
273 2213 330 2278 sio
344 2211 460 2277 Bacch.
474 2212 529 2291 IV,
544 2218 573 2291 7,
589 2215 646 2275 40:
669 2215 726 2272 Die
742 2213 831 2273 sodes
846 2214 928 2285 mihi,
951 2215 1056 2275 Bellen
1072 2216 1190 2275 ridetur
1205 2218 1305 2290 speeie

183 2313 275 2375 ulier?
297 2309 355 2375 Nl.
378 2311 431 2372 Ad
450 2312 578 2388 madan,
600 2309 678 2372 item
699 2307 781 2371 Rud.
805 2306 831 2385 Ι,
856 2311 885 2385 2,
909 2312 959 2371 55.
988 2308 1117 2375 Terent.
1139 2309 1255 2374 Heaut.
1279 2309 1305 2389 1,

183 2455 187 2484 ,
205 2415 235 2474 1:
258 2413 443 2486 Quemquam
466 2410 541 2470 haee
563 2411 643 2469 iuter
665 2426 719 2468 nos
742 2425 838 2482 nuper
864 2409 971 2467 notitia
992 2408 1188 2472 aanwdmust.
1203 2412 1307 2470 —Eo

183 2503 245 2572 'teu
268 2505 344 2573 bell
369 2505 447 2571 Pun.
471 2505 491 2570 l.
512 2504 568 2585 VI,
601 2503 640 2568 ir.
662 2508 682 2569 4
704 2501 854 2568 Vahlen.:
887 2505 996 2567 Censet
1022 2523 1054 2567 eo
1075 2516 1230 2569 venturum
1253 2509 1305 2570 ob-

183 2624 224 2669 ur
245 2609 388 2668 Poenum.
432 2604 568 2686 Lycurg.
592 2602 631 2667 ir.
655 2605 685 2665 6.
730 2599 810 2665 Ceto
833 2601 870 2665 R.
893 2601 931 2665 It
954 2621 980 2668 e.
1003 2608 1061 2668 40:
1088 2623 1120 2664 eo
1143 2608 1216 2667 dnos
1239 2625 1305 2668 snr-

183 2706 231 2767 los
254 2737 295 2749 -
321 2707 422 2767 ertito.
461 2701 496 2767 C.
521 2708 553 2766 7:
577 2721 610 2763 eo
631 2705 734 2763 lotium
758 2703 877 2761 suillum
900 2709 952 2761 aut
974 2712 1090 2765 stercus
1113 2706 1150 2765 ed
1172 2706 1304 2766 redicem

183 2802 261 2864 liare
284 2809 416 2878 oportet.
440 2799 473 2864 Ο.
498 2804 553 2864 222
576 2805 624 2862 Eo
648 2801 757 2873 sumpti
770 2816 845 2872 opus
862 2807 909 2860 est
930 2797 1020 2880 (bugu
1037 2797 1072 2877 iu
1088 2817 1128 2863 uu
1145 2797 1304 2881 iluimunb

183 2896 277 2983 ittig).
324 2898 419 2962 Ennii
441 2897 639 2963 Euhemerus
660 2893 699 2960 fr.
723 2900 751 2971 7,
776 2899 833 2959 31:
865 2899 1023 2974 Postquam
1045 2917 1078 2958 eo
1100 2901 1244 2962 aseendit.
1266 2897 1303 2963 fr.

201 3000 255 3062 43:
277 3016 315 3058 eo
341 2998 380 3059 ad
404 3015 471 3058 eum
498 3001 528 3057 in
551 3002 598 3060 ius
619 3003 767 3061 veniebat.
792 2990 812 3056 l.
835 2998 892 3056 45:
911 3015 943 3057 eo
966 3001 1133 3061 veniebant.
1154 2995 1246 3060 las:
1270 3015 1303 3057 eo

183 3098 295 3158 nubat
313 3094 419 3158 Plaut.
434 3093 523 3159 Pers.
539 3094 582 3174 ΙΙ,
595 3099 624 3173 2,
642 3101 698 3162 53:
715 3102 794 3174 Quid
809 3099 862 3160 aa?
874 3092 971 3158 Mero.
985 3094 1029 3172 V,¹
1042 3100 1069 3163 1,
1081 3099 1115 3158 8:
1131 3113 1164 3155 eo
1177 3099 1235 3155 iam
1252 3114 1304 3156 ee·

183 3192 381 3255 miseratus.
398 3190 435 3270 V,
453 3197 482 3270 2,
495 3197 546 3257 99.
563 3192 691 3258 Terent
706 3195 833 3261 Phorm.
846 3194 902 3273 IV,
915 3198 944 3271 3,
957 3197 1011 3257 35:
1028 3196 1121 3253 Immo
1136 3213 1194 3253 uou
1206 3196 1304 3269 potuit

183 3291 251 3352 elius
274 3293 463 3368 pervenirier
486 3294 534 3352 Eo
556 3310 612 3365 qao
635 3312 688 3354 nos
711 3298 862 3373 volumus,
888 3290 919 3356 h.
943 3308 970 3354 e.
997 3290 1038 3353 ad
1064 3306 1136 3352 eum
1159 3288 1304 3368 gradum,

183 3382 275 3451 leem
292 3385 516 3465 conditionem,
538 3388 580 3452 ad
595 3404 668 3453 eum
683 3395 815 3469 statum,
838 3390 966 3453 adeum
982 3403 1122 3466 scopum.
1144 3385 1304 3464 Sequente

183 3485 336 3549 momine
359 3484 492 3548 relativo
514 3484 556 3548 ib.
601 3485 627 3564 I,
651 3492 680 3565 3,
704 3490 740 3551 6:
763 3492 830 3550 Neu
851 3505 899 3548 me
922 3487 1059 3562 cupidum
1083 3501 1116 3543 ro
1137 3487 1304 3563 inpulisset,

183 3582 228 3647 wi
245 3586 319 3645 milri
340 3586 552 3659 prinoipinmss
573 3588 652 3648 meli.
675 3618 719 3628 -
738 3587 831 3646 Adeo.
856 3585 904 3648 De
925 3582 1021 3646 huius
1043 3580 1220 3662 particulae
1242 3598 1303 3645 usu

183 3688 283 3745 tueter
304 3679 468 3744 Handium
490 3680 523 3743 in
537 3679 718 3746 Tursellino
741 3679 952 3746 conferendus
975 3686 1025 3745 est
1047 3679 1142 3742 etiam
1157 3676 1304 3742 Kleinius

183 3786 340 3843 leursura
360 3777 528 3841 Reiuholdi
549 3778 589 3842 de
613 3797 673 3844 usu
695 3784 778 3860 pert.
802 3782 875 3841 adeo
897 3778 1003 3843 brevis
1026 3776 1256 3842 observationis
1271 3775 1304 3839 iu

183 3864 302 3940 auem.
323 3873 346 3939 t
370 3876 435 3940 au.
461 3881 552 3955 rear,
574 3894 605 3957 p.
630 3882 712 3942 1300
732 3910 777 3921 -
799 3882 891 3942 1309.
912 3910 956 3921 -
978 3881 1014 3954 1.,
1038 3875 1220 3939 Terminus
1242 3872 1303 3937 loci

183 3965 213 4030 ul
226 3972 376 4054 temporis
400 3974 558 4055 exprimit,
581 3992 675 4055 quem
698 3993 791 4039 usum
814 3981 902 4040 reete
921 3973 1065 4038 Handius
1085 3973 1179 4036 docet
1200 3968 1303 4035 solum

183 4068 241 4141 lura
259 4073 458 4153 antiquiores
481 4073 654 4154 scriptores
675 4073 820 4152 inveniri,
843 4089 939 4152 quum
964 4089 1002 4136 ee
1017 4067 1216 4151 significatio,
1239 4084 1303 4148 qua

183 4165 285 4236 tutum
307 4170 467 4250 exprimit,
491 4170 706 4250 antiquiorum
721 4176 755 4235 et
769 4170 980 4250 posteriorum
1004 4168 1195 4249 scriptorum
1218 4182 1302 4230 com-

183 4264 257 4328 umis
277 4267 325 4331 sir.
360 4266 440 4333 Cato
462 4268 498 4332 lt
522 4268 559 4332 R.
583 4287 608 4334 c.
633 4274 687 4333 56:
710 4270 896 4344 usqueadeo
918 4270 986 4328 dum
1009 4268 1082 4326 fieus
1104 4283 1171 4326 esse
1195 4282 1302 4341 eoepe-

183 4354 230 4421 213
267 4362 300 4429 0.
322 4368 379 4431 67:
401 4371 544 4430 umnreim
567 4376 841 4442 commutatusque
865 4368 951 4444 adeo,
972 4367 1066 4425 donee
1089 4366 1120 4423 iu
1143 4367 1239 4423 laeum
1258 4395 1303 4405 -
