3125 5075
585 528 676 570 nonno
694 529 963 574 aspernamentum
1338 552 1359 609 ⁷

200 703 231 764 ut
247 698 430 780 singularis
458 700 599 766 notionis
625 702 727 769 altem
756 705 850 784 quasi
876 705 1095 786 praedicatum
1126 705 1253 775 efficiat.
1298 710 1360 777 0r·

199 796 320 861 diamur
341 815 364 860 a
386 796 574 877 simpliciori
595 818 720 880 genere.
765 802 803 865 ln
825 801 898 883 lege
920 802 1044 868 Numae
1071 822 1122 883 ap.
1145 803 1310 887 6011111,
1338 813 1358 873 3

200 893 328 975 (Egger.
350 911 492 958 monum.
516 900 579 960 vet.
593 895 663 962 Lat
688 899 777 979 reliq.
802 915 832 980 p.
856 900 912 979 82)
934 905 1002 966 est:
1032 899 1360 980 acaemetarum)

200 992 342 1064 senam
357 994 480 1055 caidito.
505 991 543 1069 Q.
559 991 679 1059 Fabius
693 995 802 1061 Pictor
815 995 848 1060 in
864 996 1031 1061 annalibus
1048 1001 1082 1061 et
1095 996 1219 1063 Ennius
1241 999 1359 1073 (annal

201 1088 341 1167 1‚v.7o
368 1093 404 1152 et
425 1093 481 1166 73)
512 1108 574 1155 acc.
606 1090 736 1169 Quintil.
764 1093 792 1172 1,
815 1097 850 1173 6,
881 1097 920 1157 12
947 1100 1036 1171 lupus
1062 1094 1175 1157 femina
1200 1094 1360 1177 dixerunt,

202 1191 235 1249 ut
252 1184 335 1250 Cato
358 1185 396 1250 Β.
419 1187 457 1251 Β.
482 1205 509 1253 c.
535 1193 605 1254 134.
650 1187 730 1253 Cato
753 1189 790 1253 Β.
813 1189 851 1254 Β.
875 1208 900 1255 0.
920 1196 974 1255 17:
997 1193 1099 1253 Rebas
1120 1196 1265 1262 maaria,
1286 1196 1360 1257 item

201 1304 251 1360 pro
279 1286 393 1360 ridica,
422 1288 474 1348 abi
496 1290 657 1350 solstitium
679 1287 772 1350 inerit
795 1291 833 1350 ad
855 1291 1006 1364 brumam,
1037 1308 1156 1366 semper
1181 1295 1360 1368 tempestiva

201 1389 251 1443 cst.
294 1380 335 1444 Η.
359 1380 380 1444 l.
402 1386 542 1445 marces
564 1380 636 1453 (old
659 1380 811 1467 lluhbolg)
843 1389 878 1449 et
892 1403 953 1461 pro
981 1388 1080 1447 ridica
1101 1385 1134 1447 ἐκ
1160 1382 1359 1467 παραλλήλου

201 1477 305 1556 posita
327 1478 421 1542 ambo
452 1486 600 1560 spectent
622 1481 662 1546 ad
685 1485 787 1545 robus.
832 1482 933 1547 Recte
962 1482 1101 1560 explicat
1128 1481 1359 1549 Schneiderua:

201 1592 290 1652 „cum
313 1574 355 1639 ad
378 1578 545 1641 materiam
569 1596 627 1643 seu
648 1577 819 1657 fabricam,
842 1582 910 1642 tum
933 1578 975 1641 ad
997 1578 1124 1645 ridicas.
1169 1580 1278 1645 Robua
1300 1597 1359 1645 seu

200 1688 337 1751 quercus
358 1670 501 1739 fabricae
528 1679 561 1740 et
582 1676 703 1741 ridicae
730 1677 897 1742 materiam
923 1674 1088 1756 praebet.“
1133 1675 1166 1741 C.
1190 1681 1246 1741 20:
1284 1679 1359 1754 digi-

199 1779 259 1831 tum
283 1774 434 1846 pollicem.
477 1770 583 1837 Plaut.
607 1774 693 1838 Asin
717 1772 759 1853 11,
782 1778 813 1853 4,
836 1777 892 1837 64;
924 1776 1072 1834 hominem
1096 1793 1221 1837 servom.
1266 1771 1359 1852 Epid-

200 1867 278 1944 1‚1‚
303 1871 354 1931 se.
389 1865 556 1947 111‚1‚r.
602 1869 800 1950 sunnin,
826 1875 854 1934 1.
893 1869 931 1947 v,
954 1875 984 1949 4,
1011 1875 1058 1933 10.
1100 1870 1146 1935 In.
1169 1870 1228 1951 111.
1253 1876 1280 1949 1,
1304 1874 1360 1934 ar:

200 1968 334 2027 homines
357 1970 501 2029 servolos.
546 1965 645 2033 Mero.
669 1967 712 2047 11,
736 1973 765 2046 3,
790 1971 846 2031 78:
879 1970 1018 2029 ancillam
1049 1970 1220 2045 viraginem.
1265 1966 1359 2031 Truc

199 2061 240 2138 Π,
262 2067 291 2138 2,
318 2066 374 2126 29:
404 2082 508 2125 musca
530 2064 714 2127 —femina
758 2063 849 2128 idem
876 2063 1010 2127 Plautus
1033 2062 1097 2145 [ap.
1119 2064 1296 2145 Philargyr.
1319 2062 1362 2127 ad

201 2158 286 2240 Virg.
311 2158 371 2224 ecl.
393 2156 436 2238 Π,
461 2157 517 2240 63]
550 2160 645 2224 etiam
667 2166 716 2224 leo
738 2163 850 2223 femina
877 2160 958 2225 dixit
984 2164 1071 2233 (Nam
1100 2164 1198 2224 audivi
1220 2162 1362 2223 feminam

201 2275 253 2333 ego
274 2262 396 2320 leonem
419 2262 513 2319 semel
534 2260 657 2334 parire).
701 2258 818 2323 Bacch.
846 2257 873 2337 Ι,
900 2263 927 2336 l,
951 2262 1007 2330 55:
1046 2262 1157 2320 homini
1184 2260 1359 2321 adulescen-

202 2358 271 2417 tulo.
317 2352 412 2418 Most.
437 2352 468 2432 Ι,
498 2360 534 2433 3,
568 2361 642 2419 124;
681 2360 795 2431 Quibus
819 2374 898 2418 anca
920 2359 999 2419 domi
1022 2363 1091 2416 sunt
1111 2374 1227 2417 acorce
1270 2354 1360 2419 Pers.

202 2449 236 2528 V,
253 2457 283 2530 2,
308 2458 343 2516 3:
366 2471 523 2529 pessumus
547 2455 597 2513 hic
619 2456 692 2514 mihi
714 2456 777 2515 dics
799 2455 888 2514 hodie
910 2454 1018 2514 inluxit
1041 2460 1203 2527 corruptor.
1232 2450 1360 2516 Diversi

202 2554 306 2613 autem
336 2550 463 2630 generis
498 2550 701 2615 substantiva
733 2551 904 2615 coniuncta
937 2553 1012 2613 sunt
1044 2549 1076 2613 in
1108 2548 1157 2614 his
1190 2548 1360 2628 exemplis:

202 2645 295 2711 Poen.
320 2646 389 2726 111,
415 2654 449 2725 1,
473 2652 528 2711 4οε
568 2651 700 2710 Obsecro
722 2651 841 2722 hercle,
876 2666 996 2722 000010
1022 2650 1144 2708 celocem
1175 2650 1251 2708 hanc
1278 2648 1360 2727 mihi,

203 2764 256 2806 nec
278 2749 425 2806 corbitam
447 2747 530 2806 date!
554 2750 588 2809 et
608 2744 690 2809 aud.
713 2744 769 2824 lv,
794 2750 822 2822 3,
847 2746 903 2806 6οε
926 2747 1056 2806 vidulum
1080 2778 1120 2788 -
1143 2749 1265 2822 piscem.

286 2847 317 2905 4.
351 2841 386 2906 Si
412 2842 571 2921 generalis
592 2842 680 2905 notio
703 2859 775 2906 curn
798 2840 928 2920 speciali
955 2842 988 2905 in
1010 2845 1139 2917 pentum
1160 2841 1266 2922 posita
1288 2858 1362 2906 con·

203 2938 354 3020 iungitur,
379 2956 473 3002 unam
496 2939 609 3003 ambae
632 2937 774 3003 efficiunt
797 2938 974 3018 notionem,
998 2957 1061 3020 quo
1083 2941 1219 3019 primum
1242 2938 1362 3002 multae

205 3035 359 3100 dictiones
374 3036 625 3116 periphrasticae
636 3035 824 3100 formantur.
854 3036 950 3100 Ennii
964 3036 1067 3100 annal.
1084 3037 1142 3116 11,
1157 3036 1195 3101 ir.
1213 3042 1263 3116 57,
1279 3057 1308 3103 v.
1322 3041 1362 3103 96

205 3150 246 3212 sq.
263 3145 313 3195 tcr
328 3144 450 3210 quattor
464 3153 589 3208 corpora
604 3144 708 3196 sancta
719 3135 841 3196 Acium.
864 3133 967 3197 Plaut.
980 3132 1095 3199 Bacch.
1111 3133 1153 3213 ΙΙ,
1171 3140 1200 3211 3,
1217 3141 1273 3199 74;
1296 3139 1361 3197 Me-

204 3234 337 3306 galobuzi
360 3234 448 3305 filius,
471 3230 500 3292 b.
526 3250 552 3294 e.
569 3231 808 3311 Megalobyzus‚
831 3250 859 3294 v.
883 3231 989 3295 adnot.
1006 3231 1204 3295 Taubmanni
1227 3231 1267 3295 ad
1289 3232 1320 3296 h.
1341 3231 1362 3297 1.

203 3326 329 3404 (Bernh.
355 3346 386 3406 p.
405 3334 442 3391 51
472 3326 580 3392 affert:
615 3327 719 3399 παῖδες
735 3320 903 3404 Ἑλλήνων,
923 3322 1106 3406 Ἀσκληπιοῦ
1126 3327 1243 3404 παῖδες,
1265 3334 1363 3410 negat

203 3432 307 3489 tamen
329 3424 437 3488 adnot.
455 3430 495 3489 85
518 3443 650 3490 numero
667 3424 822 3505 singulari
844 3423 904 3489 hoc
920 3422 988 3489 fieri
1004 3426 1089 3506 apud
1105 3426 1269 3503 Graecos)
1296 3431 1363 3490 Me·

202 3526 307 3598 gabyzi
331 3522 399 3586 sive
422 3527 610 3599 Megalobyzi
633 3540 744 3586 omnes
766 3521 1015 3602 appellabantur
1037 3523 1221 3588 sacerdotes
1240 3525 1363 3589 Dianae

203 3618 372 3700 Ephesiae.
419 3621 543 3684 Deinde
559 3638 627 3685 voc.
644 3641 693 3682 res
713 3637 771 3699 per
796 3619 1107 3683 circumlocutionem
1129 3619 1264 3685 Plautus
1287 3639 1364 3687 usus

189 3724 260 3797 eat,
283 3724 321 3781 ut
344 3718 458 3783 Graeci
480 3719 577 3800 χρῆμα
600 3716 729 3795 (Bernh.
751 3735 781 3796 p.
806 3720 878 3796 52),
913 3716 1007 3780 Truc.
1028 3715 1061 3794 Ι,
1085 3721 1118 3795 2,
1142 3723 1197 3782 39;
1234 3739 1298 3780 rem
1321 3755 1363 3766 -

203 3820 320 3891 amoris,
345 3815 426 3879 he.
450 3832 601 3880 amorem.
638 3812 752 3894 Amph.
769 3813 812 3893 Π,
837 3820 866 3894 2,
893 3819 908 3878 l
934 3833 983 3877 rea
999 3818 1241 3891 -voluptatum
1264 3816 1364 3891 (Rud-

204 3914 274 3978 dim.
291 3931 323 3993 p.
341 3914 426 3991 372),
451 3913 481 3977 b.
499 3932 525 3977 e.
550 3913 742 3993 voluptates
785 3911 881 3996 ‘Truc
903 3911 946 3991 11,
973 3916 1000 3990 1,
1023 3917 1059 3975 4:
1082 3916 1118 3976 ob
1141 3916 1253 3975 amoris
1268 3933 1364 3988 praa

206 4013 292 4073 dum.
337 4011 464 4074 hamb:
497 4012 517 4074 i.
540 4028 568 4074 e.
598 4011 639 4075 ob
662 4026 813 4074 amorem.
857 4008 971 4073 Weis.:
1010 4016 1162 4089 „propter
1192 4010 1362 4090 impensas,

205 4123 280 4185 quas
303 4107 359 4171 ille
384 4109 502 4172 amoris
524 4125 621 4171 causa
641 4105 748 4171 iecit.“
793 4105 889 4169 Poen.
912 4105 942 4185 1,
967 4112 1001 4187 2,
1026 4112 1057 4170 1:
1094 4109 1201 4181 Nepoti
1229 4111 1287 4169 sibi
1314 4113 1364 4185 qui

207 4210 280 4268 volet
302 4209 363 4266 cam
385 4224 508 4281 parare,
533 4206 587 4270 ubi
610 4223 639 4268 v.
663 4209 721 4266 rim
745 4208 844 4283 auget
865 4203 1025 4268 notionem
1048 4221 1077 4266 v.
1101 4208 1211 4280 negoti.
1256 4205 1364 4269 Auda-

210 4301 268 4367 cius
293 4301 415 4366 dictum
439 4308 489 4367 est
510 4303 550 4367 ab
566 4302 669 4366 Ennio
691 4299 793 4365 annal
817 4301 836 4363 l.
859 4300 903 4377 ΙΙ,
923 4300 962 4365 ir.
982 4306 1012 4365 l:
1036 4305 1096 4364 Olli
1118 4305 1274 4377 respondit
1295 4321 1363 4364 sua·

210 4402 244 4461 ria
272 4420 363 4462 sonus
390 4404 522 4477 Egeriai.
567 4399 606 4464 In
633 4399 682 4464 his
712 4398 857 4464 omnibus
884 4398 1037 4480 exemplis
1067 4399 1099 4463 id
1127 4398 1363 4463 substantivum

211 4497 401 4572 potissimum
424 4501 475 4561 est
496 4497 689 4577 maximique
711 4496 879 4575 momenti,
903 4497 994 4561 cuius
1016 4497 1103 4561 notio
1126 4496 1262 4562 maxime
1288 4513 1364 4576 pre·
