3125 5075
170 358 234 416 212
616 343 771 386 SUBSTANT.
793 347 856 389 ΟΔΡ.
871 348 912 389 111.
967 375 972 382 ·

171 527 269 604 etque
292 539 363 588 eam
385 521 542 587 rationem
557 524 726 602 exprimet,
747 538 830 602 qnae
845 522 963 600 dativo,
986 525 1021 587 et
1035 537 1116 598 eam,
1138 534 1223 599 queo
1244 516 1338 584 abla-

171 621 239 685 tivo
267 638 339 686 cum
367 617 603 700 praepositione
629 619 797 686 coniuncto
824 619 1021 700 designatur.
1066 614 1220 681 Refertur
1248 616 1334 681 enim

173 736 226 783 res
248 718 289 783 ed
311 716 489 796 bominem,
511 716 543 779 in
567 732 630 794 quo
652 716 722 797 ipsa
745 716 850 783 locum
872 718 1026 794 obtineat,
1049 719 1106 780 aut
1128 732 1148 780 a
1170 731 1234 795 quo
1258 730 1334 795 pro

171 813 259 880 fecta
279 813 435 878 videatur.
473 813 516 879 Et
531 812 724 894 intelligitur
736 814 893 896 imprimis
914 815 1049 891 animus,
1072 811 1243 892 sententia,
1267 812 1337 893 opi·

172 911 225 976 nio
247 910 427 990 hominum,
461 911 502 976 ad
530 928 625 992 qnam
657 911 777 993 aliquid
804 912 1026 990 constituitur,
1059 909 1198 988 ideoque
1226 912 1263 974 et
1292 910 1336 988 id,

173 1009 260 1088 qnod
281 1007 376 1073 alicui
398 1007 501 1073 visum
532 1011 597 1087 est,
634 1013 691 1074 ant
716 1026 755 1073 ex
782 1007 919 1074 micalus
949 1008 1108 1073 sententia
1130 1012 1238 1071 exstat
1268 1006 1337 1087 (Sic

173 1106 319 1171 Hendius
342 1124 373 1186 p.
396 1110 460 1170 410
483 1106 555 1184 su).
599 1104 697 1170 Naev.
720 1104 759 1171 ir.
786 1107 845 1171 inc.
870 1124 948 1171 com.
973 1110 1001 1183 3,
1024 1123 1054 1169 v.
1080 1108 1156 1170 109:
1179 1108 1231 1181 qui
1254 1108 1337 1182 apud

173 1212 272 1282 peotes
295 1207 376 1267 solus
399 1210 544 1279 praestat.
579 1202 683 1268 Plaut.
699 1203 790 1269 Pers.
805 1203 860 1283 IV,
879 1210 907 1283 7,
923 1210 959 1270 9:
983 1204 1104 1267 Credidi
1127 1214 1246 1279 gratum
1270 1204 1335 1265 iore

172 1306 356 1366 Beneficium
376 1320 474 1363 meum
497 1308 571 1377 aput
591 1308 626 1363 ie.
671 1301 799 1367 Terent
822 1301 900 1368 Hec.
924 1301 979 1380 IV,
1001 1306 1031 1381 2,
1053 1304 1090 1365 8:
1117 1303 1159 1363 Ut
1187 1302 1271 1376 apud
1292 1319 1337 1361 me

173 1403 338 1476 praemium
362 1416 428 1460 asse
451 1402 581 1474 positum
604 1402 711 1476 pietati
734 1404 822 1463 sciar.
845 1433 888 1444 —
911 1403 941 1465 6.
964 1401 992 1462 Α
1012 1398 1157 1479 personia
1179 1395 1337 1462 transfer·

174 1501 229 1560 tur
251 1495 292 1560 ad
314 1512 367 1560 res
388 1500 423 1559 et
446 1495 485 1559 de
507 1494 649 1561 locorum
669 1497 810 1578 regione,
832 1497 1072 1577 propinquitate
1096 1501 1131 1560 et
1151 1495 1271 1562 vicinia
1289 1494 1336 1559 di·

176 1594 270 1659 citur.
293 1592 331 1656 ln
353 1592 478 1675 vulgari
500 1610 647 1658 sermone
671 1594 711 1658 de
733 1593 804 1675 ipso
827 1593 896 1660 loco
919 1612 977 1675 pro
999 1598 1113 1676 imper
1136 1610 1229 1658 omne
1253 1598 1336 1658 tem·

173 1709 235 1772 pus
264 1697 453 1770 usurpatum
482 1696 567 1770 erat,
596 1690 652 1756 sed
678 1690 810 1756 ebonis
833 1692 1044 1773 scriptoribus
1063 1697 1188 1756 tantum
1210 1691 1246 1755 in
1267 1692 1337 1772 qoi-

175 1787 312 1854 busdem
334 1786 494 1868 formulis,
517 1791 598 1864 apud
619 1791 733 1863 forum,
756 1793 838 1865 apud
859 1792 980 1852 uidam:
1004 1789 1114 1855 comici
1137 1788 1178 1853 de
1199 1788 1336 1855 urbibus

176 1886 327 1952 dicebaut
348 1901 406 1965 pro
427 1887 469 1945 in.
514 1885 614 1951 Naev.
642 1886 715 1952 bell.
746 1886 825 1951 Pan.
852 1887 890 1952 ir.
913 1887 972 1954 inc.
999 1894 1037 1952 17
1061 1886 1193 1951 Vahlen.
1221 1903 1255 1967 p.
1281 1890 1335 1950 20:

175 1986 265 2062 Apud
288 1985 461 2060 emporium.
505 1981 604 2048 Naeu
620 1981 833 2050 Carbonaria:
856 1989 922 2048 Tibi
945 1989 1024 2048 servi
1047 1988 1132 2047 multi
1152 1986 1236 2059 apud
1256 2002 1338 2046 mce-

177 2100 244 2145 aam
265 2088 373 2143 astant
419 2079 512 2144 Ennii
533 2079 790 2162 heduphegetica
813 2082 958 2161 (Vahlen.
981 2102 1012 2164 p.
1039 2086 1108 2162 166,
1129 2098 1158 2144 v.
1183 2084 1232 2158 3):
1257 2083 1337 2160 apud

179 2180 371 2242 Obaradram
388 2178 649 2258 Ambraciamque.
693 2180 795 2245 Plaut
812 2180 906 2247 Most-
921 2200 951 2245 v.
968 2186 1044 2247 935:
1067 2181 1139 2258 quid
1159 2183 1260 2243 illisce
1284 2184 1336 2243 bo·

177 2279 273 2339 mines
295 2285 443 2353 quaerunt
465 2283 539 2352 aput
559 2280 642 2340 aedis
663 2282 765 2343 meae?
809 2279 898 2345 Pers.
921 2280 947 2360 I,
965 2285 992 2357 1,
1009 2283 1064 2343 22:
1086 2282 1261 2341 Plusculum
1283 2298 1336 2341 an·

176 2393 245 2436 num
268 2377 326 2436 Fui
347 2374 564 2452 praeferretur,
589 2384 663 2450 aput
682 2381 776 2441 molae
799 2382 935 2442 tribunus
958 2380 1118 2455 capularis.
1155 2374 1199 2453 ΙΙ,
1223 2380 1254 2455 2,
1279 2381 1335 2441 21;

176 2479 250 2549 aput
272 2473 349 2534 hanc
372 2474 497 2533 obicem.
542 2470 691 2540 Reddin.
715 2492 745 2556 p.
766 2480 845 2557 282,
875 2476 981 2540 wirot
1006 2480 1047 2541 33
1069 2470 1166 2538 effert
1193 2472 1288 2555 Epid.
1311 2473 1336 2553 Ι,

180 2575 208 2647 1,
232 2573 283 2648 51,
306 2567 361 2633 ubi
384 2572 466 2645 apul
488 2573 617 2641 Thebas,
647 2578 684 2637 ut
705 2574 843 2639 Ursinus
864 2574 970 2652 docet,
997 2591 1056 2654 pro
1080 2575 1188 2634 Tbcbm
1214 2571 1336 2637 dictum

168 2670 235 2730 est.
280 2665 408 2731 Terent.
438 2666 536 2731 Andr.
559 2667 602 2744 II,
629 2674 656 2747 l,
683 2674 718 2733 2:
754 2671 847 2747 Apud
873 2675 975 2747 foram
1003 2673 1090 2733 modo
1119 2690 1135 2732 e
1163 2673 1251 2732 Davo
1285 2688 1336 2731 au·

178 2765 253 2841 divi,
289 2762 319 2828 h.
343 2782 369 2829 e.
392 2764 426 2829 in
446 2763 527 2831 foro.
572 2765 707 2847 Adelph.
729 2768 756 2846 1,
780 2775 809 2847 2,
834 2776 888 2835 74:
921 2774 1069 2833 hominem
1097 2771 1278 2843 convenire,
1312 2770 1337 2829 si

177 2862 260 2935 amad
279 2863 417 2935 serumst.
462 2861 521 2942 III,
547 2868 575 2941 5,
599 2867 633 2927 2:
658 2868 722 2943 Ego
746 2870 920 2945 Micionem,
944 2872 971 2931 ei
992 2869 1074 2942 apud
1095 2868 1234 2941 serumst,
1260 2867 1336 2928 Gon·

177 2960 303 3021 verbm.
347 2958 403 3036 lv,
428 2965 455 3038 l,
481 2964 511 3024 l:
534 2959 628 3037 Apud
648 2964 790 3026 uillamst.

268 3056 394 3120 Oirciter
421 3061 455 3122 et
482 3056 613 3124 deloco
640 3065 674 3124 et
703 3060 743 3125 de
771 3066 918 3142 tempore
945 3062 1070 3127 dicitur.
1115 3060 1167 3126 Sic
1194 3059 1237 3125 de
1267 3059 1336 3124 loco

180 3152 284 3218 Pmot
308 3151 385 3219 cist.
408 3153 464 3235 lv,
487 3159 517 3235 2,
540 3159 573 3220 8:
598 3158 682 3220 Loca
704 3161 822 3221 circiter
844 3162 958 3221 excidit
978 3163 1050 3221 baec
1071 3163 1111 3221 mi
1141 3157 1202 3238 (sic
1225 3157 1338 3223 scribit

179 3249 373 3317 Ritschelius
395 3253 568 3333 prolegom.
592 3253 634 3319 ad
657 3255 741 3319 Trin.
764 3275 794 3337 p.
821 3258 905 3336 171),
928 3256 968 3320 de
991 3261 1135 3337 tompore
1157 3254 1255 3320 Most.
1277 3253 1337 3334 ΙΙΙ,

181 3347 215 3429 1,’
235 3352 289 3414 52:
312 3351 421 3412 Redito
444 3354 502 3414 huc
524 3353 641 3414 circiter
660 3355 823 3417 meridiem.

267 3449 385 3510 Circum
414 3448 455 3514 de
481 3447 551 3513 loco
580 3449 707 3515 dieitur.
752 3449 833 3515 ceto
861 3450 899 3515 R.
927 3450 963 3515 R
991 3469 1016 3516 c.
1042 3456 1076 3515 δε
1112 3452 1233 3513 Circum
1260 3453 1338 3512 olcas

179 3549 377 3608 autumnitate
401 3548 588 3623 ablaqueato·
634 3545 668 3612 O.
693 3552 746 3613 36:
770 3553 930 3611 Amurcam
954 3569 1076 3626 spargas
1099 3550 1147 3611 rel
1168 3550 1278 3624 irriges
1301 3549 1338 3609 ad

180 3644 319 3718 arbores,
345 3645 458 3704 circam
479 3646 579 3719 capita
599 3648 717 3708 maiora
739 3650 898 3724 amphoras
919 3680 963 3690 —
985 3647 1097 3708 addito.
1143 3642 1177 3708 Ο.
1202 3647 1235 3707 6:
1274 3645 1339 3706 Gir-

177 3758 246 3802 cum
267 3757 392 3802 corauae
414 3748 446 3802 et
466 3743 576 3805 circam
596 3746 663 3807 aiae
683 3749 779 3809 ulmos
802 3748 903 3808 serito.
948 3742 1009 3809 lb:
1040 3747 1167 3806 Salicem
1191 3745 1339 3804 Graecam

179 3838 291 3900 circum
312 3838 524 3901 arundinetum
544 3845 644 3904 serito.
689 3841 784 3907 Ennii
812 3842 915 3906 annal.
944 3840 965 3905 l.
988 3840 1048 3919 Ill,
1075 3839 1114 3905 lr.
1143 3846 1178 3906 5:
1217 3841 1339 3904 Oircam

178 3940 229 3998 aba
244 3953 319 4012 quae
336 3943 406 3998 sunt
419 3954 543 4014 magnae
556 3948 660 4015 gentes
673 3945 833 4017 opulentae
849 3943 1024 4017 (sos=eoe
1030 3939 1147 4004 Festus
1161 3938 1338 4019 peurel).

179 4031 401 4097 Andromedae
419 4029 457 4098 ir.
478 4037 531 4097 10:
555 4039 666 4097 circum
689 4055 764 4099 sese.
809 4037 965 4119 Exempla
984 4055 1023 4102 er
1043 4036 1157 4101 Plauto
1170 4042 1204 4100 et
1218 4036 1340 4103 Teren·

179 4125 226 4234 tio
248 4128 417 4212 desumpta
437 4129 510 4196 vide
532 4132 618 4211 apud
640 4133 810 4199 Handium.
833 4168 876 4178 —
898 4135 947 4199 En
969 4139 1050 4197 circa
1072 4140 1105 4200 et
1126 4137 1238 4197 ciream
1265 4154 1340 4202 con·

180 4229 321 4290 iunctum
345 4231 395 4292 est
416 4228 601 4294 adverbium
622 4233 823 4297 circumcirca.
861 4231 993 4313 Sergius
1009 4235 1041 4296 iu
1057 4235 1172 4299 Donat
1195 4251 1225 4314 p.
1243 4238 1337 4312 1855,

181 4318 230 4382 ed.
252 4319 393 4390 Peuce:
423 4326 525 4407 „Nam
548 4332 582 4393 et
604 4331 875 4411 praepositionem
898 4330 1132 4413 praepositioni
1151 4333 1198 4398 sic
1222 4330 1338 4398 cobae-
