3125 5075
382 561 387 568 -
485 540 575 581 cdwd
595 541 865 583 SUBSTANTIVORUU.
883 562 906 571 -
927 540 1067 582 ΑΟΟΠΒΑΤ.
1296 548 1356 605 187

227 712 268 777 sed
284 715 454 789 mitum
474 714 635 795 constitui,
658 714 751 778 modo
773 713 834 778 hae
855 713 937 779 duae
952 731 1047 778 voces
1061 715 1214 789 quantitas
1234 718 1267 777 et
1285 731 1357 787 qao

226 814 290 880 un,
314 810 581 892 quemadmodum
609 812 672 876 iam
694 811 727 875 in
749 810 889 876 ablativo
912 811 1078 876 tractando
1101 810 1243 890 fecimus,
1266 809 1356 874 latis-

226 907 285 972 u‘me
304 910 437 988 patente
459 905 690 989 significatione
712 908 919 988 accipiantur.

288 1002 379 1081 onon
401 1004 430 1069 si
451 1007 588 1086 primum
611 1008 827 1072 accusativum
851 1006 1040 1086 quantitatis
1063 1014 1259 1086 spectamus,
1283 1022 1356 1070 eum

223 1102 388 1185 lparfitum
417 1120 489 1168 esse
515 1104 578 1169 iam
599 1104 697 1186 paulo
723 1112 800 1170 autc
826 1104 977 1183 vidimus,
1011 1108 1169 1183 quatenus
1191 1107 1356 1183 spectatur

224 1199 365 1279 unusne
386 1200 553 1266 exmusivo
571 1207 628 1268 aut
649 1202 808 1267 intensiva
828 1201 970 1267 actionis.
1015 1200 1075 1265 Illa
1094 1205 1230 1281 apparet
1248 1200 1281 1264 in
1296 1203 1357 1261 loco

224 1304 396 1373 ate-pore,
420 1302 454 1362 et
474 1299 631 1380 acdones,
659 1317 740 1380 quae
762 1299 825 1364 huc
847 1298 1036 1364 referendae
1059 1307 1149 1377 sunt,
1176 1299 1358 1378 exprimunt

166 1407 168 1421 ¹
223 1399 312 1458 naam
332 1393 367 1459 in
388 1393 531 1461 locovel
552 1396 762 1479 intempore.
796 1395 868 1475 Sed,
892 1402 929 1462 ut
951 1414 1049 1476 supra
1070 1395 1216 1473 vidimus
1239 1395 1359 1459 discer-

166 1511 169 1538 τ
228 1492 339 1556 undum
371 1500 424 1557 est
453 1493 536 1559 inter
564 1496 782 1561 accusativum
816 1494 897 1557 initii
924 1493 1058 1559 actionis
1095 1511 1129 1558 se
1160 1491 1359 1573 explicantis,

166 1603 169 1634 ¹
228 1589 264 1666 qui
281 1596 328 1654 est
349 1595 537 1654 sarmatiaca
558 1594 729 1654 directionis
750 1595 904 1654 crassiora
924 1594 1149 1666 waldradam,
1172 1600 1205 1657 et
1225 1608 1357 1656 accusa·

166 1692 168 1731 ῑ
227 1684 301 1750 irum
321 1688 568 1769 progressionis,
590 1708 684 1771 quern
706 1690 814 1756 dicere
835 1690 938 1769 possis
960 1694 1164 1753 aununtiarem
1183 1692 1359 1753 amnonis

166 1793 169 1812 ’
225 1781 397 1862 {distantiae
420 1788 671 1866 perpetuitatis).

288 1880 456 1946 Obiectum
484 1882 689 1949 directionem
713 1882 893 1966 significans
922 1885 949 1949 si
973 1889 1123 1964 tauquam
1151 1888 1303 1964 puncturn
1327 1885 1359 1947 in

226 1974 276 2041 loco
293 1977 344 2042 vel
366 1978 400 2042 iu
422 1984 566 2061 tempore
588 1982 764 2062 cogitatur,
799 1999 861 2061 quo
889 1982 1021 2047 directio
1050 1989 1156 2046 motus
1184 1982 1263 2046 satis
1286 1995 1359 2045 con-

224 2076 361 2155 stituitur,
395 2074 467 2142 finis
488 2078 579 2158 quasi
606 2088 639 2144 et
661 2080 816 2144 terminus
839 2080 944 2146 motils
966 2088 1032 2157 est,
1066 2080 1224 2161 adquam
1247 2096 1360 2159 perve-

221 2174 353 2238 niendum
375 2184 440 2255 est,
463 2175 520 2240 sed
541 2176 588 2241 itu
607 2181 724 2255 tamen,
748 2184 784 2242 ut
803 2176 882 2240 illud
897 2195 1097 2257 nequaquam
1118 2184 1209 2242 extra
1227 2184 1359 2255 motum,

219 2270 264 2333 sed
283 2272 365 2337 intra
387 2291 460 2337 eum
479 2274 618 2352 positum
638 2275 689 2339 sit.
713 2274 784 2339 Hoc
806 2275 941 2338 maxime
963 2276 995 2338 iu
1018 2275 1197 2339 nominibus
1217 2273 1360 2338 locurum

219 2368 258 2431 rel
278 2370 343 2433 solo
366 2371 550 2435 accusativo
572 2373 787 2452 respondente
815 2373 856 2437 ad
877 2374 1144 2453 interrogationes
1166 2375 1244 2447 quo?
1274 2391 1361 2446 qua-

213 2469 288 2525 cun?
310 2466 361 2530 vel
382 2485 454 2533 cum
473 2470 774 2550 praepositionibus,
799 2470 934 2532 maxime
955 2472 996 2531 cd
1014 2475 1048 2534 et
1066 2474 1099 2530 in
1120 2470 1287 2534 coniuncto
1308 2488 1360 2533 er-

210 2564 360 2638 primitur.
404 2565 523 2642 Quodsi
546 2569 703 2634 obiectum
728 2586 791 2631 nou
815 2574 866 2631 est
887 2569 948 2632 uisi
970 2569 1050 2646 tale,
1074 2566 1247 2633 secuudum
1270 2566 1361 2631 cuius

211 2661 300 2725 sitnm
323 2662 458 2727 directio
480 2666 614 2731 actionis
636 2667 861 2742 constituatur,
885 2683 1013 2745 semper
1032 2665 1288 2746 praepositiones
1310 2683 1361 2729 ac·

208 2757 321 2822 cedunt
336 2759 378 2823 ad
393 2764 620 2843 accusativum,
642 2770 679 2827 ut
688 2783 754 2838 por,
771 2770 906 2837 practer,
927 2767 1018 2833 irater,
1041 2763 1132 2828 aliae.
1177 2762 1360 2827 Notandum

208 2857 451 2921 murmurarint
473 2878 544 2924 curn
568 2863 608 2921 ad
629 2866 661 2924 et
681 2863 715 2921 in
737 2861 1026 2939 praepositionibus
1050 2861 1208 2926 coniuncti
1231 2866 1360 2924 contra·

205 2952 285 3017 lium
308 2971 382 3018 esse
405 2954 588 3036 ablativum,
619 2957 816 3037 reliquarum
838 2965 945 3021 autem
969 2959 1239 3039 praepositionum
1262 2958 1362 3037 pluri·

202 3063 326 3115 marum
343 3054 518 3117 contrarias
534 3055 610 3117 item
627 3054 708 3119 tales
724 3072 805 3133 esse,
828 3073 912 3135 quae
934 3074 1004 3119 curn
1028 3057 1210 3122 accusativo
1231 3056 1361 3121 coniun-

203 3154 331 3229 gantur,
355 3155 394 3214 ut
415 3157 482 3212 aaa
505 3158 626 3228 etpost,
649 3156 691 3214 cis
713 3160 747 3216 et
769 3159 862 3214 tranas.
900 3152 1080 3217 Nonnullae
1102 3155 1359 3234 praepositiones

204 3245 291 3327 ipsae
314 3244 419 3310 forma
449 3254 524 3313 snut
545 3249 734 3328 accusativi,
768 3258 805 3312 ut
827 3253 953 3329 circum,
988 3254 1147 3314 secundnm
1176 3261 1210 3315 et
1238 3271 1299 3332 per
1325 3269 1360 3316 se

205 3343 331 3422 quidem
356 3349 520 3423 spectatae
542 3365 605 3412 nun
627 3354 702 3413 suut
729 3347 903 3412 accusativi
930 3348 1131 3425 directionis,
1166 3349 1223 3412 sed
1250 3358 1359 3413 exten·

206 3439 308 3506 sionis.
356 3441 476 3508 Multas
503 3445 583 3509 alias
608 3452 719 3510 notum
747 3451 797 3510 est
822 3463 892 3509 esse
914 3445 1068 3508 adverbia
1095 3445 1197 3509 forma
1218 3444 1360 3523 ablativi,

203 3556 263 3618 quo
285 3535 435 3618 efficitur,
458 3559 567 3606 casum
589 3545 719 3622 proprie
741 3562 805 3607 non
826 3541 967 3622 pendere
988 3562 1008 3606 a
1030 3541 1277 3621 praepositione,
1301 3541 1359 3606 sed

204 3639 368 3701 aratione
392 3653 456 3715 qua
477 3639 515 3715 is,
538 3641 593 3719 qui
615 3639 765 3720 loquitur,
790 3640 920 3720 cogitat.

283 3734 382 3798 Alter
402 3737 602 3801 accusativus
626 3743 697 3801 erat
723 3737 972 3817 progressionis,
1007 3737 1076 3817 qui,
1110 3744 1147 3801 ut
1173 3737 1235 3801 iam
1264 3754 1362 3815 supra

205 3830 462 3898 demonstratum
486 3840 550 3914 est,
580 3839 714 3916 propter
736 3833 971 3913 simplicitatem
995 3852 1085 3898 suam
1107 3836 1175 3899 sine
1197 3834 1361 3915 praeposi·

205 3929 286 3996 tione
310 3949 385 3995 cum
411 3933 596 4012 praedicato
623 3933 835 4012 coniungitur.
881 3931 918 3994 In
949 3932 1052 4012 spatio
1082 3936 1292 4001 antenaionon,
1326 3933 1359 3997 in

207 4031 346 4110 tempore
363 4033 592 4104 pcrpaaiaaem
614 4030 773 4109 exprimit,
797 4031 915 4109 quain
937 4049 988 4109 re,
1011 4030 1072 4094 uisi
1093 4030 1187 4095 nimis
1210 4037 1360 4096 accurate

208 4142 267 4190 rem
288 4133 437 4206 spectare
459 4126 549 4205 velis,
573 4127 651 4191 nihil
673 4126 784 4207 refert,
809 4133 914 4191 utrum
939 4127 1023 4192 actio
1044 4129 1146 4208 magis
1165 4145 1225 4208 pro
1247 4145 1361 4209 recep·

210 4221 268 4287 tiva
287 4240 331 4287 an
352 4240 413 4304 pro
435 4223 627 4303 productiva
648 4226 835 4305 accipiatur.
873 4225 1048 4305 Receptiva
1070 4230 1120 4289 est
1141 4227 1233 4301 actio,
1256 4227 1284 4290 si
1306 4226 1361 4291 ob·

209 4316 285 4385 iacta
305 4320 367 4387 loci
389 4320 442 4387 vel
464 4323 618 4403 temporis
640 4329 678 4388 ut
699 4322 775 4388 data
797 4330 830 4387 et
852 4339 934 4402 quae
954 4321 995 4386 ab
1016 4323 1106 4386 initio
1122 4322 1262 4402 fuerunt,
1286 4322 1362 4389 sub·

212 4413 285 4482 iacto
314 4435 353 4483 er
380 4418 519 4483 adverso
549 4426 726 4499 ponuntur,
758 4420 966 4501 productiva,
999 4420 1026 4484 si
1057 4418 1135 4484 nihil
1162 4421 1224 4485 nisi
1250 4421 1362 4486 modus

213 4508 316 4578 harum
336 4517 519 4596 notionum,
542 4517 723 4599 longitudo,
746 4519 946 4599 perpetuitas
968 4523 1119 4598 tunquam
1142 4518 1267 4584 obiecta
1288 4537 1361 4600 spe·
