3125 5075
379 378 404 415 V.
431 376 599 415 Paosoasss‘a
615 375 786 413 lanuflslra
802 375 838 413 ET
861 373 1037 413 humanam.
1226 384 1287 439 413

125 557 178 617 Ex
207 553 280 614 atam
308 554 442 627 amieos
474 553 547 612 mibi
579 551 717 613 conficies
750 554 881 628 nuptias.
926 550 975 615 De
1009 544 1184 628 composito
1212 563 1291 608 atam

132 652 273 727 adnata
292 667 322 712 v.
344 645 373 730 ᾗ.
395 652 446 714 22.
490 646 582 725 Quod
605 646 646 711 ad
668 648 844 713 numeralia
867 667 905 713 ex
929 644 1102 712 decadibus
1129 647 1162 709 et
1183 659 1290 707 mona·

134 747 234 814 dibna
257 745 435 827 composita
456 744 586 822 attinet,
619 748 728 809 notum
761 752 811 810 est
840 750 896 810 aut
922 742 1074 809 decadem
1100 740 1291 806 antecedere

137 842 272 910 monadi
295 842 364 910 sine
393 850 421 905 et
449 842 669 909 coniunctione
696 849 753 907 aut
777 844 943 908 monadem
970 839 1081 907 decadi
1103 845 1131 902 ct
1150 838 1291 919 interpo-

135 944 209 1010 site.
256 941 319 1010 Ab,
334 940 394 1006 hac
416 945 522 1005 tamen
550 957 663 1004 norma
692 959 914 1021 nonnunquam
947 956 1106 1005 recessum
1135 940 1194 1001 est.
1239 934 1291 1000 Sic

132 1040 215 1107 dixit
237 1037 361 1105 Fabius
382 1037 491 1103 Pictor
512 1039 545 1104 in
567 1036 670 1102 annal.
701 1046 759 1120 lap.
784 1038 865 1104 Gell.
887 1038 926 1114 V,
948 1036 997 1119 4):
1025 1040 1091 1099 Rex
1114 1036 1172 1097 tuit
1197 1054 1290 1097 annos

126 1141 240 1216 cipiata'
263 1144 292 1201 et
312 1146 414 1199 anam.
457 1134 559 1200 Plaut.
583 1135 649 1200 Mil.
673 1135 732 1214 111,
759 1144 785 1216 l,
811 1143 864 1201 35:
890 1140 966 1198 llam
989 1138 1124 1213 equidem
1146 1138 1205 1196 han
1227 1151 1291 1194 snm

130 1256 224 1300 annon
248 1239 338 1299 nitus
366 1244 488 1312 praeter
513 1238 730 1310 qaiaqaaqtnta
756 1238 950 1311 etquattuor.
979 1232 1030 1299 Sic
1056 1230 1291 1309 FleckeisenuS,

131 1335 168 1398 in
185 1329 388 1415 praefatione
415 1336 521 1396 tamen
550 1350 578 1395 v.
602 1336 642 1395 26
672 1333 811 1412 scripsit:
845 1351 915 1410 „me
942 1331 1024 1396 male
1052 1328 1149 1394 habet
1169 1334 1291 1404 prater

137 1428 381 1512 praepositionis
405 1447 496 1493 usus:
527 1427 603 1509 quid
631 1430 658 1493 si
688 1448 727 1494 ea
754 1428 860 1494 deleta
892 1463 934 1472 -
960 1428 1181 1493 restituamus:
1214 1429 1290 1487 Nam

139 1532 272 1608 equidem
301 1530 360 1590 bau
387 1547 449 1589 sum
481 1531 567 1589 natus
595 1546 688 1589 annos
710 1529 925 1603 qotnqaupaaa
946 1534 974 1588 et
1002 1529 1067 1602 q.?“
1110 1523 1204 1588 Most
1230 1523 1290 1601 III,

140 1632 165 1707 1,
188 1631 266 1692 102:
300 1628 425 1703 Quattm
447 1627 649 1702 quadraqinta
675 1628 720 1687 illi
749 1628 894 1687 debentur
923 1628 1028 1687 minae.
1073 1625 1160 1684 Mitte
1181 1639 1290 1687 nume·

133 1723 200 1791 rale
223 1730 260 1791 et
280 1740 340 1805 pro
363 1722 563 1787 substantivo
579 1728 731 1802 sequente
748 1722 888 1803 genitivo
903 1728 937 1786 et
951 1739 1009 1802 pro
1024 1719 1181 1786 adiectivo
1197 1739 1290 1785 usur·

130 1827 238 1903 patnr.
284 1820 336 1887 Sic
366 1817 446 1884 Cato
473 1820 552 1901 orig.
582 1819 598 1884 I
627 1820 721 1895 (Gell.
744 1825 828 1884 noct.
853 1822 919 1884 Att.
942 1818 967 1896 l,
1001 1823 1050 1898 16,
1078 1815 1106 1900 §-
1129 1820 1181 1897 t):
1216 1822 1289 1881 lude

134 1932 182 1985 est
204 1922 301 1983 ferme
323 1919 405 1979 mitte
420 1937 544 1994 pascum
567 1918 632 1998 (qui
655 1922 704 1983 est
725 1917 883 1999 genitivus
905 1916 1059 1997 pluralis).
1089 1916 1126 1982 ci.
1147 1916 1289 1982 Bolhuis.

132 2023 191 2084 al:
214 2016 286 2099 ,Ex
308 2015 366 2080 hoc
389 2020 423 2079 et
444 2013 515 2080 aliis
537 2015 616 2081 locis
631 2014 725 2080 docet
740 2013 873 2093 Gellius,
896 2018 975 2075 mille
990 2013 1145 2095 singulari
1158 2032 1289 2079 numero

131 2116 210 2198 poni
232 2111 382 2180 debere.“
427 2112 627 2177 Adiectivum
649 2119 700 2178 est
725 2112 828 2179 Plaut.
858 2111 971 2177 Bacch
994 2111 1049 2191 IV,
1074 2119 1103 2193 9,
1125 2119 1160 2178 4:
1196 2117 1290 2189 Quom

131 2216 246 2277 Priami
267 2215 394 2289 patriam
417 2241 457 2255 -
483 2211 549 2289 [Et]
571 2214 650 2273 mille
673 2231 796 2274 numero
818 2216 941 2274 naviam
962 2245 1005 2256 —-
1027 2216 1215 2290 subegerunt.
1239 2212 1291 2276 Sic

132 2314 310 2392 praeeunte
337 2308 483 2374 Beckero
507 2326 537 2389 p.
562 2315 580 2373 7
601 2308 802 2375 Ritschelius.
832 2309 922 2374 Libri
943 2311 1023 2371 mille
1045 2330 1120 2389 mm,
1144 2325 1288 2390 proquo

134 2409 271 2474 formam
293 2410 444 2468 mdhaam
473 2405 624 2472 invehere
651 2406 780 2471 volebat
807 2406 1016 2473 Camerarius.
1061 2406 1110 2472 Ad
1137 2409 1290 2468 ordinalia

132 2506 219 2589 quod
241 2505 370 2584 attinet,
397 2503 602 2569 memorabile
625 2510 689 2585 est,
723 2522 742 2569 a
763 2505 864 2571 Fabio
886 2505 1012 2571 Pictore
1034 2505 1066 2571 in
1089 2504 1194 2571 annal.
1224 2502 1286 2586 (ap.

135 2602 218 2670 Geli
234 2602 274 2683 V,
291 2605 324 2679 4)
347 2602 467 2668 dictum
489 2617 574 2668 esse:
595 2608 784 2682 Quapropter
808 2614 869 2666 tum
892 2609 1017 2682 primum
1040 2607 1186 2682 explebe
1210 2608 1289 2666 alter

135 2706 241 2766 consul
264 2701 363 2764 factas
386 2710 442 2777 est,
464 2703 684 2763 daoetoioesimo
708 2722 795 2778 auno,
818 2712 974 2780 postquam
992 2706 1115 2765 Romam
1138 2705 1217 2765 Galli
1240 2721 1288 2764 ce·

134 2810 261 2880 perant,
285 2797 403 2863 etalio
426 2797 509 2863 loco:
541 2811 673 2862 mortuus
697 2811 743 2862 est
765 2820 843 2862 anuo
864 2803 1093 2863 duoetvicesimo.
1138 2798 1289 2865 Ordinale

127 2901 248 2975 prauus
269 2896 427 2961 interdum
449 2896 495 2961 sic
517 2903 704 2977 usurpatur,
738 2905 775 2961 ut
801 2916 863 2963 uon
890 2907 955 2962 tam
978 2899 1115 2979 primum
1147 2896 1290 2979 complu·

132 2996 214 3060 rium
239 2994 381 3059 eiusdem
405 2993 549 3074 geneum,
577 2994 634 3059 sed
656 2995 789 3075 primam
812 3004 936 3077 partem
965 2995 1099 3060 alicuius
1122 2996 1170 3060 rei
1192 2994 1289 3076 signi·

131 3090 216 3160 ficet.
262 3091 314 3158 sic
335 3091 440 3156 Plaut.
464 3090 548 3156 Trin.
571 3090 626 3170 IV,
650 3098 678 3170 2,
701 3098 758 3158 43:
792 3114 897 3156 amco
916 3097 1014 3169 primo
1036 3096 1165 3164 maiae,
1195 3095 1235 3158 ad
1257 3111 1286 3174 q.

131 3189 152 3254 l.
175 3190 337 3256 Lindem.:
377 3189 426 3269 „h.
451 3208 477 3253 e.
501 3188 542 3254 ab
564 3189 653 3253 initio
676 3192 738 3255 mai
760 3192 904 3255 nominis.
948 3194 1083 3252 Primttm
1104 3211 1209 3253 amaea
1239 3198 1289 3258 est

132 3289 324 3372 principium
347 3286 495 3365 nominis,
524 3291 560 3351 ut
576 3291 679 3362 primo
702 3309 777 3359 noc,
803 3293 935 3365 purarum
956 3308 1042 3351 avane
1062 3307 1120 3370 pro
1143 3307 1180 3355 ec
1204 3291 1288 3370 quod

132 3389 252 3454 dicitur
273 3385 400 3451 initium
426 3384 544 3464 noctis,
575 3385 668 3451 diei.“
712 3387 841 3451 Terent.
865 3386 999 3467 Adelph.
1023 3385 1102 3467 prol.
1130 3405 1158 3451 v.
1183 3393 1218 3451 9:
1256 3392 1287 3450 in

128 3490 234 3563 nima
255 3486 377 3560 subala,
409 3481 440 3546 h.
464 3500 491 3546 e.
519 3481 550 3546 in
580 3483 683 3564 prima
710 3482 837 3549 fabulae
865 3492 966 3565 parte.
1011 3484 1135 3549 Neutra
1162 3484 1287 3549 ordina·

131 3585 206 3650 lium
230 3600 291 3664 pro
314 3579 472 3645 adverbiis
495 3580 636 3645 ordinem
660 3580 911 3665 significantibus
926 3587 1095 3664 ponuntur.
1127 3582 1178 3648 Sic
1194 3583 1288 3647 Ennii

133 3682 235 3748 eund.
258 3678 348 3758 VIII,
370 3676 408 3742 Ir.
435 3683 483 3742 19:
523 3682 649 3754 Quintus
675 3689 763 3757 pater
785 3688 925 3756 quamam
950 3684 984 3743 fit
1011 3684 1129 3757 consul,
1159 3700 1188 3744 v.
1213 3680 1287 3746 Gel-

133 3778 206 3846 lium
232 3778 278 3858 X,
313 3782 386 3841 let
406 3775 544 3842 Nonium
567 3778 599 3842 in
621 3776 826 3843 adnotatione
848 3779 992 3843 Vahleni.
1038 3779 1110 3843 Alia
1135 3777 1287 3843 adverbia

135 3884 207 3944 cunt
235 3874 463 3956 respondentia
484 3874 526 3939 ad
548 3875 779 3955 quaestionem:
809 3881 939 3953 quottes?
985 3881 1123 3953 Quorum
1145 3883 1189 3938 ter
1210 3895 1286 3941 non·

131 3991 296 4056 nunquam
316 3990 376 4052 per
393 3967 439 4050 ὑφ’
465 3976 497 4034 ἓν
518 3991 590 4038 cum
613 3973 810 4040 substantivo
833 3976 983 4038 inunum
1005 3974 1192 4040 vocabulum
1215 3990 1287 4039 coa·

132 4072 234 4140 lescit.
280 4070 332 4137 Sic
359 4069 476 4134 dicitur
503 4089 522 4135 a
550 4070 664 4134 Plauto
691 4071 808 4138 Bacch.
830 4072 885 4152 IV,
909 4078 938 4151 t,
964 4077 1002 4137 15
1031 4075 1199 4147 terumfioe
1226 4091 1285 4155 pro

133 4171 269 4235 maximo
291 4164 444 4246 venefico,
469 4169 545 4233 alibi
568 4172 693 4237 tanna,
721 4187 792 4234 cum
816 4171 930 4251 quibus
953 4172 1131 4252 comparari
1152 4176 1286 4251 possunt

136 4271 238 4347 atsur,
262 4265 442 4348 trifurcifer.
466 4285 494 4332 v.
509 4265 645 4333 Pareum
668 4267 774 4331 inlex.
792 4267 1185 4338 PlautDistritativoram,
1208 4286 1285 4349 quc·

137 4382 206 4429 rum
228 4381 307 4432 nsua
328 4367 424 4432 notus
445 4369 494 4430 est
516 4370 549 4430 et
571 4364 622 4430 vel
645 4383 683 4431 ex
704 4366 833 4430 nomine
852 4370 958 4446 patet,
993 4366 1136 4448 exempla
1156 4372 1286 4448 praeter
