3125 5075
495 531 586 573 03808
600 532 870 575 δῦΜΤΔΝΤΝΟΒῦΙ.
883 555 910 568 ·-
922 536 1063 579 ΝΟΙΙΜΤ.
1322 554 1367 616 23

201 724 301 779 pacm
328 725 383 768 nec
406 711 515 769 metuit
538 726 723 785 quemquam.
766 708 810 788 Π,
834 713 864 789 2,
887 714 946 775 36:
977 715 1074 775 Pudet
1096 714 1162 775 nil?
1184 712 1250 789 (int.
1275 724 1363 792 enm).

202 801 325 867 Phorm.
349 802 404 883 IV,
427 809 464 882 3,
489 810 545 871 39:
582 808 674 868 Immo
703 811 813 868 malurn
839 810 956 872 hercle:
989 818 1023 871 ιιι
1053 813 1099 872 nil
1120 814 1230 885 pudet!
1273 813 1311 893 V,
1334 821 1365 894 9,

206 905 254 963 53:
283 904 337 962 Nil
357 904 495 979 pudere?
539 900 600 981 Ill,
623 906 652 979 3,
676 909 730 967 21:
765 908 883 979 Quaere
905 909 1046 969 obsecro:
1076 911 1196 985 Nequid
1217 915 1285 986 plns
1307 916 1361 974 mi·

206 1018 290 1060 nnsvc
314 999 399 1074 faxit,
423 1002 504 1074 quod
521 1020 577 1063 nos
597 1013 667 1076 post
681 1004 793 1077 pipe'ot,
817 1006 903 1066 Geta

285 1095 461 1162 Videamus
488 1097 630 1177 reliqua,
664 1100 801 1179 primurn
833 1104 929 1163 decet.
974 1100 1078 1166 Plaut.
1108 1104 1222 1185 Amph.
1254 1107 1302 1187 ll,
1334 1112 1363 1188 2,

211 1197 276 1257 183:
310 1196 395 1256 Istuc
416 1197 551 1268 sociatu,
580 1199 659 1272 qnod
686 1207 718 1258 tu
739 1201 908 1275 insimulas,
943 1210 1045 1261 nostro
1068 1206 1170 1277 generi
1197 1223 1255 1265 non
1277 1207 1365 1270 decet.

209 1289 259 1368 111,
280 1298 310 1367 4,
335 1296 391 1356 24:
420 1296 472 1355 lbo
493 1297 587 1363 intro,
610 1304 746 1356 ornatum
770 1300 885 1372 capiam
909 1301 961 1372 got
983 1300 1063 1373 potis
1085 1299 1172 1359 decet.
1218 1298 1314 1364 Most.
1337 1300 1364 1379 Ι,

211 1389 485 1468 3‚10(Scheller.
510 1407 642 1471 gramm.
667 1392 721 1456 lat.
744 1410 773 1471 p.
799 1397 889 1470 255):
925 1398 1118 1470 Contempla,
1149 1398 1269 1471 amabo,
1299 1416 1367 1460 mea

211 1488 337 1563 Scapha,
365 1488 456 1549 satin'
478 1491 551 1549 haec
573 1508 619 1551 me
641 1491 730 1552 vestis
751 1492 858 1553 deceat.
904 1490 999 1555 Most.
1016 1490 1046 1569 l,
1068 1496 1101 1569 3,
1126 1496 1199 1556 125:
1221 1495 1365 1570 Agedum,

210 1591 374 1662 contempla
387 1606 491 1648 aurum
512 1597 543 1648 et
558 1590 678 1662 pallam,
702 1588 791 1649 satin’
813 1592 885 1651 daec
900 1608 947 1651 mo
965 1591 1074 1658 deceat,
1096 1592 1222 1665 Scapha.
1266 1589 1365 1657 Merc.

210 1679 233 1754 Ι,
262 1688 295 1760 l,
319 1687 376 1746 78:
411 1687 462 1745 Me
484 1686 562 1745 idem
584 1687 691 1744 decere.
736 1684 850 1749 Pseud.
875 1686 930 1764 IV,
957 1692 990 1765 l,
1015 1690 1056 1750 24
1079 1685 1192 1760 (Rudd.
1217 1704 1249 1766 p.
1273 1687 1364 1766 207):

210 1782 253 1840 Set
275 1784 354 1855 vide,
376 1788 500 1844 ornatus
522 1785 570 1843 laic
593 1786 688 1843 satine
712 1802 758 1846 me
781 1786 935 1844 condecet?
973 1783 1038 1847 Mil.
1053 1783 1095 1862 ΙΙ,
1111 1788 1141 1862 2,
1157 1788 1211 1847 65:
1234 1804 1365 1859 propere

210 1880 254 1938 loe
276 1899 334 1940 uon
358 1882 477 1954 placide
500 1882 587 1942 decet.
631 1880 722 1945 Adde
746 1884 837 1942 lubet.
853 1880 981 1945 Terent.
997 1880 1124 1945 Phorm.
1138 1880 1175 1956 V,
1197 1885 1228 1958 8,
1251 1885 1306 1945 88:
1330 1885 1366 1944 In

210 1979 247 2037 ius
267 1997 379 2038 eamus.
414 1976 479 2040 PH.
505 1982 540 2038 ln
563 1980 629 2040 ins?
651 1982 718 2053 huc,
745 1980 844 2052 siquid
865 1981 949 2040 tuoe.
971 1978 1076 2043 Plaut.
1096 1978 1248 2059 Amph.1,
1266 1984 1294 2057 3,
1309 1985 1366 2045 45:

211 2077 320 2149 Eamus,
346 2078 541 2151 Amphitruo:
564 2078 681 2136 lucescit
701 2077 754 2137 doc
769 2079 828 2136 iam
844 2075 962 2151 (sanct.
979 2075 1055 2140 ltin.
1072 2094 1102 2157 p.
1116 2080 1200 2153 266).
1234 2076 1326 2141 Cure.
1338 2077 1365 2157 1,

211 2176 233 2249 3,
255 2176 310 2236 26:
342 2176 419 2233 Nam
441 2174 494 2233 doc
515 2176 632 2249 quidem
656 2176 763 2250 edepol
780 2175 838 2234 hau
858 2178 951 2235 multo
971 2185 1039 2250 post
1062 2178 1127 2236 luce
1151 2178 1264 2237 lucebit.
1298 2174 1364 2241 llil

211 2268 244 2347 Π,
267 2276 295 2348 2,
320 2275 377 2334 63:
401 2274 483 2331 lucet
506 2273 570 2331 hoc.
606 2269 734 2334 Terent.
752 2270 868 2335 Heaut.
885 2270 943 2349 lll,
969 2277 997 2350 l,
1024 2277 1055 2333 l:
1077 2275 1212 2334 Luciscit
1226 2275 1279 2333 hoc
1294 2276 1367 2338 iam..

285 2388 315 2444 4.
341 2378 405 2443 Sed
431 2398 493 2442 non
517 2379 619 2443 solum
643 2381 779 2445 subiecti
804 2399 898 2445 casus
921 2399 993 2444 esse
1012 2384 1120 2460 potest
1141 2382 1365 2462 nominativus,

212 2493 311 2542 verum
336 2477 433 2541 etiam
455 2478 496 2540 ad
518 2477 755 2557 praedicatum,
790 2476 820 2542 h.
845 2496 871 2542 e.
896 2478 1028 2543 verbum
1052 2479 1282 2543 enunciationis
1308 2496 1365 2544 no·

212 2577 374 2639 minutivus
397 2575 515 2654 apponi
545 2581 665 2655 potest,
700 2577 755 2655 qui
782 2583 940 2657 congruat
968 2595 1039 2640 cum
1070 2575 1263 2640 nominativo
1291 2575 1367 2640 sub·

213 2674 288 2737 lecti.
335 2674 406 2737 Hoc
426 2683 484 2736 aut
506 2674 552 2735 ita
573 2670 640 2736 fieri
663 2679 784 2754 potest,
809 2681 845 2737 ut
867 2674 1100 2753 praedicatum,
1131 2673 1215 2753 quod
1237 2672 1365 2753 dicitur,

212 2772 269 2835 slve
299 2771 434 2834 verbum
459 2771 605 2849 apposito
628 2770 754 2834 demum
777 2771 833 2834 illo
856 2771 1049 2834 nominativo
1073 2772 1199 2850 plenum
1229 2776 1262 2833 et
1284 2770 1364 2833 inte·

212 2887 296 2947 grum
320 2866 387 2944 fiat,
411 2868 487 2948 quia
508 2865 748 2947 significationis
770 2873 821 2932 cst
842 2875 907 2930 tanr
928 2868 1098 2947 generalis,
1122 2872 1158 2930 ut
1178 2867 1248 2930 sine
1262 2866 1364 2930 nomi·

210 2968 309 3030 nativo
334 2965 389 3029 illo
412 2965 537 3029 adiecto
560 2964 687 3044 plenam
712 2966 903 3029 seutentiam
925 2983 989 3028 non
1012 2962 1146 3043 efficiat,
1181 2972 1238 3029 aut
1259 2964 1305 3027 ita
1327 2967 1365 3027 ut

211 3064 437 3142 appositionem
461 3068 584 3126 tanturn
617 3061 735 3127 efficiat
757 3062 893 3127 subiecti
923 3061 1137 3125 nominativus
1164 3061 1219 3125 ille
1245 3062 1286 3125 ad
1309 3061 1363 3125 de·

211 3157 377 3225 finiendum
401 3167 435 3224 et
458 3160 634 3226 subiectum
659 3167 691 3224 et
714 3161 934 3240 praedicatum
959 3158 1151 3236 accuratius,
1173 3158 1229 3223 sed
1252 3177 1364 3224 secun·

212 3257 294 3323 daria
309 3265 436 3323 tanturn
453 3259 576 3322 ratione
593 3258 722 3322 additus
738 3266 771 3322 et
787 3258 889 3321 laxius
902 3275 972 3321 curn
984 3256 1167 3337 praedicato
1180 3255 1363 3321 cohaerens.

211 3355 297 3420 Prior
320 3374 398 3419 usus
421 3356 607 3419 nominativi
630 3362 680 3420 est
703 3356 888 3420 notissimus
911 3354 981 3433 ille,
1016 3354 1071 3418 ubi
1094 3358 1268 3432 usurpatur
1290 3371 1364 3417 con·

213 3455 333 3519 iunctus
356 3473 427 3519 cunr
453 3454 559 3517 verbis
581 3473 652 3522 esse,
686 3457 768 3526 fieri,
803 3459 929 3516 etcum
952 3452 1087 3532 passivis
1116 3453 1227 3521 videri,
1260 3452 1363 3512 vocari

211 3555 369 3620 nomiliari,
389 3554 555 3626 perhiberi,
583 3553 733 3619 nuntiari,
756 3554 883 3625 reperiri
905 3551 955 3614 vel
978 3549 1090 3614 similis
1113 3546 1363 3627 significationis

212 3649 283 3714 tato
299 3651 336 3713 R.
363 3650 399 3713 lt.
417 3668 442 3713 c.
459 3654 493 3712 6:
523 3652 581 3723 Qui
603 3653 687 3711 locus
710 3652 778 3710 vino
802 3652 930 3725 optimus
953 3651 1063 3709 dicitur
1086 3666 1152 3709 esse
1176 3656 1207 3708 et
1228 3657 1364 3708 ostentus

212 3752 267 3808 soli
314 3748 409 3811 Ennii
435 3746 646 3826 Epicharmus
670 3746 706 3810 fr.
731 3752 763 3808 7:

288 3885 359 3942 lstic
383 3891 430 3942 cst
453 3884 478 3941 is
501 3885 643 3957 luppiter,
669 3901 755 3957 quern
779 3884 855 3955 dico,
880 3900 965 3957 quern
990 3880 1099 3939 Graeci
1123 3886 1230 3938 vocant

291 3986 414 4040 Aerem:
442 3982 493 4054 qui
515 3988 620 4040 ventus
642 3987 689 4039 est
712 3987 742 4038 et
765 3981 875 4040 nubes:
904 3979 999 4037 imber
1021 3983 1128 4051 postea

289 4084 387 4153 Atque
413 4096 449 4137 ex
472 4078 565 4136 imbre
588 4077 696 4154 frigus:
721 4085 826 4137 ventus
849 4085 918 4151 post
940 4076 983 4148 fit,
1007 4081 1060 4133 aer
1083 4075 1188 4131 denuo.

289 4179 390 4237 Haece
415 4185 539 4251 propter
562 4176 698 4249 luppiter
722 4182 790 4234 sunt
813 4177 872 4234 ista
895 4191 969 4247 quae
994 4173 1060 4231 dico
1083 4170 1146 4241 tibi,

292 4275 436 4347 Quoniam
461 4276 596 4333 mortalis
620 4283 708 4348 atque
732 4273 821 4332 urbes
846 4273 1006 4345 beluasque
1031 4268 1125 4327 omnis
1147 4268 1236 4324 iuvat.

217 4415 297 4483 Ennii
312 4419 486 4484 Ambracio
499 4417 539 4483 fr.
558 4424 589 4482 1:
612 4427 789 4496 pergentes
806 4435 871 4477 esse
889 4417 1008 4477 cluebat
1029 4415 1156 4475 omnium
1173 4413 1364 4472 miserrimus.

217 4511 299 4580 Ennii
326 4523 426 4581 satur.
451 4516 511 4580 inc.
535 4515 605 4580 libr.
629 4514 668 4579 fr.
690 4521 724 4578 4:
759 4518 823 4576 Hoc
853 4516 911 4574 erit
939 4516 993 4572 tibi
1016 4518 1220 4586 argumentum
1247 4521 1366 4578 semper
