3125 5075
223 320 266 384 34
662 309 790 353 ΠΙΙΙΙΙΙ.
818 310 881 353 (ΙΙΙ).
894 310 933 354 11.

223 503 296 564 mihi
319 503 479 565 edroeeios
500 502 567 562 Μ
589 510 622 563 et
641 510 735 564 testes
755 504 863 564 desere
884 498 943 581 (se.
967 500 1041 580 me).
1086 500 1176 568 Pers.
1199 502 1258 583 IV,
1272 510 1304 584 i,
1322 509 1374 571 er:

222 601 291 666 Etsi
312 601 385 662 mihi
400 600 491 660 Diae
510 599 585 660 dure
606 608 788 676 potestatem
810 603 875 662 eius
898 597 955 679 (se.
979 599 1037 676 se).
1080 599 1162 666 Ruo.
1185 600 1243 672 lv,
1265 608 1297 678 4,
1321 607 1374 668 iri:

221 700 370 762 munao
400 698 479 758 huno
506 697 625 759 moises
645 698 743 759 essee
764 700 890 762 soilieot.
934 697 1021 761 erm.
1044 695 1104 777 111,
1127 704 1157 774 3,
1180 703 1238 762 23¹:
1275 702 1375 762 oute·

222 799 295 862 dore
331 798 358 858 si
393 796 529 858 deesse
571 792 706 869 (rerem
743 792 841 860 Andr.
869 793 913 874 ΙΙ,
943 800 972 865 3,
1003 799 1060 859 20.-
1098 797 1185 859 Petri·
1214 791 1264 858 iiie
1297 800 1373 861 osus

222 894 300 960 Hoc„
324 890 384 971 III,
406 897 437 971 4,
460 894 516 955 24:
540 894 684 967 Quidvis
705 893 826 953 disum?
859 891 1109 971 PAM.-quod
1128 896 1373 958 musione

222 997 433 1057 murmurum
462 1007 539 1063 eum,
568 992 636 1051 Non
659 1008 748 1064 poseo
776 991 833 1066 (sc.
857 992 930 1065 me).
974 989 1029 1063 lv,
1057 998 1081 1068 l,
1105 996 1160 1056 33:
1194 995 1246 1068 qui
1267 994 1375 1056 m

221 1111 287 1155 eum
310 1092 406 1153 dioeoi
426 1090 593 1150 Exeuntem
616 1095 669 1149 snt
689 1092 769 1149 intro
792 1095 910 1150 euntem
934 1090 972 1149 ed
994 1093 1128 1153 smiesm.
1153 1088 1212 1153 Ad.
1229 1088 1256 1168 Ι,
1274 1094 1305 1165 2,
1322 1095 1374 1155 71:

218 1191 296 1252 diost
319 1189 393 1250 veile
420 1204 542 1248 uxorem
570 1189 690 1250 ducere.
735 1182 815 1248 Ceio
842 1182 879 1248 R.
907 1185 945 1249 R.
973 1203 999 1250 e.
1027 1192 1101 1250 157:
1137 1191 1218 1262 Quos
1246 1187 1374 1262 dimaon

219 1306 308 1354 senos
330 1287 429 1360 fucere
448 1307 491 1336 =
513 1287 545 1347 te
567 1299 662 1347 senos
683 1280 852 1347 iueturnm.
890 1281 970 1346 Caio
992 1281 1033 1347 ad
1049 1283 1091 1347 Μ.
1110 1282 1209 1348 fliium
1234 1283 1373 1357 ilerden.

218 1403 248 1466 p.
276 1389 327 1463 77,
355 1384 401 1457 6);
437 1383 582 1444 iurarunt
609 1383 689 1441 inter
722 1400 756 1443 se
786 1382 930 1444 berbsros
955 1399 1062 1443 neuere
1090 1384 1184 1444 omnis
1214 1388 1371 1447 monimus

218 1481 323 1548 Pnut.
345 1480 441 1545 Poen.
464 1478 491 1555 1,
516 1483 545 1555 2,
572 1482 645 1541 148:
683 1480 833 1540 Liberme
852 1480 996 1540 sirmii
1019 1495 1065 1540 me
1089 1482 1166 1540 hond
1189 1484 1297 1557 semei,
1322 1484 1371 1544 sei

218 1585 340 1647 senties.
384 1576 464 1641 Rud.
488 1576 525 1647 V,
549 1583 579 1652 3,
602 1580 657 1639 20:
693 1578 834 1639 Iuratust
858 1579 930 1636 mihi
951 1578 1044 1637 Dore.
1091 1594 1119 1638 v.
1149 1582 1205 1641 2³:
1238 1582 1371 1641 iurum

216 1686 291 1745 dare
319 1680 395 1741 Mihi
423 1678 569 1737 talentum
596 1692 735 1751 magnum
765 1678 890 1751 ergenii.
937 1670 1017 1737 Ceto
1046 1672 1082 1737 R
1111 1673 1146 1737 R.
1171 1693 1196 1739 e.
1224 1680 1303 1739 143:
1341 1680 1369 1739 Si

217 1787 334 1857 emptor
348 1776 518 1852 postularit,
531 1774 664 1834 dominus
678 1772 888 1833 iusiurandum
902 1771 992 1839 debu,
1014 1789 1117 1832 verum
1131 1774 1236 1844 secisse
1246 1780 1304 1846 (se.
1314 1778 1366 1849 se).

216 1877 319 1943 Plane
342 1871 426 1936 Mem
448 1868 502 1947 lV,
526 1874 555 1948 2,
580 1873 634 1934 93:
672 1870 792 1945 adiero,
815 1887 902 1931 uxor:
933 1867 1020 1930 setin’
1044 1872 1100 1931 hoe
1122 1879 1169 1932 est
1191 1873 1270 1932 tibi?
1304 1875 1366 1935 Non

216 1976 336 2041 dedisse,
359 1987 401 2034 se.
420 1985 479 2031 me.
501 1966 631 2031 Terent.
653 1966 734 2030 Eun.
758 1964 801 2045 ΙΙ,
825 1972 854 2041 3,
877 1971 934 2029 40:
968 1970 1054 2030 ilium
1083 1970 1175 2044 liquet
1197 1971 1273 2030 mihi
1296 1972 1367 2032 eide·

215 2090 286 2136 rure
307 2072 354 2132 hie
375 2068 526 2129 mensibus
548 2068 607 2127 Sex
628 2076 744 2142 septem
764 2083 888 2142 prorsus
905 2085 963 2126 non
979 2067 1086 2126 vidisse
1101 2071 1264 2142 proxumis.
1290 2067 1365 2133 Oete

216 2168 334 2247 oruiio,
365 2164 413 2229 uti
441 2163 561 2243 praede
587 2162 618 2226 in
640 2161 802 2242 pubiicum
825 2161 996 2241 referetur,
1018 2177 1069 2242 sp.
1114 2163 1269 2229 Priscian.
1296 2163 1362 2242 illi,

214 2287 246 2352 p.
270 2272 332 2333 782
354 2264 402 2329 Ρ.;
436 2264 536 2324 Miror
565 2262 674 2323 eodm
701 2271 791 2338 etque
817 2262 989 2335 reiipionem
1019 2279 1077 2322 non
1108 2266 1218 2332 imore,
1249 2273 1363 2326 sternes

214 2371 351 2444 deorum,
386 2363 523 2436 exemplu
549 2376 651 2421 esrum
680 2360 840 2434 iooierum,
874 2362 959 2435 signu
985 2360 1064 2420 domi
1089 2378 1145 2435 pro
1173 2365 1362 2437 supellectile

214 2474 356 2530 eminere.
385 2459 424 2523 In
444 2456 494 2521 his
517 2456 695 2521 subiectum
717 2461 875 2520 mutatum
898 2461 958 2532 est,
978 2473 1051 2520 num
1070 2462 1277 2536 exspectares
1293 2459 1363 2524 reii-

214 2563 307 2646 gione
335 2577 396 2625 non
424 2556 534 2621 teneri.
577 2554 734 2620 Weberns
757 2554 839 2634 erpi.
863 2559 1037 2630 religionem
1065 2574 1122 2616 non
1146 2562 1280 2620 retinere
1304 2578 1360 2622 eeu

213 2663 348 2743 Meyer:
387 2657 426 2736 ,i.
450 2674 476 2720 e.
504 2655 611 2730 miror,
640 2653 786 2733 religioni
815 2671 877 2716 non
906 2670 977 2717 esse
1000 2652 1209 2718 hominibus.“
1260 2656 1357 2721 Pleni

212 2760 305 2824 Truc-
329 2756 355 2835 Ι,
378 2761 407 2833 2,
433 2758 506 2817 102:
530 2755 657 2813 nondum
682 2753 833 2812 &neusse
854 2754 947 2811 miror
969 2753 1023 2825 (se.
1047 2759 1142 2825 eum).
1174 2751 1255 2817 Ceto
1274 2754 1310 2818 R.
1324 2755 1357 2818 is

212 2877 237 2923 e.
261 2862 294 2920 5:
319 2855 453 2916 dominus
471 2855 589 2928 impune
613 2868 650 2910 ne
672 2853 751 2912 sisoi
773 2868 840 2911 esse.
864 2847 970 2912 Pleut.
994 2848 1070 2915 cist.
1094 2849 1119 2925 Ι,
1146 2857 1171 2927 l,
1201 2858 1276 2916 lli:
1298 2857 1358 2915 sine

211 2955 294 3017 truisi
317 2953 372 3027 (se.
396 2947 589 3027 amiculum),
613 2967 701 3025 quom
723 2957 842 3024 egomet
863 2950 974 3011 trahor.
1020 2947 1077 3027 Ep.
1094 2947 1118 3020 Ι,
1138 2955 1164 3028 1,
1181 2954 1242 3013 61:
1266 2954 1358 3012 Abire

211 3057 282 3116 hine
312 3069 370 3113 non
397 3051 503 3112 suteris.
546 3045 660 3111 Pseud.
684 3044 742 3123 ΙΙΙ,
767 3048 796 3123 2,
822 3048 873 3108 72:
910 3047 999 3106 Suum
1021 3049 1119 3123 siquid
1142 3059 1249 3123 sumet,
1273 3055 1304 3110 id
1326 3067 1354 3111 tu

209 3155 441 3216 sioiioeumere.
485 3143 683 3224 Poen.1,2,
709 3146 785 3207 16οε
825 3146 901 3218 Quin
923 3145 1006 3205 obire
1027 3146 1122 3206 osu?
1166 3143 1351 3223 111,4,12:

210 3251 298 3326 Quid,
321 3251 347 3311 si
368 3249 483 3308 enimus
506 3261 565 3306 esse
587 3261 645 3303 non
663 3244 738 3302 sinit
759 3240 828 3320 (int.
851 3256 889 3304 ex
912 3242 1109 3320 praegressis
1124 3243 1225 3318 frugi).
1278 3243 1351 3309 Cato

208 3350 246 3414 R.
262 3348 299 3412 R.
323 3363 348 3410 e.
369 3347 442 3408 161:
467 3345 567 3418 Usque
590 3342 694 3401 licebit
715 3342 818 3413 velius,
841 3341 977 3399 donicum
1001 3342 1030 3398 in
1052 3358 1153 3401 semen
1175 3342 1348 3405 Merene

207 3446 311 3511 Pisut.
335 3441 426 3522 Cepi.
448 3439 491 3518 Π,
515 3446 543 3518 3,
568 3441 623 3501 60:
650 3439 758 3500 Videas
779 3438 870 3499 eorde
892 3453 995 3497 msere
1018 3440 1097 3498 inter
1112 3456 1189 3500 sese.
1237 3439 1346 3505 Bacch.

207 3543 269 3623 111,
297 3546 326 3619 6,
355 3544 412 3606 3οι
446 3541 536 3602 Video
569 3555 626 3599 non
654 3541 768 3610 potesse
801 3540 871 3612 quin
900 3537 955 3595 tibi
987 3538 1050 3596 eins
1081 3555 1187 3597 nomen
1222 3542 1347 3615 eloquar.

205 3642 292 3708 Pers.
316 3639 372 3716 lV,
394 3644 424 3715 4,
448 3639 502 3702 90:
526 3653 585 3696 non
606 3635 686 3695 vides
708 3634 785 3692 noue
807 3636 905 3708 eloqui
929 3639 983 3702 (sc.
1007 3640 1096 3706 eam).
1131 3633 1227 3698 Ennii
1249 3635 1347 3700 annui.

205 3741 227 3805 l.
250 3738 320 3809 VII,
347 3735 384 3800 fr.
417 3741 468 3799 15:
506 3736 574 3795 dum
603 3737 715 3794 eerreeni
743 3737 851 3793 terrere
880 3734 980 3804 minis,
1019 3733 1174 3794 hortentur
1202 3737 1263 3795 ibei
1293 3753 1346 3796 sos

208 3838 312 3903 Pluut.
335 3833 401 3900 Mil.
425 3832 484 3909 ΙΠ,
511 3838 537 3909 1,
563 3833 637 3894 12ὀε
672 3830 833 3891 Censerem
857 3833 1013 3890 emori:
1035 3829 1251 3894 existimarem
1274 3831 1344 3895 mihi

206 3934 401 4002 moriendum
429 3949 508 3995 esse.
552 3928 647 3993 Poen.
672 3925 709 4006 V,
734 3930 763 4003 2,
787 3931 840 3990 62:
883 3930 999 4004 Nequid
1027 3931 1102 3988 oium
1133 3928 1244 3992 ferrive
1273 3947 1344 3992 osee

204 4038 284 4111 pisse
306 4050 430 4095 censeas.
465 4027 557 4091 Ennii
580 4024 728 4108 Thyestis
747 4023 786 4087 fr.
814 4028 865 4088 10:
889 4044 975 4102 quem
997 4027 1121 4102 quisque
1144 4028 1207 4087 odit
1224 4030 1343 4102 periisse

205 4136 319 4208 esposse
363 4123 631 4203 praeterreri,
648 4127 747 4203 3,63;
770 4125 868 4186 adnuo
891 4125 1061 4185 visorum.
1094 4125 1180 4186 Asin.
1193 4123 1236 4203 ΙΙ,
1249 4138 1277 4197 4,
1290 4128 1341 4190 36:

203 4232 297 4292 Asioi
321 4228 454 4294 reddere,
485 4244 572 4300 quom
603 4226 752 4298 extempio
773 4223 920 4282 redditum
943 4226 1032 4283 esset.
1077 4218 1168 4300 (ispi.
1192 4220 1234 4301 ΙΙ,
1258 4229 1285 4300 3,
1307 4225 1339 4284 5:

203 4328 264 4392 Hie
291 4337 388 4391 eutem
410 4335 440 4388 te
462 4325 507 4385 sii
530 4324 648 4384 mittere
675 4321 746 4382 hine
766 4318 839 4381 velie
860 4320 1042 4396 sd-psuen.
1089 4316 1167 4384 eiet.
1183 4318 1226 4399 li,
1243 4326 1271 4401 3,
1288 4323 1334 4382 63:
