3125 5075
439 366 526 406 CASUS
542 364 807 405 SUBSTANTIVORUH.
817 386 841 395 -
848 364 979 405 naulvus
1222 373 1282 431 305

193 541 232 600 in
262 535 347 601 hune
372 547 407 601 et
431 542 592 602 maledicte
626 546 784 616 expetent,
817 538 872 603 ubi
897 537 1089 605 Gronovius:
1123 542 1287 615 „Ecpcicrc

183 639 219 700 η’
242 651 307 718 pro
327 643 464 712 apum
483 640 518 697 ia
538 640 674 713 uligacra,
697 640 734 699 ut
748 654 902 711 congerere
916 637 1007 698 elicui
1028 641 1061 701 et
1079 641 1113 698 ia
1131 641 1285 713 oligum.“

208 737 242 813 1,
268 735 324 798 12:
355 737 388 798 Si
416 735 449 796 id
469 738 616 796 innocenti
639 735 791 812 [inmerito
814 734 997 810 damnosum]
1027 741 1149 810 ecpcccc
1193 735 1285 801 lino

201 835 237 909 2,
259 835 319 896 30:
340 835 444 895 hialim
460 835 595 896 inimices
611 836 650 894 mi
666 834 799 893 invidere
815 851 902 908 quem
923 834 990 892 rned
1010 835 1136 895 inimicis
1157 838 1285 905 meis.⁶⁴)

183 946 222 996 to.
241 926 301 1008 IV,
316 932 346 1008 2,
369 933 424 996 32:
449 933 505 1006 Qui
527 932 669 1004 invident,
693 937 782 1006 egent
803 932 862 1003 illi;
886 932 990 1006 quibus
1012 932 1169 1007 invidetur,
1191 936 1202 993 i
1224 952 1286 993 rem

183 1027 299 1101 πῖθ’)
321 1024 391 1092 Cos.
406 1026 450 1106 II,
473 1032 501 1107 5,
520 1031 578 1092 29:
602 1030 675 1102 Quis
697 1029 769 1089 mihi
793 1028 993 1099 subveniet⁶⁶l
1016 1037 1100 1104 tergo
1123 1037 1174 1089 eut
1196 1034 1286 1106 capiti

200 1127 366 1187 mbae?
408 1126 484 1191 Dee.
507 1123 682 1189 Heraldus:
718 1122 951 1205 „Hellenismus
974 1127 1022 1189 est
1047 1125 1081 1188 in
1101 1124 1161 1190 hoc
1182 1144 1287 1207 versu,

183 1221 277 1284 uzei
307 1223 404 1301 μέρος.
448 1222 576 1287 Homer.
605 1221 642 1285 ΙΙ.
670 1246 700 1283 α.
732 1216 811 1284 Ἀλλ’
842 1218 898 1284 ou'a
927 1216 1065 1309 ’Ᾱτρείδῃ
1095 1218 1290 1304 Ἀγαμέμνονι

183 1320 236 1380 tn
257 1320 383 1399 oepqif‘
425 1320 522 1384 Poen.
545 1318 584 1400 V,
607 1324 635 1399 5,
662 1323 713 1383 16:
748 1322 965 1395 Propemodum
994 1325 1114 1395 istoc⁶⁷l
1142 1325 1287 1384 obsonare

183 1419 290 1480 utinm
317 1428 425 1495 potero
446 1421 528 1480 mihi.
573 1416 612 1498 V,
635 1421 664 1496 2,
691 1422 764 1481 114:
800 1419 932 1478 Lccdcaii
948 1437 1042 1493 puero
1064 1421 1142 1495 quod
1170 1431 1224 1494 (sc.
1248 1419 1289 1484 si·

183 1511 240 1595 n)
263 1516 474 1591 memordit”)
498 1519 591 1577 simia.
636 1514 721 1580 Trin.
743 1513 800 1593 IV,
825 1520 854 1593 2,
881 1520 911 1578 l:
936 1519 1012 1579 Huic
1035 1536 1089 1594 ego
1113 1519 1160 1579 die
1182 1536 1288 1579 nornen

183 1615 304 1674 humum
327 1613 444 1675 faciam.
489 1614 571 1677 Men.
595 1611 621 1692 I,
647 1618 674 1690 1,
700 1618 731 1676 1:
759 1616 900 1677 Iuventus
922 1633 1028 1677 nomen
1055 1616 1127 1676 iecit
1148 1619 1288 1678 Peniculo

183 1713 215 1772 u
260 1708 354 1790 Capt.
370 1711 427 1790 lv,
452 1716 481 1789 2,
504 1716 559 1775 85:
581 1714 676 1773 Deum
700 1714 778 1772 hunc
801 1715 959 1774 saturitate
981 1713 1075 1775 iacies
1099 1718 1289 1790 tranquillum

183 1809 198 1868 i.
235 1806 318 1872 Rud.
343 1808 385 1886 ΙΙ,
407 1816 439 1888 4,
466 1813 500 1872 l:
526 1812 612 1885 Quiet
634 1813 684 1886 qui
705 1812 815 1871 nostrie
836 1821 895 1871 tam
918 1819 1059 1887 proterve
1082 1813 1197 1884 scribae
1218 1812 1290 1873 facit

183 1906 298 1967 ariam?
343 1905 428 1971 Trin.
452 1906 494 1984 II,
518 1915 547 1986 2,
570 1911 624 1970 66:
647 1910 722 1970 bene
746 1911 771 1968 si
794 1911 888 1968 amico
910 1907 1033 1983 feceris,
1057 1912 1101 1969 Ne
1124 1915 1225 1987 pigeat
1246 1910 1293 1971 fe·

183 2021 221 2065 ie.
241 2002 332 2069 Pers.
350 2005 377 2085 I,
395 2011 421 2084 l,
439 2010 497 2070 36:
521 2009 634 2067 Fecere
651 2009 774 2067 amicum
792 2008 846 2066 tibi
861 2023 907 2065 me
928 2010 1007 2081 potis
1022 2026 1054 2067 es
1070 2012 1290 2083 sempiternum.

183 2098 215 2164 d.
230 2098 288 2181 IV,
305 2106 335 2181 6,
358 2107 391 2168 1:
414 2106 582 2180 Aliquando
607 2106 788 2165 euseulando
812 2106 940 2177 meliust,
963 2123 1046 2176 uxor,
1070 2124 1191 2180 pausem
1214 2109 1289 2167 fieri.

183 2198 221 2263 iu.
241 2218 273 2264 v.
299 2205 378 2266 358:
403 2205 479 2277 Quoi
503 2201 558 2279 [tn]
583 2211 747 2276 egestatem
769 2206 900 2264 tolerare
923 2202 990 2262 viel
1017 2234 1059 2244 -
1090 2202 1155 2266 LY.
1179 2206 1291 2266 Lesbo·

183 2315 203 2358 :o
223 2299 296 2360 hinc
318 2303 513 2374 adulescenti,
538 2301 707 2360 Charmidai
730 2300 802 2361 filie.
847 2316 876 2361 v.
900 2302 978 2362 371:
1001 2303 1048 2360 An
1070 2320 1105 2361 eo
1129 2311 1292 2377 egestatem

188 2398 337 2460 tolerabis
359 2399 422 2459 —l
460 2395 612 2462 Similiter
634 2396 725 2476 Epid.
749 2396 805 2475 IV,
830 2401 857 2475 1,
882 2400 936 2461 29:
957 2400 1072 2474 Virgini
1092 2402 1292 2475 pauperculae

183 2509 278 2571 aeque
300 2501 391 2558 matri
413 2515 460 2558 me
483 2500 583 2559 levare
610 2504 827 2573 paupertatem.
873 2493 962 2576 Capi.
987 2494 1046 2574 ΙΙΙ,
1070 2501 1100 2575 4,
1125 2504 1180 2562 79:
1217 2501 1294 2574 Quid

196 2595 347 2656 chuntur?
390 2595 455 2660 TY.
482 2598 548 2656 Tibi
575 2613 629 2672 ego
652 2595 787 2656 abnuto?
816 2628 859 2638 -
886 2594 981 2659 Poen.
1004 2594 1042 2674 V,
1066 2600 1095 2676 2,
1119 2601 1176 2662 99:
1211 2607 1242 2660 et
1269 2603 1295 2661 is

183 2694 268 2753 :sihi
296 2695 452 2769 adoptavit
476 2696 579 2754 filium.
625 2691 696 2756 Aul.
720 2691 763 2772 ΙΙ,
792 2697 821 2768 2,
851 2697 908 2756 6οτ
940 2698 1076 2756 ausculta
1101 2700 1183 2757 mihi.
1227 2697 1293 2763 Mil.

183 2790 223 2867 ,6,
242 2793 295 2852 16;
319 2793 384 2866 Ego
406 2795 570 2854 auscultem
595 2792 670 2852 tibi?
699 2790 780 2855 aud.
794 2790 837 2869 ΙΙ,
853 2796 882 2869 6,
899 2796 954 2855 31:
979 2795 1054 2854 Dum
1078 2797 1136 2856 tuis
1157 2801 1292 2857 ausculto

183 2888 318 2963 lgnidieis
341 2891 513 2950 mendaciis.
558 2887 649 2953 Cure.
673 2887 715 2965 ΙΙ,
741 2895 768 2966 l,
792 2894 825 2952 8:
849 2896 998 2953 auscultes
1020 2895 1099 2954 mihi.
1145 2893 1225 2956 Rud.
1251 2892 1293 2970 ll,

188 2986 240 3048 18:
266 2988 343 3060 outo
366 2990 439 3047 mihi
462 2992 591 3049 scelesto
614 2991 667 3048 tihi
689 2996 755 3048 erat
777 2989 976 3052 orcscaltctio?
999 2988 1111 3070 Amph.
1129 2990 1155 3069 Ι,
1176 2998 1200 3070 l,
1220 2997 1292 3056 120:

183 3100 233 3157 gne
256 3102 316 3145 nox
339 3104 484 3160 quoquam
508 3088 646 3147 concedit
669 3088 724 3146 die.
765 3084 829 3147 Mil.
846 3085 887 3164 ΙΙ,
905 3090 933 3165 2,
950 3090 1006 3150 68;
1029 3092 1198 3151 interclude
1222 3112 1291 3153 eon·

183 3188 266 3241 atum
290 3185 427 3243 inimicis.
457 3180 549 3246 Cure.
567 3183 604 3261 V,
622 3188 650 3259 2,
667 3188 724 3246 27:
748 3186 881 3259 Opsecro
903 3189 1036 3260 percutis
1059 3205 1095 3246 ne
1119 3207 1199 3249 meos
1222 3193 1294 3250 milri

183 3278 311 3340 nhibeas.
357 3279 453 3344 Mero.
477 3279 502 3358 Ι,
527 3286 555 3359 2,
579 3285 636 3344 80:
666 3287 866 3344 Armamentis
889 3286 1101 3358 conplicandis,
1125 3304 1293 3361 conponen-

183 3392 188 3433 l
212 3379 391 3439 studuimus.
436 3378 526 3443 True.
551 3378 576 3457 Ι,
605 3383 632 3455 2,
662 3384 718 3443 25:
753 3384 806 3441 tihi
835 3384 931 3442 servio
959 3389 1048 3456 atque
1080 3385 1202 3445 audiens
1231 3406 1294 3446 sum

183 3477 271 3547 petiis
300 3475 359 3547 (sie
381 3475 488 3555 Both,
519 3476 604 3559 vulg.
627 3481 763 3553 imperii).
810 3477 921 3558 Amph.
945 3477 971 3556 Ι,
1005 3484 1029 3558 l,
1061 3483 1111 3542 12:
1146 3483 1294 3557 opulento

183 3624 343 3638 ———-..-—..

211 3712 246 3776 ⁰¹)
269 3713 315 3768 Sic
333 3716 407 3769 haud
426 3716 506 3771 dubie
524 3728 599 3771 recte
618 3720 769 3774 emendavit
788 3721 861 3774 hunc
879 3721 894 3774 l.
913 3721 1037 3792 Bathins,
1057 3723 1148 3791 quiin
1167 3727 1237 3797 vulg.
1257 3728 1296 3783 ita

183 3792 246 3861 gitur
265 3806 363 3852 contra
381 3810 510 3854 metrum:
541 3802 670 3858 Maccie'm
687 3804 755 3855 mihi
772 3806 898 3857 inimicos
915 3805 1050 3874 invidere,
1079 3824 1159 3874 quam
1183 3825 1222 3864 nac
1240 3812 1294 3864 a'm'·

183 3890 220 3928 uae
236 3880 311 3933 meis,

215 3960 248 4025 ⁸⁰)
269 3962 316 4016 Sic
328 3962 454 4018 distinxit
467 3974 495 4019 et
508 3967 645 4036 supplevit
656 3970 729 4023 hune
740 3970 828 4025 locum
841 3970 964 4024 Bethius.
985 3971 1076 4041 Vulg:
1099 3972 1154 4042 Qui
1165 3973 1297 4042 invadent,

183 4048 309 4178 mclii,
329 4046 429 4115 quidue
446 4050 594 4117 incidetur,
613 4068 670 4105 rem
687 4053 794 4106 hahent.
820 4053 873 4107 Sed
894 4052 970 4107 cedd.
992 4055 1058 4107 Pall.
1077 4056 1192 4110 habent:
1211 4059 1297 4111 irem

219 4208 250 4273 ⁴⁶)
270 4213 343 4280 Aeg
360 4211 529 4281 subveniens,
550 4216 622 4282 qnod
642 4226 731 4271 tamon
751 4218 849 4272 deinde
867 4228 1000 4273 mutatum
1019 4219 1045 4271 in
1064 4221 1208 4277 euhoeaict.

220 4288 250 4343 ⁸¹1
270 4293 315 4347 Sic
332 4294 413 4348 Both.
435 4295 512 4362 Vulg.
531 4298 588 4351 hoc.

221 4370 316 4438 ‘ldie
334 4378 414 4446 ΔΘρ.
436 4378 514 4448 Vulg.
534 4381 687 4436 :concordii

209 4456 282 4511 deuse,
296 4467 408 4516 syntaxis.
437 4466 455 4504 1.
1051 4481 1090 4536 20
