<?xml version="1.0" encoding="UTF-8"?>
<!DOCTYPE html PUBLIC "-//W3C//DTD XHTML 1.0 Transitional//EN"
    "http://www.w3.org/TR/xhtml1/DTD/xhtml1-transitional.dtd">
<html xmlns="http://www.w3.org/1999/xhtml" xml:lang="en" lang="en">
 <head>
  <title>
</title>
<meta http-equiv="Content-Type" content="text/html;charset=utf-8" />
  <meta name='ocr-system' content='tesseract 3.04.00' />
  <meta name='ocr-capabilities' content='ocr_page ocr_carea ocr_par ocr_line ocrx_word'/>
</head>
<body>
  <div class='ocr_page' id='page_1' title='image "./syntaxispriscor00holtgoog_0331.png"; bbox 0 0 3125 5075; ppageno 0'>
   <div class='ocr_carea' id='block_1_1' title="bbox 212 354 925 420">
    <p class='ocr_par' dir='ltr' id='par_1_1' title="bbox 212 354 925 420">
     <span class='ocr_line' id='line_1_1' title="bbox 212 354 925 420; baseline -0.022 -9"><span class='ocrx_word' id='word_1_1' title='bbox 212 362 274 420; x_wconf 74' lang='lat'><strong>812</strong></span> <span class='ocrx_word' id='word_1_2' title='bbox 637 354 788 396; x_wconf 70' lang='lat' dir='ltr'><strong>sussum.</strong></span> <span class='ocrx_word' id='word_1_3' title='bbox 806 354 870 395; x_wconf 73' lang='lat' dir='ltr'><strong>OAP.</strong></span> <span class='ocrx_word' id='word_1_4' title='bbox 883 354 925 397; x_wconf 88' lang='grc' dir='ltr'>ΙΙΙ.</span> 
     </span>
    </p>
   </div>
   <div class='ocr_carea' id='block_1_2' title="bbox 151 527 1360 4440">
    <p class='ocr_par' dir='ltr' id='par_1_2' title="bbox 210 527 1356 1002">
     <span class='ocr_line' id='line_1_2' title="bbox 210 527 1355 610; baseline -0.006 -15"><span class='ocrx_word' id='word_1_5' title='bbox 210 532 241 608; x_wconf 87' lang='grc'><strong>2,</strong></span> <span class='ocrx_word' id='word_1_6' title='bbox 265 534 321 595; x_wconf 81' lang='lat'><strong>55:</strong></span> <span class='ocrx_word' id='word_1_7' title='bbox 365 533 500 594; x_wconf 90' lang='lat' dir='ltr'><strong>manibus</strong></span> <span class='ocrx_word' id='word_1_8' title='bbox 527 533 595 607; x_wconf 91' lang='lat' dir='ltr'><strong>plus</strong></span> <span class='ocrx_word' id='word_1_9' title='bbox 623 533 714 593; x_wconf 83' lang='lat' dir='ltr'><strong>dolet.</strong></span> <span class='ocrx_word' id='word_1_10' title='bbox 758 528 851 610; x_wconf 85' lang='lat' dir='ltr'><strong>Capt.</strong></span> <span class='ocrx_word' id='word_1_11' title='bbox 879 527 904 605; x_wconf 96' lang='grc' dir='ltr'>Ι,</span> <span class='ocrx_word' id='word_1_12' title='bbox 929 533 957 607; x_wconf 96' lang='grc'><strong>2,</strong></span> <span class='ocrx_word' id='word_1_13' title='bbox 980 532 1036 592; x_wconf 85' lang='lat'><strong>49:</strong></span> <span class='ocrx_word' id='word_1_14' title='bbox 1080 529 1157 588; x_wconf 84' lang='lat' dir='ltr'><strong>Huic</strong></span> <span class='ocrx_word' id='word_1_15' title='bbox 1179 529 1249 588; x_wconf 92' lang='lat' dir='ltr'><strong>illut</strong></span> <span class='ocrx_word' id='word_1_16' title='bbox 1272 529 1355 590; x_wconf 89' lang='lat' dir='ltr'><strong>dolet</strong></span> 
     </span>
     <span class='ocr_line' id='line_1_3' title="bbox 210 624 1356 708; baseline -0.003 -17"><span class='ocrx_word' id='word_1_17' title='bbox 210 626 304 707; x_wconf 87' lang='lat' dir='ltr'><strong>Epid.</strong></span> <span class='ocrx_word' id='word_1_18' title='bbox 331 627 358 708; x_wconf 93' lang='lat' dir='ltr'><strong>I,</strong></span> <span class='ocrx_word' id='word_1_19' title='bbox 387 633 416 707; x_wconf 96' lang='grc'><strong>2,</strong></span> <span class='ocrx_word' id='word_1_20' title='bbox 444 633 502 693; x_wconf 86' lang='lat'><strong>44:</strong></span> <span class='ocrx_word' id='word_1_21' title='bbox 533 631 605 690; x_wconf 87' lang='lat' dir='ltr'><strong>mihi</strong></span> <span class='ocrx_word' id='word_1_22' title='bbox 639 631 728 692; x_wconf 87' lang='lat' dir='ltr'><strong>dolet</strong></span> <span class='ocrx_word' id='word_1_23' title='bbox 772 626 886 707; x_wconf 87' lang='lat' dir='ltr'><strong>Amph.</strong></span> <span class='ocrx_word' id='word_1_24' title='bbox 910 625 935 702; x_wconf 94' lang='grc' dir='ltr'><strong>Ι,</strong></span> <span class='ocrx_word' id='word_1_25' title='bbox 962 632 988 704; x_wconf 94' lang='lat' dir='ltr'><strong>l,</strong></span> <span class='ocrx_word' id='word_1_26' title='bbox 1013 627 1089 689; x_wconf 77' lang='lat'>252:</span> <span class='ocrx_word' id='word_1_27' title='bbox 1123 643 1191 685; x_wconf 89' lang='lat' dir='ltr'><strong>nam</strong></span> <span class='ocrx_word' id='word_1_28' title='bbox 1218 624 1287 703; x_wconf 90' lang='lat' dir='ltr'><strong>[mi]</strong></span> <span class='ocrx_word' id='word_1_29' title='bbox 1311 629 1356 687; x_wconf 86' lang='lat' dir='ltr'><strong>mi·</strong></span> 
     </span>
     <span class='ocr_line' id='line_1_4' title="bbox 211 722 1355 803; baseline -0.005 -14"><span class='ocrx_word' id='word_1_30' title='bbox 211 744 279 789; x_wconf 88' lang='lat' dir='ltr'><strong>sero</strong></span> <span class='ocrx_word' id='word_1_31' title='bbox 314 729 403 789; x_wconf 87' lang='lat' dir='ltr'><strong>etiam</strong></span> <span class='ocrx_word' id='word_1_32' title='bbox 435 746 512 789; x_wconf 92' lang='lat' dir='ltr'><strong>nunc</strong></span> <span class='ocrx_word' id='word_1_33' title='bbox 547 731 642 790; x_wconf 89' lang='lat' dir='ltr'><strong>malae</strong></span> <span class='ocrx_word' id='word_1_34' title='bbox 676 729 788 789; x_wconf 89' lang='lat' dir='ltr'><strong>dolent.</strong></span> <span class='ocrx_word' id='word_1_35' title='bbox 833 724 930 790; x_wconf 89' lang='lat' dir='ltr'><strong>Merc.</strong></span> <span class='ocrx_word' id='word_1_36' title='bbox 962 722 1003 803; x_wconf 90' lang='lat'><strong>11,</strong></span> <span class='ocrx_word' id='word_1_37' title='bbox 1034 728 1064 803; x_wconf 87' lang='lat'><strong>3,</strong></span> <span class='ocrx_word' id='word_1_38' title='bbox 1094 728 1149 786; x_wconf 79' lang='lat'><strong>54:</strong></span> <span class='ocrx_word' id='word_1_39' title='bbox 1192 726 1303 785; x_wconf 83' lang='lat' dir='ltr'><strong>Verum</strong></span> <span class='ocrx_word' id='word_1_40' title='bbox 1334 727 1355 784; x_wconf 85' lang='lat' dir='ltr'><strong>ir</strong></span> 
     </span>
     <span class='ocr_line' id='line_1_5' title="bbox 212 820 1354 900; baseline 0 -15"><span class='ocrx_word' id='word_1_41' title='bbox 212 832 330 899; x_wconf 90' lang='lat' dir='ltr'><strong>portum</strong></span> <span class='ocrx_word' id='word_1_42' title='bbox 353 827 410 887; x_wconf 91' lang='lat' dir='ltr'><strong>huc</strong></span> <span class='ocrx_word' id='word_1_43' title='bbox 432 833 466 888; x_wconf 91' lang='lat' dir='ltr'><strong>ut</strong></span> <span class='ocrx_word' id='word_1_44' title='bbox 480 844 543 889; x_wconf 91' lang='lat' dir='ltr'><strong>sum</strong></span> <span class='ocrx_word' id='word_1_45' title='bbox 565 828 717 900; x_wconf 87' lang='lat' dir='ltr'><strong>advectus,</strong></span> <span class='ocrx_word' id='word_1_46' title='bbox 740 827 844 886; x_wconf 86' lang='lat' dir='ltr'><strong>nescio</strong></span> <span class='ocrx_word' id='word_1_47' title='bbox 866 826 916 900; x_wconf 90' lang='lat' dir='ltr'><strong>qui</strong></span> <span class='ocrx_word' id='word_1_48' title='bbox 933 825 1047 884; x_wconf 88' lang='lat' dir='ltr'><strong>suimus</strong></span> <span class='ocrx_word' id='word_1_49' title='bbox 1062 822 1135 882; x_wconf 91' lang='lat' dir='ltr'><strong>mibi</strong></span> <span class='ocrx_word' id='word_1_50' title='bbox 1154 823 1246 883; x_wconf 84' lang='lat' dir='ltr'><strong>dolet</strong></span> <span class='ocrx_word' id='word_1_51' title='bbox 1270 820 1354 885; x_wconf 88' lang='lat' dir='ltr'><strong>Truc</strong></span> 
     </span>
     <span class='ocr_line' id='line_1_6' title="bbox 211 918 430 1002; baseline 0.014 -19"><span class='ocrx_word' id='word_1_52' title='bbox 211 918 254 1000; x_wconf 90' lang='lat'><strong>11,</strong></span> <span class='ocrx_word' id='word_1_53' title='bbox 277 924 306 1000; x_wconf 88' lang='grc'><strong>8,</strong></span> <span class='ocrx_word' id='word_1_54' title='bbox 329 925 348 986; x_wconf 89' lang='grc'><strong>2</strong></span> <span class='ocrx_word' id='word_1_55' title='bbox 370 939 430 1002; x_wconf 84' lang='lat' dir='ltr'><strong>sq.:</strong></span> 
     </span>
    </p>

    <p class='ocr_par' dir='ltr' id='par_1_3' title="bbox 380 1021 1147 1095">
     <span class='ocr_line' id='line_1_7' title="bbox 380 1021 1147 1095; baseline -0.001 -13"><span class='ocrx_word' id='word_1_56' title='bbox 380 1022 455 1084; x_wconf 87' lang='lat' dir='ltr'><strong>Nam</strong></span> <span class='ocrx_word' id='word_1_57' title='bbox 477 1025 549 1084; x_wconf 87' lang='lat' dir='ltr'><strong>milri</strong></span> <span class='ocrx_word' id='word_1_58' title='bbox 572 1025 609 1084; x_wconf 90' lang='lat' dir='ltr'><strong>de</strong></span> <span class='ocrx_word' id='word_1_59' title='bbox 634 1032 722 1085; x_wconf 81' lang='lat' dir='ltr'><strong>vento</strong></span> <span class='ocrx_word' id='word_1_60' title='bbox 744 1024 852 1084; x_wconf 80' lang='lat' dir='ltr'><strong>misere</strong></span> <span class='ocrx_word' id='word_1_61' title='bbox 875 1021 1027 1083; x_wconf 80' lang='lat' dir='ltr'>condoluit</span> <span class='ocrx_word' id='word_1_62' title='bbox 1048 1027 1147 1095; x_wconf 81' lang='lat' dir='ltr'><strong>caput</strong></span> 
     </span>
    </p>

    <p class='ocr_par' dir='ltr' id='par_1_4' title="bbox 380 1118 1306 1196">
     <span class='ocr_line' id='line_1_8' title="bbox 380 1118 1306 1196; baseline -0.008 -12"><span class='ocrx_word' id='word_1_63' title='bbox 380 1118 437 1184; x_wconf 87' lang='lat' dir='ltr'><strong>ST.</strong></span> <span class='ocrx_word' id='word_1_64' title='bbox 465 1123 542 1196; x_wconf 85' lang='lat' dir='ltr'>Quid</span> <span class='ocrx_word' id='word_1_65' title='bbox 564 1124 636 1182; x_wconf 89' lang='lat' dir='ltr'><strong>mibi</strong></span> <span class='ocrx_word' id='word_1_66' title='bbox 658 1122 828 1196; x_wconf 82' lang='lat' dir='ltr'><strong>futurumst,</strong></span> <span class='ocrx_word' id='word_1_67' title='bbox 852 1122 920 1196; x_wconf 89' lang='lat' dir='ltr'><strong>quoi</strong></span> <span class='ocrx_word' id='word_1_68' title='bbox 942 1120 1017 1179; x_wconf 89' lang='lat' dir='ltr'><strong>duae</strong></span> <span class='ocrx_word' id='word_1_69' title='bbox 1040 1119 1168 1178; x_wconf 78' lang='lat' dir='ltr'><strong>ancdlae</strong></span> <span class='ocrx_word' id='word_1_70' title='bbox 1191 1120 1306 1194; x_wconf 90' lang='lat' dir='ltr'><strong>dolent,</strong></span> 
     </span>
    </p>

    <p class='ocr_par' dir='ltr' id='par_1_5' title="bbox 151 1220 1358 2950">
     <span class='ocr_line' id='line_1_9' title="bbox 382 1220 705 1297; baseline 0.006 -18"><span class='ocrx_word' id='word_1_71' title='bbox 382 1220 495 1293; x_wconf 83' lang='lat' dir='ltr'><strong>Quibus</strong></span> <span class='ocrx_word' id='word_1_72' title='bbox 516 1229 547 1282; x_wconf 89' lang='lat' dir='ltr'><strong>te</strong></span> <span class='ocrx_word' id='word_1_73' title='bbox 570 1221 705 1297; x_wconf 78' lang='lat' dir='ltr'><strong>donavil,</strong></span> 
     </span>
     <span class='ocr_line' id='line_1_10' title="bbox 212 1309 1357 1394; baseline -0.002 -16"><span class='ocrx_word' id='word_1_74' title='bbox 212 1313 261 1378; x_wconf 93' lang='lat' dir='ltr'><strong>ad.</strong></span> <span class='ocrx_word' id='word_1_75' title='bbox 283 1330 312 1394; x_wconf 91' lang='lat' dir='ltr'><strong>q.</strong></span> <span class='ocrx_word' id='word_1_76' title='bbox 335 1314 356 1380; x_wconf 90' lang='lat' dir='ltr'><strong>l.</strong></span> <span class='ocrx_word' id='word_1_77' title='bbox 378 1314 521 1381; x_wconf 86' lang='lat' dir='ltr'><strong>Perizon.</strong></span> <span class='ocrx_word' id='word_1_78' title='bbox 544 1316 586 1381; x_wconf 90' lang='lat' dir='ltr'><strong>ad</strong></span> <span class='ocrx_word' id='word_1_79' title='bbox 608 1315 713 1380; x_wconf 84' lang='lat' dir='ltr'><strong>Sauct.</strong></span> <span class='ocrx_word' id='word_1_80' title='bbox 744 1314 821 1379; x_wconf 89' lang='lat' dir='ltr'><strong>llin.</strong></span> <span class='ocrx_word' id='word_1_81' title='bbox 850 1331 879 1394; x_wconf 91' lang='lat' dir='ltr'><strong>p.</strong></span> <span class='ocrx_word' id='word_1_82' title='bbox 903 1317 980 1378; x_wconf 87' lang='lat'><strong>330:</strong></span> <span class='ocrx_word' id='word_1_83' title='bbox 1017 1313 1067 1391; x_wconf 87' lang='lat' dir='ltr'><strong>„b</strong></span> <span class='ocrx_word' id='word_1_84' title='bbox 1099 1331 1125 1377; x_wconf 88' lang='lat' dir='ltr'><strong>e.</strong></span> <span class='ocrx_word' id='word_1_85' title='bbox 1149 1311 1293 1377; x_wconf 92' lang='lat' dir='ltr'><strong>dolorem</strong></span> <span class='ocrx_word' id='word_1_86' title='bbox 1316 1309 1357 1376; x_wconf 90' lang='lat' dir='ltr'><strong>la·</strong></span> 
     </span>
     <span class='ocr_line' id='line_1_11' title="bbox 213 1409 1357 1494; baseline -0.003 -17"><span class='ocrx_word' id='word_1_87' title='bbox 213 1411 310 1492; x_wconf 90' lang='lat' dir='ltr'><strong>ciunt,</strong></span> <span class='ocrx_word' id='word_1_88' title='bbox 333 1413 408 1493; x_wconf 91' lang='lat' dir='ltr'><strong>quia</strong></span> <span class='ocrx_word' id='word_1_89' title='bbox 429 1432 483 1479; x_wconf 87' lang='lat' dir='ltr'><strong>eas</strong></span> <span class='ocrx_word' id='word_1_90' title='bbox 506 1414 564 1479; x_wconf 89' lang='lat' dir='ltr'><strong>tibi</strong></span> <span class='ocrx_word' id='word_1_91' title='bbox 587 1412 734 1480; x_wconf 90' lang='lat' dir='ltr'><strong>donando</strong></span> <span class='ocrx_word' id='word_1_92' title='bbox 756 1410 892 1494; x_wconf 89' lang='lat' dir='ltr'><strong>perdidi.</strong></span> <span class='ocrx_word' id='word_1_93' title='bbox 927 1409 1076 1476; x_wconf 86' lang='lat' dir='ltr'><strong>Ceterum</strong></span> <span class='ocrx_word' id='word_1_94' title='bbox 1098 1411 1130 1475; x_wconf 95' lang='lat' dir='ltr'><strong>in</strong></span> <span class='ocrx_word' id='word_1_95' title='bbox 1151 1409 1212 1475; x_wconf 91' lang='lat' dir='ltr'><strong>hac</strong></span> <span class='ocrx_word' id='word_1_96' title='bbox 1235 1427 1357 1490; x_wconf 91' lang='lat' dir='ltr'><strong>quoque</strong></span> 
     </span>
     <span class='ocr_line' id='line_1_12' title="bbox 210 1507 1354 1579; baseline 0 -8"><span class='ocrx_word' id='word_1_97' title='bbox 210 1507 372 1576; x_wconf 89' lang='lat' dir='ltr'><strong>locutione</strong></span> <span class='ocrx_word' id='word_1_98' title='bbox 393 1515 486 1575; x_wconf 80' lang='lat' dir='ltr'><strong>Doleo</strong></span> <span class='ocrx_word' id='word_1_99' title='bbox 507 1518 616 1579; x_wconf 87' lang='lat' dir='ltr'><strong>manet</strong></span> <span class='ocrx_word' id='word_1_100' title='bbox 637 1517 786 1578; x_wconf 91' lang='lat' dir='ltr'><strong>neutrum</strong></span> <span class='ocrx_word' id='word_1_101' title='bbox 809 1528 866 1575; x_wconf 94' lang='lat' dir='ltr'><strong>nec</strong></span> <span class='ocrx_word' id='word_1_102' title='bbox 881 1508 1021 1574; x_wconf 77' lang='lat' dir='ltr'><strong>admittit</strong></span> <span class='ocrx_word' id='word_1_103' title='bbox 1036 1509 1141 1573; x_wconf 84' lang='lat' dir='ltr'><strong>varios</strong></span> <span class='ocrx_word' id='word_1_104' title='bbox 1156 1509 1354 1574; x_wconf 77' lang='lat' dir='ltr'><strong>accusativos</strong></span> 
     </span>
     <span class='ocr_line' id='line_1_13' title="bbox 213 1604 1355 1691; baseline -0.002 -20"><span class='ocrx_word' id='word_1_105' title='bbox 213 1611 366 1691; x_wconf 90' lang='lat' dir='ltr'><strong>notatque</strong></span> <span class='ocrx_word' id='word_1_106' title='bbox 389 1610 564 1691; x_wconf 86' lang='lat' dir='ltr'><strong>simplicem</strong></span> <span class='ocrx_word' id='word_1_107' title='bbox 586 1612 744 1676; x_wconf 85' lang='lat' dir='ltr'><strong>actionem</strong></span> <span class='ocrx_word' id='word_1_108' title='bbox 759 1612 793 1672; x_wconf 92' lang='lat' dir='ltr'><strong>et</strong></span> <span class='ocrx_word' id='word_1_109' title='bbox 807 1607 878 1672; x_wconf 89' lang='lat' dir='ltr'><strong>ideo</strong></span> <span class='ocrx_word' id='word_1_110' title='bbox 902 1606 1103 1687; x_wconf 84' lang='lat' dir='ltr'><strong>coniungitur</strong></span> <span class='ocrx_word' id='word_1_111' title='bbox 1124 1624 1196 1671; x_wconf 91' lang='lat' dir='ltr'><strong>cum</strong></span> <span class='ocrx_word' id='word_1_112' title='bbox 1219 1604 1355 1671; x_wconf 86' lang='lat' dir='ltr'><strong>dativ0.“</strong></span> 
     </span>
     <span class='ocr_line' id='line_1_14' title="bbox 212 1703 1356 1786; baseline -0.003 -16"><span class='ocrx_word' id='word_1_113' title='bbox 212 1703 325 1771; x_wconf 78' lang='lat' dir='ltr'><strong>Caecil.</strong></span> <span class='ocrx_word' id='word_1_114' title='bbox 358 1707 437 1773; x_wconf 83' lang='lat' dir='ltr'><strong>Stat</strong></span> <span class='ocrx_word' id='word_1_115' title='bbox 464 1709 523 1773; x_wconf 92' lang='lat' dir='ltr'><strong>inc.</strong></span> <span class='ocrx_word' id='word_1_116' title='bbox 555 1708 615 1774; x_wconf 84' lang='lat' dir='ltr'><strong>tab.</strong></span> <span class='ocrx_word' id='word_1_117' title='bbox 649 1706 687 1772; x_wconf 91' lang='lat' dir='ltr'><strong>fr.</strong></span> <span class='ocrx_word' id='word_1_118' title='bbox 711 1713 745 1786; x_wconf 89' lang='grc'><strong>2,</strong></span> <span class='ocrx_word' id='word_1_119' title='bbox 778 1726 806 1771; x_wconf 79' lang='lat' dir='ltr'><strong>u.</strong></span> <span class='ocrx_word' id='word_1_120' title='bbox 831 1711 910 1771; x_wconf 85' lang='lat'>241:</span> <span class='ocrx_word' id='word_1_121' title='bbox 947 1708 973 1767; x_wconf 91' lang='lat' dir='ltr'><strong>si</strong></span> <span class='ocrx_word' id='word_1_122' title='bbox 1005 1707 1120 1782; x_wconf 88' lang='lat' dir='ltr'><strong>egebis,</strong></span> <span class='ocrx_word' id='word_1_123' title='bbox 1155 1708 1210 1766; x_wconf 90' lang='lat' dir='ltr'><strong>tibi</strong></span> <span class='ocrx_word' id='word_1_124' title='bbox 1237 1707 1356 1768; x_wconf 85' lang='lat' dir='ltr'><strong>dolebit.</strong></span> 
     </span>
     <span class='ocr_line' id='line_1_15' title="bbox 211 1803 1357 1886; baseline -0.003 -19"><span class='ocrx_word' id='word_1_125' title='bbox 211 1803 336 1869; x_wconf 77' lang='lat' dir='ltr'><strong>Terent</strong></span> <span class='ocrx_word' id='word_1_126' title='bbox 359 1807 439 1871; x_wconf 86' lang='lat' dir='ltr'><strong>Eun.</strong></span> <span class='ocrx_word' id='word_1_127' title='bbox 463 1806 488 1881; x_wconf 94' lang='lat' dir='ltr'><strong>l,</strong></span> <span class='ocrx_word' id='word_1_128' title='bbox 513 1811 541 1886; x_wconf 88' lang='grc'><strong>2,</strong></span> <span class='ocrx_word' id='word_1_129' title='bbox 569 1812 622 1871; x_wconf 88' lang='lat'><strong>13:</strong></span> <span class='ocrx_word' id='word_1_130' title='bbox 652 1811 693 1871; x_wconf 89' lang='lat' dir='ltr'><strong>ut</strong></span> <span class='ocrx_word' id='word_1_131' title='bbox 715 1815 766 1868; x_wconf 87' lang='lat' dir='ltr'><strong>aut</strong></span> <span class='ocrx_word' id='word_1_132' title='bbox 796 1808 852 1867; x_wconf 90' lang='lat' dir='ltr'><strong>hcc</strong></span> <span class='ocrx_word' id='word_1_133' title='bbox 874 1806 929 1866; x_wconf 91' lang='lat' dir='ltr'><strong>tibi</strong></span> <span class='ocrx_word' id='word_1_134' title='bbox 952 1804 1068 1864; x_wconf 89' lang='lat' dir='ltr'><strong>doleret</strong></span> <span class='ocrx_word' id='word_1_135' title='bbox 1089 1805 1201 1880; x_wconf 85' lang='lat' dir='ltr'><strong>itidem,</strong></span> <span class='ocrx_word' id='word_1_136' title='bbox 1233 1813 1267 1865; x_wconf 87' lang='lat' dir='ltr'><strong>ut</strong></span> <span class='ocrx_word' id='word_1_137' title='bbox 1290 1806 1357 1863; x_wconf 89' lang='lat' dir='ltr'><strong>mibi</strong></span> 
     </span>
     <span class='ocr_line' id='line_1_16' title="bbox 151 1901 1357 1985; baseline -0.003 -21"><span class='ocrx_word' id='word_1_138' title='bbox 151 1901 154 1908; x_wconf 83' lang='lat'>&#39;</span> <span class='ocrx_word' id='word_1_139' title='bbox 211 1904 303 1965; x_wconf 87' lang='lat' dir='ltr'><strong>dolet.</strong></span> <span class='ocrx_word' id='word_1_140' title='bbox 347 1903 642 1985; x_wconf 83' lang='lat' dir='ltr'><strong>Eun.111‚1,40:</strong></span> <span class='ocrx_word' id='word_1_141' title='bbox 679 1908 771 1967; x_wconf 87' lang='lat' dir='ltr'><strong>Dolet</strong></span> <span class='ocrx_word' id='word_1_142' title='bbox 793 1906 903 1965; x_wconf 88' lang='lat' dir='ltr'><strong>dictum</strong></span> <span class='ocrx_word' id='word_1_143' title='bbox 930 1902 1101 1977; x_wconf 82' lang='lat' dir='ltr'><strong>imprudenti</strong></span> <span class='ocrx_word' id='word_1_144' title='bbox 1122 1904 1309 1963; x_wconf 87' lang='lat' dir='ltr'><strong>adulescenti</strong></span> <span class='ocrx_word' id='word_1_145' title='bbox 1330 1909 1357 1961; x_wconf 86' lang='lat' dir='ltr'><strong>et</strong></span> 
     </span>
     <span class='ocr_line' id='line_1_17' title="bbox 211 1998 1357 2083; baseline -0.003 -22"><span class='ocrx_word' id='word_1_146' title='bbox 211 2004 317 2063; x_wconf 91' lang='lat' dir='ltr'><strong>libero.</strong></span> <span class='ocrx_word' id='word_1_147' title='bbox 362 2002 494 2083; x_wconf 84' lang='lat' dir='ltr'><strong>Adelph.</strong></span> <span class='ocrx_word' id='word_1_148' title='bbox 517 2002 560 2083; x_wconf 94' lang='grc' dir='ltr'>ΙΙ,</span> <span class='ocrx_word' id='word_1_149' title='bbox 581 2010 611 2082; x_wconf 96' lang='grc'>4,</span> <span class='ocrx_word' id='word_1_150' title='bbox 635 2009 675 2069; x_wconf 87' lang='lat'><strong>8:</strong></span> <span class='ocrx_word' id='word_1_151' title='bbox 719 2007 784 2064; x_wconf 89' lang='lat' dir='ltr'><strong>Hoc</strong></span> <span class='ocrx_word' id='word_1_152' title='bbox 815 2002 887 2061; x_wconf 91' lang='lat' dir='ltr'><strong>mibi</strong></span> <span class='ocrx_word' id='word_1_153' title='bbox 914 2002 1004 2060; x_wconf 92' lang='lat' dir='ltr'><strong>dolet.</strong></span> <span class='ocrx_word' id='word_1_154' title='bbox 1049 1998 1108 2080; x_wconf 89' lang='lat'>111,</span> <span class='ocrx_word' id='word_1_155' title='bbox 1129 2006 1161 2078; x_wconf 93' lang='lat'><strong>4,</strong></span> <span class='ocrx_word' id='word_1_156' title='bbox 1184 2006 1219 2063; x_wconf 83' lang='lat'><strong>5:</strong></span> <span class='ocrx_word' id='word_1_157' title='bbox 1265 2002 1296 2060; x_wconf 92' lang='lat' dir='ltr'><strong>id</strong></span> <span class='ocrx_word' id='word_1_158' title='bbox 1318 2001 1357 2059; x_wconf 90' lang='lat' dir='ltr'><strong>illi</strong></span> 
     </span>
     <span class='ocr_line' id='line_1_18' title="bbox 212 2098 1357 2180; baseline -0.002 -21"><span class='ocrx_word' id='word_1_159' title='bbox 212 2118 290 2160; x_wconf 93' lang='lat' dir='ltr'><strong>nunc</strong></span> <span class='ocrx_word' id='word_1_160' title='bbox 313 2103 396 2162; x_wconf 87' lang='lat' dir='ltr'><strong>dolet</strong></span> <span class='ocrx_word' id='word_1_161' title='bbox 417 2105 534 2164; x_wconf 85' lang='lat' dir='ltr'><strong>Alieno.</strong></span> <span class='ocrx_word' id='word_1_162' title='bbox 577 2100 704 2166; x_wconf 82' lang='lat' dir='ltr'><strong>Phorm.</strong></span> <span class='ocrx_word' id='word_1_163' title='bbox 728 2100 765 2180; x_wconf 90' lang='lat' dir='ltr'><strong>V,</strong></span> <span class='ocrx_word' id='word_1_164' title='bbox 791 2109 820 2175; x_wconf 87' lang='grc'><strong>9,</strong></span> <span class='ocrx_word' id='word_1_165' title='bbox 844 2102 899 2162; x_wconf 85' lang='grc'><strong>64;</strong></span> <span class='ocrx_word' id='word_1_166' title='bbox 943 2100 984 2158; x_wconf 84' lang='lat' dir='ltr'><strong>Et</strong></span> <span class='ocrx_word' id='word_1_167' title='bbox 1012 2101 1091 2174; x_wconf 91' lang='lat' dir='ltr'><strong>quod</strong></span> <span class='ocrx_word' id='word_1_168' title='bbox 1117 2109 1167 2161; x_wconf 86' lang='lat' dir='ltr'><strong>tuo</strong></span> <span class='ocrx_word' id='word_1_169' title='bbox 1194 2100 1260 2159; x_wconf 82' lang='lat' dir='ltr'><strong>viro</strong></span> <span class='ocrx_word' id='word_1_170' title='bbox 1281 2098 1357 2159; x_wconf 91' lang='lat' dir='ltr'><strong>oculi</strong></span> 
     </span>
     <span class='ocr_line' id='line_1_19' title="bbox 213 2193 1357 2281; baseline 0.002 -25"><span class='ocrx_word' id='word_1_171' title='bbox 213 2196 354 2260; x_wconf 83' lang='lat' dir='ltr'><strong>doleant?</strong></span> <span class='ocrx_word' id='word_1_172' title='bbox 397 2198 532 2280; x_wconf 85' lang='lat' dir='ltr'><strong>Adelph.</strong></span> <span class='ocrx_word' id='word_1_173' title='bbox 559 2199 614 2281; x_wconf 91' lang='lat' dir='ltr'><strong>IV,</strong></span> <span class='ocrx_word' id='word_1_174' title='bbox 641 2206 670 2280; x_wconf 86' lang='lat'><strong>5,</strong></span> <span class='ocrx_word' id='word_1_175' title='bbox 700 2205 759 2265; x_wconf 86' lang='lat'><strong>48:</strong></span> <span class='ocrx_word' id='word_1_176' title='bbox 798 2204 828 2262; x_wconf 91' lang='lat' dir='ltr'><strong>id</strong></span> <span class='ocrx_word' id='word_1_177' title='bbox 856 2201 927 2261; x_wconf 89' lang='lat' dir='ltr'><strong>mibi</strong></span> <span class='ocrx_word' id='word_1_178' title='bbox 949 2210 1101 2261; x_wconf 79' lang='lat' dir='ltr'><strong>remeuter</strong></span> <span class='ocrx_word' id='word_1_179' title='bbox 1123 2199 1213 2257; x_wconf 88' lang='lat' dir='ltr'><strong>dolet.</strong></span> <span class='ocrx_word' id='word_1_180' title='bbox 1258 2193 1357 2258; x_wconf 86' lang='lat' dir='ltr'><strong>Plaut</strong></span> 
     </span>
     <span class='ocr_line' id='line_1_20' title="bbox 214 2290 1358 2377; baseline 0 -21"><span class='ocrx_word' id='word_1_181' title='bbox 214 2290 295 2359; x_wconf 90' lang='lat' dir='ltr'><strong>Rud.</strong></span> <span class='ocrx_word' id='word_1_182' title='bbox 319 2294 360 2367; x_wconf 84' lang='grc' dir='ltr'>ΙΙ,</span> <span class='ocrx_word' id='word_1_183' title='bbox 380 2301 412 2377; x_wconf 82' lang='grc'>6,</span> <span class='ocrx_word' id='word_1_184' title='bbox 438 2303 492 2363; x_wconf 88' lang='grc'><strong>18;</strong></span> <span class='ocrx_word' id='word_1_185' title='bbox 517 2301 593 2376; x_wconf 79' lang='lat' dir='ltr'><strong>Quid</strong></span> <span class='ocrx_word' id='word_1_186' title='bbox 615 2303 690 2360; x_wconf 81' lang='lat' dir='ltr'><strong>mibi</strong></span> <span class='ocrx_word' id='word_1_187' title='bbox 711 2303 841 2362; x_wconf 89' lang='lat' dir='ltr'><strong>scelesto</strong></span> <span class='ocrx_word' id='word_1_188' title='bbox 862 2300 916 2360; x_wconf 85' lang='lat' dir='ltr'><strong>tibi</strong></span> <span class='ocrx_word' id='word_1_189' title='bbox 938 2305 1006 2358; x_wconf 87' lang='lat' dir='ltr'><strong>crat</strong></span> <span class='ocrx_word' id='word_1_190' title='bbox 1027 2297 1228 2358; x_wconf 82' lang='lat' dir='ltr'><strong>auscultatio?</strong></span> <span class='ocrx_word' id='word_1_191' title='bbox 1266 2295 1358 2359; x_wconf 87' lang='lat' dir='ltr'><strong>Poen.</strong></span> 
     </span>
     <span class='ocr_line' id='line_1_21' title="bbox 211 2391 1358 2475; baseline -0.002 -17"><span class='ocrx_word' id='word_1_192' title='bbox 211 2393 250 2474; x_wconf 87' lang='lat' dir='ltr'><strong>V,</strong></span> <span class='ocrx_word' id='word_1_193' title='bbox 275 2401 303 2474; x_wconf 87' lang='lat'><strong>5,</strong></span> <span class='ocrx_word' id='word_1_194' title='bbox 330 2400 385 2461; x_wconf 82' lang='lat'><strong>19:</strong></span> <span class='ocrx_word' id='word_1_195' title='bbox 415 2399 492 2474; x_wconf 82' lang='lat' dir='ltr'><strong>Quid</strong></span> <span class='ocrx_word' id='word_1_196' title='bbox 514 2401 591 2460; x_wconf 83' lang='lat' dir='ltr'><strong>hauc</strong></span> <span class='ocrx_word' id='word_1_197' title='bbox 612 2402 667 2460; x_wconf 89' lang='lat' dir='ltr'><strong>tibi</strong></span> <span class='ocrx_word' id='word_1_198' title='bbox 691 2401 784 2475; x_wconf 82' lang='lat' dir='ltr'><strong>digito</strong></span> <span class='ocrx_word' id='word_1_199' title='bbox 807 2395 947 2459; x_wconf 81' lang='lat' dir='ltr'><strong>tactiost?</strong></span> <span class='ocrx_word' id='word_1_200' title='bbox 992 2391 1105 2458; x_wconf 75' lang='lat' dir='ltr'><strong>Caecil.</strong></span> <span class='ocrx_word' id='word_1_201' title='bbox 1133 2392 1213 2458; x_wconf 87' lang='lat' dir='ltr'><strong>Stat.</strong></span> <span class='ocrx_word' id='word_1_202' title='bbox 1237 2393 1358 2472; x_wconf 77' lang='lat' dir='ltr'><strong>Harpe·</strong></span> 
     </span>
     <span class='ocr_line' id='line_1_22' title="bbox 211 2491 1358 2574; baseline -0.003 -16"><span class='ocrx_word' id='word_1_203' title='bbox 211 2512 343 2560; x_wconf 87' lang='lat' dir='ltr'><strong>zomeue</strong></span> <span class='ocrx_word' id='word_1_204' title='bbox 365 2492 403 2559; x_wconf 86' lang='lat' dir='ltr'><strong>fr.</strong></span> <span class='ocrx_word' id='word_1_205' title='bbox 427 2499 460 2560; x_wconf 84' lang='lat'><strong>6:</strong></span> <span class='ocrx_word' id='word_1_206' title='bbox 483 2499 553 2574; x_wconf 91' lang='lat' dir='ltr'><strong>quid</strong></span> <span class='ocrx_word' id='word_1_207' title='bbox 580 2500 634 2559; x_wconf 94' lang='lat' dir='ltr'><strong>tibi</strong></span> <span class='ocrx_word' id='word_1_208' title='bbox 664 2499 822 2573; x_wconf 87' lang='lat' dir='ltr'><strong>aucupatio</strong></span> <span class='ocrx_word' id='word_1_209' title='bbox 851 2504 898 2557; x_wconf 89' lang='lat' dir='ltr'><strong>est</strong></span> <span class='ocrx_word' id='word_1_210' title='bbox 924 2499 1137 2570; x_wconf 81' lang='lat' dir='ltr'><strong>Argumentum</strong></span> <span class='ocrx_word' id='word_1_211' title='bbox 1160 2495 1235 2558; x_wconf 86' lang='lat' dir='ltr'><strong>cett</strong></span> <span class='ocrx_word' id='word_1_212' title='bbox 1258 2491 1358 2556; x_wconf 84' lang='lat' dir='ltr'><strong>Plaut</strong></span> 
     </span>
     <span class='ocr_line' id='line_1_23' title="bbox 212 2588 1358 2672; baseline -0.007 -14"><span class='ocrx_word' id='word_1_213' title='bbox 212 2593 282 2658; x_wconf 88' lang='lat' dir='ltr'><strong>Aul.</strong></span> <span class='ocrx_word' id='word_1_214' title='bbox 307 2593 349 2672; x_wconf 93' lang='lat' dir='ltr'><strong>ll,</strong></span> <span class='ocrx_word' id='word_1_215' title='bbox 373 2598 402 2670; x_wconf 94' lang='grc'><strong>2,</strong></span> <span class='ocrx_word' id='word_1_216' title='bbox 427 2599 483 2660; x_wconf 85' lang='grc'><strong>38;</strong></span> <span class='ocrx_word' id='word_1_217' title='bbox 528 2614 631 2658; x_wconf 88' lang='lat' dir='ltr'><strong>aurum</strong></span> <span class='ocrx_word' id='word_1_218' title='bbox 654 2599 723 2658; x_wconf 87' lang='lat' dir='ltr'><strong>huic</strong></span> <span class='ocrx_word' id='word_1_219' title='bbox 745 2599 816 2658; x_wconf 91' lang='lat' dir='ltr'><strong>olet.</strong></span> <span class='ocrx_word' id='word_1_220' title='bbox 840 2591 942 2669; x_wconf 85' lang='lat' dir='ltr'><strong>(codd.</strong></span> <span class='ocrx_word' id='word_1_221' title='bbox 965 2591 1085 2672; x_wconf 84' lang='lat' dir='ltr'><strong>Langg.</strong></span> <span class='ocrx_word' id='word_1_222' title='bbox 1109 2590 1182 2666; x_wconf 78' lang='lat' dir='ltr'><strong>bic).</strong></span> <span class='ocrx_word' id='word_1_223' title='bbox 1226 2590 1298 2655; x_wconf 88' lang='lat' dir='ltr'><strong>Cas.</strong></span> <span class='ocrx_word' id='word_1_224' title='bbox 1322 2588 1358 2652; x_wconf 71' lang='lat' dir='ltr'><strong>ll.</strong></span> 
     </span>
     <span class='ocr_line' id='line_1_24' title="bbox 214 2687 1358 2770; baseline -0.005 -14"><span class='ocrx_word' id='word_1_225' title='bbox 214 2696 243 2770; x_wconf 94' lang='grc'>3,</span> <span class='ocrx_word' id='word_1_226' title='bbox 269 2696 323 2756; x_wconf 83' lang='lat'><strong>59:</strong></span> <span class='ocrx_word' id='word_1_227' title='bbox 348 2693 466 2754; x_wconf 88' lang='lat' dir='ltr'><strong>subolet</strong></span> <span class='ocrx_word' id='word_1_228' title='bbox 488 2696 545 2756; x_wconf 92' lang='lat' dir='ltr'><strong>boc</strong></span> <span class='ocrx_word' id='word_1_229' title='bbox 567 2697 626 2757; x_wconf 92' lang='lat' dir='ltr'><strong>iam</strong></span> <span class='ocrx_word' id='word_1_230' title='bbox 648 2699 742 2756; x_wconf 85' lang='lat' dir='ltr'><strong>uxori.</strong></span> <span class='ocrx_word' id='word_1_231' title='bbox 764 2692 892 2756; x_wconf 88' lang='lat' dir='ltr'><strong>Terent.</strong></span> <span class='ocrx_word' id='word_1_232' title='bbox 914 2689 1040 2754; x_wconf 89' lang='lat' dir='ltr'><strong>Phorm.</strong></span> <span class='ocrx_word' id='word_1_233' title='bbox 1064 2687 1122 2767; x_wconf 87' lang='lat'>111,</span> <span class='ocrx_word' id='word_1_234' title='bbox 1148 2694 1250 2767; x_wconf 85' lang='lat' dir='ltr'>l,10:</span> <span class='ocrx_word' id='word_1_235' title='bbox 1273 2693 1358 2750; x_wconf 89' lang='lat' dir='ltr'><strong>Num·</strong></span> 
     </span>
     <span class='ocr_line' id='line_1_25' title="bbox 214 2786 1358 2871; baseline -0.002 -21"><span class='ocrx_word' id='word_1_236' title='bbox 214 2793 284 2867; x_wconf 91' lang='lat' dir='ltr'><strong>quid</strong></span> <span class='ocrx_word' id='word_1_237' title='bbox 306 2792 418 2851; x_wconf 80' lang='lat' dir='ltr'><strong>subolet</strong></span> <span class='ocrx_word' id='word_1_238' title='bbox 432 2793 537 2865; x_wconf 83' lang='lat' dir='ltr'><strong>putri?</strong></span> <span class='ocrx_word' id='word_1_239' title='bbox 565 2790 678 2858; x_wconf 83' lang='lat' dir='ltr'><strong>caecil.</strong></span> <span class='ocrx_word' id='word_1_240' title='bbox 703 2791 783 2856; x_wconf 84' lang='lat' dir='ltr'><strong>Stat.</strong></span> <span class='ocrx_word' id='word_1_241' title='bbox 806 2788 940 2871; x_wconf 87' lang='lat' dir='ltr'><strong>Hymuis</strong></span> <span class='ocrx_word' id='word_1_242' title='bbox 962 2786 999 2851; x_wconf 80' lang='lat' dir='ltr'><strong>fr.</strong></span> <span class='ocrx_word' id='word_1_243' title='bbox 1015 2794 1049 2852; x_wconf 88' lang='lat'><strong>4:</strong></span> <span class='ocrx_word' id='word_1_244' title='bbox 1073 2789 1148 2849; x_wconf 86' lang='lat' dir='ltr'><strong>Mihi</strong></span> <span class='ocrx_word' id='word_1_245' title='bbox 1171 2807 1224 2849; x_wconf 84' lang='lat' dir='ltr'><strong>sex</strong></span> <span class='ocrx_word' id='word_1_246' title='bbox 1247 2805 1358 2848; x_wconf 76' lang='lat' dir='ltr'><strong>menses</strong></span> 
     </span>
     <span class='ocr_line' id='line_1_26' title="bbox 213 2890 485 2950; baseline -0.007 -1"><span class='ocrx_word' id='word_1_247' title='bbox 213 2892 285 2950; x_wconf 88' lang='lat' dir='ltr'><strong>satis</strong></span> <span class='ocrx_word' id='word_1_248' title='bbox 308 2897 376 2949; x_wconf 90' lang='lat' dir='ltr'><strong>sunt</strong></span> <span class='ocrx_word' id='word_1_249' title='bbox 399 2890 485 2949; x_wconf 82' lang='lat' dir='ltr'><strong>vitae.</strong></span> 
     </span>
    </p>

    <p class='ocr_par' dir='ltr' id='par_1_6' title="bbox 211 2984 1360 4440">
     <span class='ocr_line' id='line_1_27' title="bbox 298 2984 1358 3066; baseline 0.001 -19"><span class='ocrx_word' id='word_1_250' title='bbox 298 2985 433 3051; x_wconf 84' lang='lat' dir='ltr'><strong>Dativus</strong></span> <span class='ocrx_word' id='word_1_251' title='bbox 460 3003 615 3066; x_wconf 88' lang='lat' dir='ltr'><strong>personae</strong></span> <span class='ocrx_word' id='word_1_252' title='bbox 644 2989 830 3054; x_wconf 91' lang='lat' dir='ltr'><strong>coniunctus</strong></span> <span class='ocrx_word' id='word_1_253' title='bbox 860 3003 931 3051; x_wconf 92' lang='lat' dir='ltr'><strong>cum</strong></span> <span class='ocrx_word' id='word_1_254' title='bbox 962 2984 1117 3065; x_wconf 82' lang='lat' dir='ltr'><strong>gerundio</strong></span> <span class='ocrx_word' id='word_1_255' title='bbox 1140 2989 1173 3048; x_wconf 92' lang='lat' dir='ltr'><strong>et</strong></span> <span class='ocrx_word' id='word_1_256' title='bbox 1193 2984 1358 3065; x_wconf 75' lang='lat' dir='ltr'><strong>participis</strong></span> 
     </span>
     <span class='ocr_line' id='line_1_28' title="bbox 214 3080 1358 3162; baseline 0 -17"><span class='ocrx_word' id='word_1_257' title='bbox 214 3080 315 3146; x_wconf 82' lang='lat' dir='ltr'><strong>futuri</strong></span> <span class='ocrx_word' id='word_1_258' title='bbox 336 3083 461 3162; x_wconf 88' lang='lat' dir='ltr'><strong>passivi.</strong></span> <span class='ocrx_word' id='word_1_259' title='bbox 483 3084 578 3149; x_wconf 90' lang='lat' dir='ltr'><strong>Ennii</strong></span> <span class='ocrx_word' id='word_1_260' title='bbox 599 3085 701 3150; x_wconf 91' lang='lat' dir='ltr'><strong>annal.</strong></span> <span class='ocrx_word' id='word_1_261' title='bbox 726 3085 746 3149; x_wconf 93' lang='lat' dir='ltr'><strong>l.</strong></span> <span class='ocrx_word' id='word_1_262' title='bbox 770 3084 802 3162; x_wconf 89' lang='lat' dir='ltr'><strong>I,</strong></span> <span class='ocrx_word' id='word_1_263' title='bbox 829 3084 867 3148; x_wconf 90' lang='lat' dir='ltr'><strong>ir.</strong></span> <span class='ocrx_word' id='word_1_264' title='bbox 892 3088 949 3159; x_wconf 87' lang='grc'>34,</span> <span class='ocrx_word' id='word_1_265' title='bbox 980 3103 1008 3145; x_wconf 84' lang='lat' dir='ltr'><strong>v.</strong></span> <span class='ocrx_word' id='word_1_266' title='bbox 1033 3087 1092 3147; x_wconf 90' lang='lat'><strong>46:</strong></span> <span class='ocrx_word' id='word_1_267' title='bbox 1130 3104 1148 3146; x_wconf 90' lang='lat' dir='ltr'><strong>o</strong></span> <span class='ocrx_word' id='word_1_268' title='bbox 1172 3094 1279 3162; x_wconf 84' lang='lat' dir='ltr'><strong>gnata,</strong></span> <span class='ocrx_word' id='word_1_269' title='bbox 1312 3087 1358 3145; x_wconf 91' lang='lat' dir='ltr'><strong>tib·</strong></span> 
     </span>
     <span class='ocr_line' id='line_1_29' title="bbox 215 3179 1359 3261; baseline -0.005 -16"><span class='ocrx_word' id='word_1_270' title='bbox 215 3192 284 3246; x_wconf 89' lang='lat' dir='ltr'><strong>sunt</strong></span> <span class='ocrx_word' id='word_1_271' title='bbox 311 3192 379 3244; x_wconf 91' lang='lat' dir='ltr'><strong>ante</strong></span> <span class='ocrx_word' id='word_1_272' title='bbox 408 3184 550 3245; x_wconf 86' lang='lat' dir='ltr'><strong>ferendae</strong></span> <span class='ocrx_word' id='word_1_273' title='bbox 573 3190 752 3247; x_wconf 83' lang='lat' dir='ltr'><strong>Acrumuae.</strong></span> <span class='ocrx_word' id='word_1_274' title='bbox 782 3183 909 3247; x_wconf 85' lang='lat' dir='ltr'><strong>Terent.</strong></span> <span class='ocrx_word' id='word_1_275' title='bbox 933 3180 1031 3244; x_wconf 89' lang='lat' dir='ltr'><strong>Andr.</strong></span> <span class='ocrx_word' id='word_1_276' title='bbox 1055 3180 1080 3259; x_wconf 93' lang='lat'><strong>1,</strong></span> <span class='ocrx_word' id='word_1_277' title='bbox 1103 3179 1130 3261; x_wconf 94' lang='grc' dir='ltr'>Ι,</span> <span class='ocrx_word' id='word_1_278' title='bbox 1155 3187 1231 3246; x_wconf 83' lang='lat'><strong>139:</strong></span> <span class='ocrx_word' id='word_1_279' title='bbox 1269 3193 1359 3246; x_wconf 77' lang='lat' dir='ltr'><strong>restat</strong></span> 
     </span>
     <span class='ocr_line' id='line_1_30' title="bbox 214 3277 1358 3359; baseline -0.001 -15"><span class='ocrx_word' id='word_1_280' title='bbox 214 3285 366 3355; x_wconf 85' lang='lat' dir='ltr'><strong>Chremes,</strong></span> <span class='ocrx_word' id='word_1_281' title='bbox 392 3284 448 3356; x_wconf 77' lang='lat' dir='ltr'><strong>Qui</strong></span> <span class='ocrx_word' id='word_1_282' title='bbox 471 3286 511 3343; x_wconf 93' lang='lat' dir='ltr'><strong>mi</strong></span> <span class='ocrx_word' id='word_1_283' title='bbox 534 3286 701 3345; x_wconf 87' lang='lat' dir='ltr'><strong>exorandus</strong></span> <span class='ocrx_word' id='word_1_284' title='bbox 725 3291 780 3344; x_wconf 83' lang='lat' dir='ltr'><strong>est.</strong></span> <span class='ocrx_word' id='word_1_285' title='bbox 827 3280 923 3344; x_wconf 86' lang='lat' dir='ltr'><strong>Andr.</strong></span> <span class='ocrx_word' id='word_1_286' title='bbox 942 3277 968 3358; x_wconf 94' lang='lat' dir='ltr'><strong>I,</strong></span> <span class='ocrx_word' id='word_1_287' title='bbox 994 3284 1022 3359; x_wconf 95' lang='grc'>1,</span> <span class='ocrx_word' id='word_1_288' title='bbox 1048 3284 1121 3343; x_wconf 87' lang='grc'>125;</span> <span class='ocrx_word' id='word_1_289' title='bbox 1150 3283 1248 3356; x_wconf 90' lang='lat' dir='ltr'><strong>Prope</strong></span> <span class='ocrx_word' id='word_1_290' title='bbox 1270 3283 1358 3343; x_wconf 88' lang='lat' dir='ltr'><strong>adest</strong></span> 
     </span>
     <span class='ocr_line' id='line_1_31' title="bbox 213 3377 1359 3458; baseline 0 -17"><span class='ocrx_word' id='word_1_291' title='bbox 213 3399 300 3457; x_wconf 93' lang='lat' dir='ltr'><strong>quom</strong></span> <span class='ocrx_word' id='word_1_292' title='bbox 322 3384 421 3441; x_wconf 90' lang='lat' dir='ltr'><strong>alieno</strong></span> <span class='ocrx_word' id='word_1_293' title='bbox 443 3399 525 3442; x_wconf 90' lang='lat' dir='ltr'><strong>more</strong></span> <span class='ocrx_word' id='word_1_294' title='bbox 547 3384 732 3443; x_wconf 83' lang='lat' dir='ltr'><strong>vivendumst</strong></span> <span class='ocrx_word' id='word_1_295' title='bbox 754 3382 835 3441; x_wconf 93' lang='lat' dir='ltr'><strong>mihi.</strong></span> <span class='ocrx_word' id='word_1_296' title='bbox 859 3377 964 3442; x_wconf 85' lang='lat' dir='ltr'><strong>Etiam</strong></span> <span class='ocrx_word' id='word_1_297' title='bbox 989 3395 1060 3442; x_wconf 89' lang='lat' dir='ltr'><strong>cum</strong></span> <span class='ocrx_word' id='word_1_298' title='bbox 1080 3377 1150 3443; x_wconf 89' lang='lat' dir='ltr'><strong>aliis</strong></span> <span class='ocrx_word' id='word_1_299' title='bbox 1165 3378 1359 3458; x_wconf 74' lang='lat' dir='ltr'><strong>temporibus</strong></span> 
     </span>
     <span class='ocr_line' id='line_1_32' title="bbox 212 3475 1358 3557; baseline -0.004 -16"><span class='ocrx_word' id='word_1_300' title='bbox 212 3476 378 3541; x_wconf 91' lang='lat' dir='ltr'><strong>verborum</strong></span> <span class='ocrx_word' id='word_1_301' title='bbox 407 3478 606 3557; x_wconf 88' lang='lat' dir='ltr'><strong>passivorum</strong></span> <span class='ocrx_word' id='word_1_302' title='bbox 634 3478 820 3542; x_wconf 92' lang='lat' dir='ltr'><strong>coniunctus</strong></span> <span class='ocrx_word' id='word_1_303' title='bbox 847 3476 1009 3556; x_wconf 88' lang='lat' dir='ltr'><strong>reperitur</strong></span> <span class='ocrx_word' id='word_1_304' title='bbox 1041 3475 1169 3540; x_wconf 84' lang='lat' dir='ltr'><strong>dativus</strong></span> <span class='ocrx_word' id='word_1_305' title='bbox 1195 3493 1358 3556; x_wconf 67' lang='lat' dir='ltr'><strong>personae.</strong></span> 
     </span>
     <span class='ocr_line' id='line_1_33' title="bbox 214 3572 1359 3657; baseline -0.003 -18"><span class='ocrx_word' id='word_1_306' title='bbox 214 3572 266 3640; x_wconf 82' lang='lat' dir='ltr'><strong>Sic</strong></span> <span class='ocrx_word' id='word_1_307' title='bbox 289 3574 383 3638; x_wconf 91' lang='lat' dir='ltr'><strong>Euuii</strong></span> <span class='ocrx_word' id='word_1_308' title='bbox 406 3575 590 3657; x_wconf 83' lang='lat' dir='ltr'><strong>Iphigeniae</strong></span> <span class='ocrx_word' id='word_1_309' title='bbox 612 3575 650 3640; x_wconf 81' lang='lat' dir='ltr'><strong>fr.</strong></span> <span class='ocrx_word' id='word_1_310' title='bbox 673 3583 704 3654; x_wconf 87' lang='grc'>4,</span> <span class='ocrx_word' id='word_1_311' title='bbox 725 3594 755 3640; x_wconf 78' lang='lat' dir='ltr'><strong>u.</strong></span> <span class='ocrx_word' id='word_1_312' title='bbox 778 3579 854 3639; x_wconf 83' lang='lat'>254:</span> <span class='ocrx_word' id='word_1_313' title='bbox 881 3578 956 3636; x_wconf 90' lang='lat' dir='ltr'><strong>Nam</strong></span> <span class='ocrx_word' id='word_1_314' title='bbox 981 3578 1029 3636; x_wconf 90' lang='lat' dir='ltr'><strong>cui</strong></span> <span class='ocrx_word' id='word_1_315' title='bbox 1052 3577 1130 3651; x_wconf 91' lang='lat' dir='ltr'><strong>quod</strong></span> <span class='ocrx_word' id='word_1_316' title='bbox 1152 3587 1222 3651; x_wconf 87' lang='lat' dir='ltr'><strong>agat</strong></span> <span class='ocrx_word' id='word_1_317' title='bbox 1245 3579 1359 3636; x_wconf 83' lang='lat' dir='ltr'><strong>institu-</strong></span> 
     </span>
     <span class='ocr_line' id='line_1_34' title="bbox 212 3671 1359 3751; baseline 0 -16"><span class='ocrx_word' id='word_1_318' title='bbox 212 3681 311 3735; x_wconf 89' lang='lat' dir='ltr'><strong>tumst.</strong></span> <span class='ocrx_word' id='word_1_319' title='bbox 356 3672 459 3738; x_wconf 90' lang='lat' dir='ltr'><strong>Plaut.</strong></span> <span class='ocrx_word' id='word_1_320' title='bbox 482 3672 554 3738; x_wconf 93' lang='lat' dir='ltr'><strong>Aul.</strong></span> <span class='ocrx_word' id='word_1_321' title='bbox 578 3693 605 3737; x_wconf 92' lang='lat' dir='ltr'><strong>v.</strong></span> <span class='ocrx_word' id='word_1_322' title='bbox 629 3681 650 3739; x_wconf 92' lang='lat'>4</span> <span class='ocrx_word' id='word_1_323' title='bbox 672 3681 706 3740; x_wconf 86' lang='lat' dir='ltr'><strong>et</strong></span> <span class='ocrx_word' id='word_1_324' title='bbox 727 3681 761 3739; x_wconf 83' lang='lat'><strong>5:</strong></span> <span class='ocrx_word' id='word_1_325' title='bbox 793 3680 825 3734; x_wconf 87' lang='lat' dir='ltr'><strong>et</strong></span> <span class='ocrx_word' id='word_1_326' title='bbox 847 3677 930 3734; x_wconf 87' lang='lat' dir='ltr'><strong>color</strong></span> <span class='ocrx_word' id='word_1_327' title='bbox 957 3672 1016 3751; x_wconf 87' lang='lat' dir='ltr'><strong>(sic</strong></span> <span class='ocrx_word' id='word_1_328' title='bbox 1044 3673 1180 3736; x_wconf 89' lang='lat' dir='ltr'><strong>coniecit</strong></span> <span class='ocrx_word' id='word_1_329' title='bbox 1201 3671 1359 3737; x_wconf 79' lang='lat' dir='ltr'><strong>Acidaliut</strong></span> 
     </span>
     <span class='ocr_line' id='line_1_35' title="bbox 213 3769 1359 3850; baseline -0.005 -14"><span class='ocrx_word' id='word_1_330' title='bbox 213 3788 349 3850; x_wconf 91' lang='lat' dir='ltr'><strong>eumque</strong></span> <span class='ocrx_word' id='word_1_331' title='bbox 379 3778 508 3836; x_wconf 88' lang='lat' dir='ltr'><strong>secutus</strong></span> <span class='ocrx_word' id='word_1_332' title='bbox 536 3777 587 3836; x_wconf 90' lang='lat' dir='ltr'><strong>est</strong></span> <span class='ocrx_word' id='word_1_333' title='bbox 615 3771 800 3849; x_wconf 83' lang='lat' dir='ltr'><strong>Goellerus3</strong></span> <span class='ocrx_word' id='word_1_334' title='bbox 824 3771 913 3835; x_wconf 90' lang='lat' dir='ltr'><strong>codd.</strong></span> <span class='ocrx_word' id='word_1_335' title='bbox 937 3769 1009 3833; x_wconf 89' lang='lat' dir='ltr'><strong>Par.</strong></span> <span class='ocrx_word' id='word_1_336' title='bbox 1032 3772 1106 3846; x_wconf 77' lang='lat' dir='ltr'><strong>coto)</strong></span> <span class='ocrx_word' id='word_1_337' title='bbox 1128 3772 1273 3847; x_wconf 80' lang='lat' dir='ltr'><strong>Patrique</strong></span> <span class='ocrx_word' id='word_1_338' title='bbox 1297 3787 1359 3830; x_wconf 86' lang='lat' dir='ltr'><strong>aco·</strong></span> 
     </span>
     <span class='ocr_line' id='line_1_36' title="bbox 213 3868 1359 3950; baseline -0.003 -20"><span class='ocrx_word' id='word_1_339' title='bbox 213 3887 269 3946; x_wconf 88' lang='lat' dir='ltr'><strong>que</strong></span> <span class='ocrx_word' id='word_1_340' title='bbox 292 3872 350 3931; x_wconf 71' lang='lat' dir='ltr'><strong>mm</strong></span> <span class='ocrx_word' id='word_1_341' title='bbox 373 3872 467 3931; x_wconf 88' lang='lat' dir='ltr'><strong>huius.</strong></span> <span class='ocrx_word' id='word_1_342' title='bbox 511 3868 603 3948; x_wconf 90' lang='lat' dir='ltr'><strong>Epid.</strong></span> <span class='ocrx_word' id='word_1_343' title='bbox 630 3869 673 3947; x_wconf 92' lang='grc' dir='ltr'>ΙΙ,</span> <span class='ocrx_word' id='word_1_344' title='bbox 701 3875 731 3950; x_wconf 90' lang='grc'>2,</span> <span class='ocrx_word' id='word_1_345' title='bbox 758 3875 813 3934; x_wconf 91' lang='lat'><strong>44:</strong></span> <span class='ocrx_word' id='word_1_346' title='bbox 860 3871 941 3943; x_wconf 90' lang='lat' dir='ltr'><strong>Illis,</strong></span> <span class='ocrx_word' id='word_1_347' title='bbox 976 3871 1082 3944; x_wconf 90' lang='lat' dir='ltr'><strong>quibus</strong></span> <span class='ocrx_word' id='word_1_348' title='bbox 1113 3871 1242 3930; x_wconf 91' lang='lat' dir='ltr'><strong>tributus</strong></span> <span class='ocrx_word' id='word_1_349' title='bbox 1272 3870 1359 3930; x_wconf 84' lang='lat' dir='ltr'><strong>maior</strong></span> 
     </span>
     <span class='ocr_line' id='line_1_37' title="bbox 214 3967 1359 4046; baseline -0.002 -18"><span class='ocrx_word' id='word_1_350' title='bbox 214 3969 365 4046; x_wconf 89' lang='lat' dir='ltr'><strong>penditur,</strong></span> <span class='ocrx_word' id='word_1_351' title='bbox 386 3969 478 4044; x_wconf 92' lang='lat' dir='ltr'><strong>pendi</strong></span> <span class='ocrx_word' id='word_1_352' title='bbox 500 3978 609 4044; x_wconf 88' lang='lat' dir='ltr'><strong>potest.</strong></span> <span class='ocrx_word' id='word_1_353' title='bbox 653 3967 712 4046; x_wconf 90' lang='grc' dir='ltr'>ΙΙΙ,</span> <span class='ocrx_word' id='word_1_354' title='bbox 736 3975 766 4046; x_wconf 92' lang='grc'>4,</span> <span class='ocrx_word' id='word_1_355' title='bbox 791 3972 852 4032; x_wconf 83' lang='lat'><strong>31:</strong></span> <span class='ocrx_word' id='word_1_356' title='bbox 874 3970 1000 4044; x_wconf 82' lang='lat' dir='ltr'><strong>Argenti</strong></span> <span class='ocrx_word' id='word_1_357' title='bbox 1023 3970 1237 4043; x_wconf 85' lang='lat' dir='ltr'><strong>quinquaginta</strong></span> <span class='ocrx_word' id='word_1_358' title='bbox 1252 3971 1293 4027; x_wconf 92' lang='lat' dir='ltr'><strong>mi</strong></span> <span class='ocrx_word' id='word_1_359' title='bbox 1315 3969 1359 4027; x_wconf 81' lang='lat' dir='ltr'><strong>illc</strong></span> 
     </span>
     <span class='ocr_line' id='line_1_38' title="bbox 212 4063 1359 4142; baseline -0.003 -14"><span class='ocrx_word' id='word_1_360' title='bbox 212 4073 342 4141; x_wconf 86' lang='lat' dir='ltr'><strong>emptast</strong></span> <span class='ocrx_word' id='word_1_361' title='bbox 362 4068 457 4127; x_wconf 88' lang='lat' dir='ltr'><strong>minis.</strong></span> <span class='ocrx_word' id='word_1_362' title='bbox 496 4083 524 4130; x_wconf 88' lang='lat' dir='ltr'><strong>v.</strong></span> <span class='ocrx_word' id='word_1_363' title='bbox 549 4071 604 4131; x_wconf 87' lang='lat'><strong>35:</strong></span> <span class='ocrx_word' id='word_1_364' title='bbox 641 4069 737 4130; x_wconf 85' lang='lat' dir='ltr'><strong>Estne</strong></span> <span class='ocrx_word' id='word_1_365' title='bbox 763 4073 865 4141; x_wconf 88' lang='lat' dir='ltr'><strong>empta</strong></span> <span class='ocrx_word' id='word_1_366' title='bbox 886 4068 961 4127; x_wconf 87' lang='lat' dir='ltr'><strong>baec</strong></span> <span class='ocrx_word' id='word_1_367' title='bbox 988 4067 1052 4126; x_wconf 79' lang='lat' dir='ltr'><strong>mi?</strong></span> <span class='ocrx_word' id='word_1_368' title='bbox 1086 4063 1146 4141; x_wconf 90' lang='grc' dir='ltr'>ΠΙ,</span> <span class='ocrx_word' id='word_1_369' title='bbox 1169 4070 1200 4142; x_wconf 91' lang='grc'>4,</span> <span class='ocrx_word' id='word_1_370' title='bbox 1223 4068 1280 4129; x_wconf 89' lang='lat'><strong>83:</strong></span> <span class='ocrx_word' id='word_1_371' title='bbox 1318 4067 1359 4126; x_wconf 82' lang='lat' dir='ltr'><strong>blc</strong></span> 
     </span>
     <span class='ocr_line' id='line_1_39' title="bbox 211 4160 1359 4242; baseline -0.002 -17"><span class='ocrx_word' id='word_1_372' title='bbox 211 4166 333 4240; x_wconf 90' lang='lat' dir='ltr'><strong>impune</strong></span> <span class='ocrx_word' id='word_1_373' title='bbox 354 4165 455 4238; x_wconf 87' lang='lat' dir='ltr'><strong>irrisu,</strong></span> <span class='ocrx_word' id='word_1_374' title='bbox 478 4167 657 4241; x_wconf 84' lang='lat' dir='ltr'><strong>depeculata</strong></span> <span class='ocrx_word' id='word_1_375' title='bbox 679 4169 753 4227; x_wconf 83' lang='lat' dir='ltr'><strong>meis</strong></span> <span class='ocrx_word' id='word_1_376' title='bbox 775 4167 852 4226; x_wconf 89' lang='lat' dir='ltr'><strong>Esse</strong></span> <span class='ocrx_word' id='word_1_377' title='bbox 875 4166 1018 4225; x_wconf 90' lang='lat' dir='ltr'><strong>habitum.</strong></span> <span class='ocrx_word' id='word_1_378' title='bbox 1043 4160 1149 4242; x_wconf 87' lang='lat' dir='ltr'><strong>(Vulg.</strong></span> <span class='ocrx_word' id='word_1_379' title='bbox 1173 4166 1224 4224; x_wconf 83' lang='lat' dir='ltr'><strong>hle</strong></span> <span class='ocrx_word' id='word_1_380' title='bbox 1246 4167 1359 4239; x_wconf 79' lang='lat' dir='ltr'><strong>impunc</strong></span> 
     </span>
     <span class='ocr_line' id='line_1_40' title="bbox 214 4258 1360 4338; baseline 0 -15"><span class='ocrx_word' id='word_1_381' title='bbox 214 4264 333 4323; x_wconf 84' lang='lat' dir='ltr'><strong>irrisum</strong></span> <span class='ocrx_word' id='word_1_382' title='bbox 360 4279 426 4323; x_wconf 86' lang='lat' dir='ltr'><strong>esse</strong></span> <span class='ocrx_word' id='word_1_383' title='bbox 457 4264 589 4324; x_wconf 88' lang='lat' dir='ltr'><strong>habitum</strong></span> <span class='ocrx_word' id='word_1_384' title='bbox 617 4266 824 4338; x_wconf 87' lang='lat' dir='ltr'><strong>depeculatum</strong></span> <span class='ocrx_word' id='word_1_385' title='bbox 848 4265 900 4325; x_wconf 94' lang='lat' dir='ltr'><strong>eis.</strong></span> <span class='ocrx_word' id='word_1_386' title='bbox 945 4259 1091 4325; x_wconf 82' lang='lat' dir='ltr'><strong>Correxit</strong></span> <span class='ocrx_word' id='word_1_387' title='bbox 1117 4258 1290 4324; x_wconf 81' lang='lat' dir='ltr'><strong>Fontanus.</strong></span> <span class='ocrx_word' id='word_1_388' title='bbox 1314 4258 1360 4323; x_wconf 87' lang='lat' dir='ltr'><strong>Li·</strong></span> 
     </span>
     <span class='ocr_line' id='line_1_41' title="bbox 213 4358 1360 4440; baseline -0.003 -18"><span class='ocrx_word' id='word_1_389' title='bbox 213 4358 316 4438; x_wconf 88' lang='lat' dir='ltr'><strong>psius:</strong></span> <span class='ocrx_word' id='word_1_390' title='bbox 339 4360 400 4435; x_wconf 91' lang='lat' dir='ltr'><strong>„ab</strong></span> <span class='ocrx_word' id='word_1_391' title='bbox 423 4359 722 4440; x_wconf 72' lang='lat' dir='ltr'><strong>eis,oauq1auic.“)</strong></span> <span class='ocrx_word' id='word_1_392' title='bbox 745 4358 860 4438; x_wconf 87' lang='lat' dir='ltr'><strong>„Most</strong></span> <span class='ocrx_word' id='word_1_393' title='bbox 878 4358 904 4436; x_wconf 88' lang='lat'><strong>1,</strong></span> <span class='ocrx_word' id='word_1_394' title='bbox 930 4363 959 4438; x_wconf 88' lang='grc'>3,</span> <span class='ocrx_word' id='word_1_395' title='bbox 983 4364 1038 4423; x_wconf 84' lang='grc'><strong>67;</strong></span> <span class='ocrx_word' id='word_1_396' title='bbox 1055 4362 1087 4421; x_wconf 84' lang='lat' dir='ltr'><strong>si</strong></span> <span class='ocrx_word' id='word_1_397' title='bbox 1110 4361 1165 4420; x_wconf 86' lang='lat' dir='ltr'><strong>ubi</strong></span> <span class='ocrx_word' id='word_1_398' title='bbox 1188 4368 1237 4421; x_wconf 87' lang='lat' dir='ltr'><strong>sut</strong></span> <span class='ocrx_word' id='word_1_399' title='bbox 1259 4377 1360 4436; x_wconf 81' lang='lat' dir='ltr'><strong>accep</strong></span> 
     </span>
    </p>
   </div>
   <div class='ocr_carea' id='block_1_3' title="bbox 0 0 1572 5075">
    <p class='ocr_par' dir='ltr' id='par_1_7' title="bbox 0 0 1572 5075">
     <span class='ocr_line' id='line_1_42' title="bbox 0 0 1572 5075; baseline 0 0"><span class='ocrx_word' id='word_1_400' title='bbox 0 0 1572 5075; x_wconf 95' lang='lat' dir='ltr'><strong> </strong></span> 
     </span>
    </p>
   </div>
  </div>
 </body>
</html>
