3125 5075
274 371 338 434 204
677 359 867 402 eoincnevuu.
894 359 959 401 ose.
973 357 1030 399 m.

279 552 305 633 Ι,
331 558 357 623 1,
383 556 415 617 3:
439 553 604 631 Egredere,
628 552 711 614 erilis
732 550 900 626 pernicies.
945 546 1181 629 Nonnunquam
1204 545 1248 611 sd
1271 545 1369 611 talem
1388 563 1430 612 oo

276 649 473 731 puletionem
496 647 621 713 accedit
643 646 803 729 genitivus
824 644 876 709 vel
899 662 1074 726 pronomen
1087 642 1332 726 possessivum,
1362 660 1431 724 quse

275 748 315 814 ed
343 752 444 813 totum
473 746 650 826 notionem,
685 762 767 826 quse
790 743 993 824 copulatione
1015 740 1170 824 efficitur,
1194 739 1432 824 pertinento
1471 771 1474 780 ·

274 845 337 912 vol.
361 844 391 921 I,
422 862 452 924 p.
478 848 549 910 359.
594 841 646 909 Sic
674 843 777 908 Pleut
806 840 874 907 Mil.
898 840 949 921 II,
976 847 1009 922 1,
1033 846 1082 907 57.
1107 839 1236 906 Terent
1263 836 1434 908 Phornl.

276 948 306 1023 2,
331 947 385 1007 78:
413 944 576 1004 Paternum
598 944 726 1005 amicum
747 961 795 1005 ms
822 943 1007 1006 adsimulabo
1029 940 1173 1016 cirpirsim
1195 936 1228 1004 h.
1254 956 1286 1004 e.
1311 937 1436 1004 amem

275 1041 378 1123 petris
400 1039 541 1121 virginis.
564 1039 669 1105 Pluut.
686 1038 752 1104 Mil.
774 1037 818 1113 ΙΙ,
842 1046 872 1119 5,
894 1043 953 1104 48:
975 1042 1088 1102 Nostro
1109 1039 1194 1099 erilis
1218 1040 1437 1100 concubins=

277 1138 453 1204 concubine
475 1136 576 1202 nostri
598 1138 654 1202 eri.
683 1136 756 1201 Ter.
779 1137 861 1202 Eun.
879 1136 916 1216 V,
932 1144 969 1216 4,
985 1141 1044 1202 40:
1068 1136 1165 1198 unico
1189 1137 1291 1210 vobis,
1314 1141 1439 1198 mm

277 1255 344 1299 esse
374 1239 458 1298 ilium
487 1238 587 1297 entem
613 1238 719 1309 fitium.
764 1234 893 1300 Phorm.
920 1234 952 1314 I,
985 1241 1019 1313 l,
1050 1239 1083 1298 5:
1119 1235 1224 1297 erilem
1253 1235 1359 1308 filium
1386 1234 1439 1298 eius

278 1337 398 1397 duxisse
422 1337 511 1398 audio
534 1337 678 1410 Uxorem,
701 1362 744 1383 =
766 1329 867 1397 filium
890 1332 937 1397 eri
959 1332 1039 1412 eius,
1062 1330 1117 1396 ubi
1138 1340 1229 1396 recte
1255 1330 1342 1397 dicit
1361 1329 1438 1396 Peri·

278 1432 390 1496 eonius
418 1430 459 1495 ed
483 1431 589 1497 Senot.
619 1449 649 1512 p.
675 1436 735 1496 257
765 1431 940 1512 genitivum
969 1430 1037 1512 regi
1067 1427 1160 1522 simui
1190 1443 1212 1491 e
1242 1426 1439 1495 substantivo

277 1534 312 1595 et
326 1528 484 1594 ediectivo
507 1529 692 1609 coniunctis,
715 1547 778 1594 non
800 1527 901 1609 igitur
916 1547 936 1594 s
951 1527 1020 1594 solo
1043 1530 1149 1606 tilium,
1172 1525 1231 1591 scd
1249 1525 1296 1592 ab
1312 1531 1440 1608 utroque

279 1630 381 1690 erilem
403 1630 507 1701 filium.

364 1723 402 1790 In
427 1727 610 1789 universum
633 1724 789 1789 adiectivo
805 1741 877 1789 cum
893 1723 1092 1789 substantivo
1115 1721 1147 1787 iu
1163 1740 1265 1787 unam
1285 1722 1436 1787 notionem

280 1824 449 1890 coniuncto
471 1823 610 1888 alterum
633 1821 824 1887 adiecdvum
847 1823 921 1887 eddi
944 1826 1061 1903 potest,
1084 1838 1147 1903 quo
1170 1818 1228 1884 ille
1252 1821 1346 1885 notio
1369 1816 1435 1884 ded·

278 1921 387 1985 nietur
400 1921 590 1986 accuratius.
637 1920 688 1987 Sic
703 1918 806 1986 Plaut
829 1920 944 1986 Bacch.
957 1918 1012 1996 Ν,
1030 1926 1059 1998 5,
1079 1925 1111 1983 1:
1134 1921 1292 1981 Insanus»
1307 1937 1437 1998 mmm

279 2020 386 2081 molior
407 2022 568 2097 nepotem,
598 2038 627 2084 v.
659 2018 794 2085 Ceseub.
818 2018 946 2085 Terent
976 2017 1073 2081 Andr.
1103 2015 1183 2098 prol.
1207 2036 1236 2079 v.
1265 2020 1369 2097 6sq.:
1395 2020 1438 2094 qui

282 2117 416 2177 malivoli
440 2120 553 2179 Veteris
572 2124 674 2193 poetae
697 2120 865 2181 maledictis
888 2119 1079 2195 respondeat,
1102 2113 1141 2180 cf.
1165 2115 1287 2179 Heaut.
1313 2113 1393 2196 proi
1413 2132 1436 2176 e.

281 2217 335 2277 22:
359 2216 518 2276 malivolus
543 2222 625 2279 oeteo
648 2222 738 2292 poen
765 2219 892 2278 dictitet.
928 2215 1008 2279 Eun.
1032 2212 1096 2292 ΙΙΙ,
1128 2218 1162 2284 1,
1191 2217 1295 2294 9sq.:
1330 2215 1437 2276 Leton

280 2313 378 2373 otioso
405 2330 513 2388 mopso
542 2323 657 2389 perium
696 2318 821 2390 gloriam
853 2316 959 2377 Verbis
994 2332 1085 2389 saepe
1118 2315 1148 2373 in
1179 2331 1213 2374 se
1251 2320 1435 2375 transmovet

279 2408 397 2475 Heaut·
420 2410 463 2490 ΙΙ,
487 2415 516 2485 3,
532 2415 591 2475 48;
613 2415 704 2474 Nullo
718 2414 800 2473 molo
813 2430 847 2472 re
866 2430 933 2475 esse
956 2414 1117 2488 expolitum
1133 2410 1285 2471 muliebri.
1319 2407 1435 2476 Phoron

189 2550 193 2557 -
279 2506 334 2586 IV,
357 2512 388 2586 4,
412 2513 465 2574 25:
498 2513 580 2573 Intro
608 2513 644 2573 iit
667 2513 695 2572 in
724 2511 809 2572 aedis
833 2515 898 2572 oter
928 2511 1043 2571 alienes
1065 2510 1157 2571 conis.
1205 2505 1345 2589 Aueipn
1368 2505 1392 2584 I,
1415 2511 1437 2577 1,

283 2612 336 2671 17:
360 2611 425 2686 Ego
442 2612 517 2670 lianc
540 2612 707 2671 clementem
728 2612 822 2670 citam
845 2612 993 2669 erbonem
1010 2617 1098 2684 atque
1115 2610 1207 2667 otium
1225 2608 1360 2669 Secutus
1373 2624 1436 2669 sun.

279 2704 356 2786 Leg.
381 2704 444 2770 XII
467 2706 554 2770 tubb.
578 2712 686 2771 autem
709 2706 765 2785 VI,
791 2713 824 2773 7:
854 2711 982 2782 Teanum
1008 2708 1144 2766 iunctum
1173 2706 1305 2767 nedibus
1327 2708 1436 2767 vincte·

280 2822 348 2882 qne,
372 2811 403 2865 et
425 2810 573 2879 concapet,
595 2824 634 2867 ne
658 2810 774 2882 solvito,
798 2809 835 2870 ut
857 2811 944 2870 recte
966 2804 1061 2868 ‹iocet
1074 2801 1245 2880 Funccius,
1273 2807 1437 2882 utrumque

279 2898 472 2964 ediectivum
495 2905 630 2964 iunctum
660 2909 694 2968 st
721 2909 858 2978 coscopet
887 2901 1071 2983 singillatim
1101 2900 1142 2964 ad
1170 2905 1351 2981 utrumque
1372 2897 1438 2965 sni

281 2997 455 3064 stantivum
479 3002 601 3063 aedium
624 3005 657 3064 et
678 3005 782 3063 vineoe
803 2999 1007 3066 referendum
1030 3004 1088 3065 est.

366 3102 395 3164 3.
425 3097 454 3162 b.
507 3100 608 3161 Genus
646 3100 792 3162 adiecovi.
848 3098 885 3162 In
917 3098 1044 3163 nomine
1085 3095 1239 3177 epicoeno
1277 3093 1435 3162 masculini

280 3196 406 3278 generis
429 3196 469 3261 de
491 3195 608 3262 femine
629 3214 732 3277 genus
753 3197 938 3261 femininum
961 3196 1102 3278 positum
1129 3211 1202 3259 esse
1234 3192 1374 3261 offendit
1393 3211 1436 3274 ep.

281 3293 386 3361 Piaut.
416 3293 513 3360 Stich.
538 3294 709 3375 1,3,14:
745 3299 851 3358 Solere
879 3292 1065 3371 elephantum
1093 3294 1254 3369 precidem
1282 3302 1438 3371 perpetuos

280 3394 385 3456 decem
417 3397 496 3458 Esse
527 3414 620 3457 annos
653 3393 696 3474 (e.
720 3392 824 3458 Rudd.
848 3392 881 3466 1,
908 3411 939 3474 p.
964 3399 997 3468 7,
1024 3392 1132 3457 odunt.
1161 3396 1224 3463 25).
1253 3390 1438 3457 'Adiectiss

280 3491 443 3572 partitive,
466 3492 494 3557 si
522 3491 608 3558 aliud
635 3490 870 3557 substantivum
893 3490 1034 3572 secedit,
1065 3506 1136 3555 cnm
1164 3507 1202 3554 eo
1226 3506 1352 3570 genere
1373 3505 1438 3556 con-

279 3589 427 3670 veniunt,
451 3608 513 3656 uon
536 3608 607 3655 cum
630 3608 669 3656 eo
692 3589 847 3671 genitivo,
877 3588 932 3670 qui
955 3606 975 3653 e
996 3587 1147 3670 partitive
1171 3587 1305 3668 pendet
1329 3584 1438 3665 (Rudd

278 3686 321 3767 ΙΙ,
345 3705 375 3770 p.
402 3691 466 3760 82).
511 3688 563 3756 sic
590 3688 716 3755 Terent.
747 3687 828 3752 Eun.
852 3686 901 3767 Π,
930 3692 967 3767 2,
995 3692 1047 3751 li:
1080 3688 1137 3749 Est
1163 3704 1258 3765 genus
1294 3688 1438 3750 hominu

279 3791 329 3864 qui
351 3805 418 3850 csse
437 3789 553 3863 primos
575 3806 608 3851 sc
630 3792 759 3852 omnium
781 3805 881 3850 rernm
905 3792 1021 3862 solunt,
1044 3788 1108 3848 Nec
1130 3792 1209 3847 sunt.
1257 3783 1293 3850 Si
1317 3790 1352 3850 ei
1371 3782 1439 3849 sul>

277 3882 396 3951 iectum
424 3890 461 3951 et
489 3884 709 3966 praedicatum
740 3891 816 3949 sunt
842 3883 1060 3962 substantiva,
1089 3881 1297 3964 perticipium
1327 3897 1438 3964 genere

278 3983 452 4051 concordat
474 3981 542 4049 iere
564 4001 636 4049 cnm
652 4002 690 4050 eo
707 3983 917 4063 substantivo,
941 3983 993 4049 eni
1013 3980 1157 4063 proxime
1172 3985 1225 4044 cst
1247 3981 1436 4063 appositum,

278 4082 325 4148 sic
347 4098 418 4148 enm
434 4080 620 4164 praedicato
637 4081 763 4147 Phorm.
779 4081 805 4162 1,
823 4086 852 4158 2,
868 4088 925 4147 44:
951 4086 1115 4159 Paupertes
1138 4081 1211 4140 nihi
1226 4096 1305 4142 ones
1319 4082 1437 4142 Μ

279 4189 312 4243 et
333 4185 475 4246 miserem
499 4190 529 4244 et
552 4198 651 4259 greve.
683 4179 786 4260 Saepe
801 4178 999 4246 constructio
1022 4178 1063 4244 nd
1078 4194 1207 4244 sensum
1223 4176 1332 4242 locum
1348 4176 1436 4241 hebd

280 4276 332 4359 (ct
355 4274 423 4359 φίλε
447 4280 552 4344 τέκνον
580 4283 613 4345 et
643 4278 768 4361 relique
793 4286 875 4359 quoe
897 4296 915 4343 e
938 4277 1072 4343 Graecis
1100 4273 1195 4341 affert
1218 4275 1338 4341 Bemh.
1361 4278 1435 4358 synt.

279 4393 310 4458 p.
342 4379 406 4445 428
428 4385 496 4460 eqo.
545 4377 608 4446 Sic·
630 4378 669 4446 de
697 4376 806 4443 tebuie
833 4376 914 4443 Eun.
942 4374 1022 4458 prol.
1054 4392 1081 4438 v.
1106 4374 1164 4441 30:
1195 4378 1290 4437 Colax
1319 4378 1434 4437 ueren-
