3125 5075
541 528 632 569 storto
646 527 915 572 sussrsrrrvoemr.
1288 543 1307 600 9

152 704 297 785 scriptore
319 702 447 768 dietum
470 705 531 767 est
573 700 605 766 C.
623 707 660 767 8:
684 706 745 766 Sub
768 707 841 766 urbe
864 706 982 766 aarum
1004 722 1088 764 omae
1107 722 1209 779 genus,
1230 724 1310 766 eoro-

152 807 281 864 tamto
295 819 384 863 omae
397 818 501 875 pm,
523 802 629 864 bulbos
642 805 809 879 megarieos
824 832 866 844 —
882 793 958 864 usis
979 802 1073 864 meite
1096 804 1139 862 nti
1159 810 1310 866 serantur.

152 898 332 980 Eodemque
350 896 447 962 modo
469 914 499 959 v.
521 915 615 975 genus
636 916 707 963 curn
730 898 859 963 notione
884 897 1038 979 singulari
1060 896 1092 957 ἐκ
1112 893 1315 978 urgellitani·

150 997 282 1078 posimm
306 1001 361 1061 est
387 994 422 1059 in
443 993 495 1059 his
514 995 678 1075 exemplis:
717 994 750 1060 C.
772 1000 828 1061 42:
862 998 947 1074 Quod
966 1015 1059 1071 genas
1078 1003 1129 1057 snt
1148 997 1237 1069 fiasm
1257 1003 1311 1058 snt

152 1100 235 1159 tksas
250 1115 324 1160 esse
340 1098 433 1169 voles,
455 1094 527 1154 inde
542 1097 649 1156 librum
665 1099 785 1172 scalpro
802 1097 933 1171 eximito,
956 1092 1012 1159 ubi
1026 1111 1103 1159 cave
1118 1097 1213 1174 putes
1229 1094 1310 1186 qnod
1428 1160 1432 1165 ,

150 1214 233 1271 nnus
255 1212 322 1276 pro
347 1196 431 1255 euius
452 1194 571 1268 generis
594 1190 713 1257 uictum
736 1212 815 1260 esse.
860 1192 895 1259 C.
917 1199 974 1259 40:
1001 1204 1109 1270 postea
1132 1194 1232 1267 capito
1255 1181 1310 1252 ιβ

148 1295 308 1362 arcuum,
330 1293 411 1367 quod
421 1310 515 1367 gano
529 1296 663 1355 inserere
680 1298 770 1356 voles.
817 1289 851 1357 C.
874 1296 932 1356 41:
955 1294 1088 1354 Terebra
1109 1293 1199 1351 vitem
1222 1306 1309 1364 quem

147 1390 275 1466 inseres,
306 1394 497 1467 pertundito,
528 1409 564 1455 ao
586 1394 658 1454 daos
678 1394 813 1455 stratus
833 1390 1002 1465 napaeos,
1029 1389 1108 1464 qaod
1127 1407 1220 1463 penus
1242 1406 1309 1451 esse

85 1541 87 1556 ,
145 1491 242 1563 soles,
276 1491 403 1549 insertos
425 1491 557 1565 obliquos
578 1492 669 1551 artito
691 1491 730 1551 ad
750 1490 922 1551 medullam.
968 1484 1001 1550 (l.
1025 1490 1082 1550 42:
1121 1490 1249 1552 alterum
1272 1487 1308 1546 li·

143 1584 227 1647 brum
253 1604 325 1647 curn
340 1605 456 1662 gemma
471 1588 508 1649 de
524 1604 557 1647 eo
576 1589 640 1660 fies,
662 1588 741 1661 quod
753 1605 847 1661 penus
869 1605 935 1649 esse
953 1590 1044 1660 voles,
1067 1587 1188 1646 eximito
1210 1577 1309 1663 (quod

137 1698 201 1747 non
226 1681 356 1748 dietum
378 1686 429 1747 est
449 1700 522 1764 pro:
560 1686 638 1761 quod
667 1704 761 1761 genus
792 1688 873 1760 eius,
905 1682 961 1747 sed
991 1686 1128 1762 utraque
1155 1681 1243 1745 notio
1270 1699 1309 1746 ex

136 1796 248 1861 aequo
271 1780 383 1859 posita
405 1784 476 1855 est).
521 1778 555 1844 O.
582 1785 634 1844 li:
672 1800 786 1843 sunna
808 1784 942 1845 hommes
965 1785 1050 1856 xvi,
1073 1797 1131 1861 pro
1154 1796 1217 1857 quo
1239 1796 1308 1859 cap.

137 1882 179 1943 10
203 1878 334 1942 dietum
357 1883 421 1942 est:
459 1897 573 1940 summa
600 1880 750 1939 bominum
778 1881 863 1940 XIII.
909 1878 1108 1957 Quamquam
1140 1876 1219 1941 haee
1247 1893 1309 1940 non

133 1982 189 2040 est
211 1974 354 2056 proprie
377 1974 546 2055 appositio,
570 1992 642 2039 cum
664 1976 796 2039 verbum
812 1976 1046 2040 substantivum
1069 1994 1135 2038 esse
1157 1973 1309 2038 omissum

131 2072 355 2154 rogitandum
378 2072 435 2151 sit,
468 2078 575 2136 tamen
598 2078 771 2153 propterea
792 2072 852 2137 hoc
874 2074 1052 2155 exemplum
1074 2072 1105 2136 h.
1130 2071 1149 2135 l.
1173 2088 1309 2136 comme·

130 2172 354 2248 mutavimus,
378 2168 464 2249 quod
485 2169 632 2234 notiones
653 2168 808 2249 diversae,
831 2170 990 2251 generalis
1010 2190 1124 2234 sunna
1145 2175 1179 2233 et
1201 2168 1311 2248 singu-

130 2265 217 2333 laris
247 2272 391 2330 homines
419 2267 502 2331 inter
530 2284 566 2331 se
601 2268 788 2333 coniunctae
815 2274 849 2332 et
877 2287 915 2333 ex
942 2286 1045 2348 aequo
1073 2268 1197 2349 positae
1224 2270 1309 2331 sunt.

135 2363 270 2430 Ennius
294 2363 402 2430 annal.
425 2364 464 2429 fr.
487 2364 546 2428 inc.
569 2370 625 2443 42,
649 2384 678 2431 v.
702 2370 781 2431 493:
822 2367 1004 2441 Septingenti
1031 2375 1101 2428 sunt
1126 2368 1216 2442 paulo
1237 2366 1310 2437 plats

135 2474 195 2524 ant
224 2466 329 2524 missus
360 2465 443 2528 anni.
486 2462 548 2526 Hic
576 2464 735 2544 oppositio
765 2468 834 2540 plus
865 2474 916 2524 ant
948 2468 1043 2525 minus
1079 2461 1310 2526 correctionem

135 2560 239 2637 quasi
261 2557 366 2625 efficit
381 2562 450 2626 eius
465 2561 549 2641 quod
565 2561 699 2640 dixerat,
723 2565 906 2639 septingenti
922 2566 1001 2637 anni,
1026 2565 1059 2624 et
1075 2564 1182 2625 tamen
1197 2558 1310 2623 ambae

135 2660 299 2722 notiones
322 2677 362 2722 ex
384 2676 486 2738 aequo
508 2659 633 2738 positae
655 2664 739 2735 sunt,
763 2660 853 2739 quasi
877 2660 961 2722 idem
985 2654 1208 2739 significarent.
1255 2652 1314 2717 Ca·

137 2757 232 2820 tonis
262 2755 336 2820 loeo
364 2774 461 2835 supra
482 2756 580 2820 allato
610 2756 657 2832 [R.
682 2756 720 2819 R.
751 2775 777 2820 e.
806 2758 839 2831 8)
868 2756 980 2820 similis
1008 2760 1057 2819 est
1084 2754 1191 2818 Plauti
1219 2753 1314 2816 Most.

137 2846 171 2927 I,
198 2859 227 2932 1,
255 2856 313 2915 18:
348 2855 398 2916 Cis
420 2887 463 2898 -
483 2873 596 2929 paucas
624 2863 883 2931 tempestates-
907 2856 1036 2929 augebis
1065 2857 1127 2915 ruri
1149 2869 1313 2918 sanarum,

136 2966 240 3018 yetus
263 2952 409 3026 smerde,
432 2951 473 3015 ad
495 2969 524 3030 q.
547 2949 567 3014 l.
591 2950 738 3016 Taubm.:
776 2970 890 3027 „genus
912 2952 1047 3013 ferratus
1071 2954 1121 3013 est
1144 2947 1313 3029 explicatio

143 3036 338 3127 indicatque
369 3049 417 3112 cui
440 3047 600 3112 hominurn
623 3066 755 3114 numero
778 3049 819 3111 sit
842 3066 1030 3112 accessurus
1053 3047 1197 3111 Traui0.“
1242 3044 1314 3109 Cas.

143 3138 192 3221 II,
216 3149 248 3222 8,
276 3149 335 3207 ll:
369 3151 519 3222 mastigia,
544 3149 727 3208 stimulorum
758 3150 859 3208 loculi.
905 3143 996 3224 Capi.
1019 3144 1068 3222 ΙΙ,
1095 3150 1121 3223 l,
1145 3148 1198 3208 36:
1237 3147 1313 3204 Nam

142 3257 299 3304 marasan
314 3261 392 3316 pars
414 3243 477 3304 iere
500 3262 612 3305 morem
634 3247 711 3305 bunc
734 3246 866 3304 homines
888 3245 1008 3304 habent.

237 3343 266 3403 6.
306 3338 578 3415 Quemadmodum
608 3345 714 3405 autem
745 3341 893 3405 notiones
916 3339 1084 3419 generales
1108 3334 1313 3418 significatio·

143 3437 247 3502 nibus
270 3436 487 3516 singularibus
507 3439 656 3517 usurpari
678 3455 718 3501 ex
739 3437 790 3516 iis,
812 3455 895 3516 quae
917 3435 1020 3500 adhue
1043 3436 1207 3515 disputata
1229 3438 1314 3513 sunt,

142 3537 300 3614 apparet,
324 3533 370 3598 sic
391 3537 559 3610 angulares
579 3535 724 3598 notiones
747 3535 779 3597 in
802 3532 1049 3614 significationes
1071 3551 1105 3596 se
1126 3539 1314 3597 convertere

143 3636 306 3708 possunt,
334 3647 417 3711 quae
436 3630 536 3697 latius
559 3636 683 3712 patent,
713 3631 798 3711 quod
821 3637 878 3695 aut
898 3631 944 3693 ita
965 3627 1035 3693 fieri
1058 3636 1178 3709 potest,
1209 3635 1245 3692 ut
1266 3629 1314 3693 rei

144 3726 345 3793 vocabulum
368 3729 540 3808 symbolice
562 3730 654 3808 quasi
677 3737 816 3810 ponatur
836 3746 895 3808 pro
918 3729 1051 3794 alterius
1074 3731 1120 3795 rei
1142 3730 1192 3795 vel
1215 3730 1315 3793 honri-

150 3826 201 3888 uis
226 3824 401 3902 vocabulo,
430 3826 470 3890 ad
493 3826 578 3904 quod
601 3827 692 3906 quasi
714 3843 789 3906 pars
812 3827 853 3890 ad
876 3830 979 3889 toturn
1002 3828 1154 3905 pertinet,
1190 3833 1246 3891 aut
1270 3827 1315 3889 ita

148 3937 168 3983 e
191 3922 367 4001 contrario,
390 3926 427 3985 ut
449 3923 479 3986 id
504 3925 747 4000 substantivum,
771 3925 855 4003 quod
878 3924 1018 4003 positum
1036 3930 1095 4004 est,
1118 3932 1241 4005 partein
1267 3929 1315 3986 to-

152 4020 217 4084 tius
242 4018 302 4097 rei,
324 4036 409 4099 quae
430 4018 638 4100 significatur,
662 4026 695 4085 et
716 4039 786 4084 eam
807 4021 944 4101 quidem,
969 4021 1008 4084 de
1029 4039 1092 4101 qua
1115 4023 1315 4101 potissimum

155 4118 282 4196 agitur,
321 4116 477 4196 designet.
524 4122 630 4180 Totam
660 4136 718 4198 per
745 4125 871 4197 partem
900 4117 1112 4197 significatum
1142 4125 1192 4183 est
1220 4117 1315 4181 Ennii

161 4214 258 4278 tnnal.
284 4213 304 4278 l.
320 4214 392 4294 vii,
416 4214 454 4279 ir.
478 4221 534 4280 20:
558 4219 742 4278 Russeseunt
765 4218 898 4289 srartdes
920 4214 950 4280 h.
967 4235 994 4280 e.
1016 4216 1123 4280 silvae.
1168 4216 1214 4279 Id.
1230 4214 1314 4279 Meu

165 4305 195 4371 lr.
225 4315 279 4376 20:
317 4315 451 4389 Salvete,
487 4318 600 4392 optima
626 4331 751 4388 corpora
779 4314 928 4393 (corpora
955 4312 1128 4377 liberorum
1156 4313 1312 4392 Medeae),

170 4406 201 4467 sd
224 4426 253 4487 q.
278 4409 299 4473 i.
322 4410 473 4476 Bothius:
512 4410 693 4492 „Personas
715 4408 931 4491 assignatorum
957 4410 1064 4475 verbis
1086 4412 1171 4487 σῶμα
1193 4417 1226 4474 et
1248 4431 1314 4474 cor-

172 4509 242 4573 Βῑῑεὲι
286 4507 390 4573 Pinus.
412 4509 505 4590 Epid.
527 4510 555 4589 1,
581 4513 693 4588 1,8s:
727 4514 817 4586 plane
846 4512 902 4569 hoc
930 4519 1115 4586 coruptumst
1142 4515 1244 4583 caput,
1278 4509 1316 4570 ad
