3125 5075
551 342 591 381 ΙΙΙ.
624 343 781 381 ressonis-:N
799 342 972 381 nubentem.
1294 353 1356 411 387

153 587 155 592 ,
289 516 334 578 25.
360 531 389 578 e
411 513 563 577 amoueo
586 521 772 592 pronominis
799 520 928 580 romeos
976 515 1157 584 Pronomen
1183 517 1354 585 relotimm

221 611 386 692 saepissime
413 628 486 676 enm
509 614 634 679 nomine
657 614 706 680 vel
728 615 934 697 pronomine,
969 614 1010 679 ed
1031 615 1117 695 qnod
1139 612 1293 694 refertur,
1324 616 1359 681 in

214 725 295 776 namn
311 708 564 778 enunciationem
574 711 608 777 in
624 712 736 779 eodem
751 732 828 780 casn
839 713 977 795 positum
989 712 1199 794 coniungitur.
1223 713 1359 791 (Eodem

153 875 157 896 ‚
211 806 291 871 nodo
323 807 410 888 apud
437 807 595 888 Graecos,
625 810 806 891 exquibus
838 811 983 892 exemplu
1004 810 1076 875 vide
1098 829 1148 892 ap.
1184 810 1303 878 Bernh.
1325 828 1357 892 p.

153 905 156 930 ³
208 907 433 976 adsessos).
478 904 530 971 Sic
559 925 641 973 orae.
686 908 877 990 Delphicum
899 926 949 989 ap.
972 907 1040 973 Liv.
1062 906 1106 983 V,
1139 912 1191 973 16:
1234 928 1357 987 memor,

204 1023 286 1080 psam
307 1022 366 1084 per
381 1011 427 1065 tot
449 1023 544 1067 nonos
567 1008 678 1068 cineum
702 1009 814 1070 obsidis
829 1010 942 1087 urben,
963 1026 1001 1071 ex
1022 1026 1060 1070 ee
1079 1010 1134 1070 tibi
1149 1041 1187 1054 —
1204 1011 1359 1071 victorium

201 1108 293 1168 dotem
330 1100 390 1178 (sie
417 1102 541 1167 emend
567 1102 677 1168 Herm.
708 1104 799 1169 elem.
827 1123 859 1185 p.
887 1109 959 1171 617.
1003 1105 1098 1186 Apud
1119 1104 1244 1169 Livium
1266 1104 1358 1171 deest

199 1204 305 1265 mm
328 1204 363 1266 et
385 1204 436 1264 est
457 1202 571 1264 obsides
591 1217 650 1281 pro
673 1204 802 1279 obsidio).
842 1200 921 1268 Cato
944 1202 981 1267 R.
1004 1203 1041 1268 R.
1064 1201 1177 1283 praet:
1214 1205 1301 1265 Nono
1314 1237 1359 1249 -

199 1301 272 1376 prod
302 1301 433 1376 promisi
458 1301 627 1361 institutam
648 1302 833 1375 principium
861 1304 917 1363 hoo
944 1305 1011 1365 erit.
1056 1298 1090 1366 C.
1121 1304 1155 1364 6:
1200 1303 1259 1379 Qui
1279 1302 1359 1364 locres

203 1402 266 1462 nina
288 1400 424 1474 optimus
447 1399 564 1459 dicetur
586 1417 652 1460 esse
676 1407 707 1460 et
729 1406 866 1461 ostentus
889 1402 960 1474 soli,
983 1400 1026 1460 ibi
1047 1402 1203 1463 Amineum
1224 1432 1267 1442 —
1289 1416 1359 1461 eon·

207 1497 298 1558 mdo.
347 1493 408 1558 Ib.:
453 1497 512 1573 Qui
543 1496 622 1557 loeas
657 1516 777 1559 erassns
807 1500 866 1558 erit
886 1532 930 1540 —
952 1500 994 1559 ibi
1016 1499 1173 1560 Amineum
1199 1499 1294 1558 maius
1315 1528 1359 1539 -

205 1595 300 1657 mrito
356 1589 391 1656 C.
420 1597 475 1657 35:
520 1595 670 1656 Hordeum
699 1596 750 1669 oui
772 1596 851 1657 besa
872 1615 964 1658 novus
987 1599 1046 1657 erit
1067 1604 1120 1658 ant
1141 1599 1192 1673 qni
1212 1595 1358 1658 restibilis

203 1691 265 1753 beri
290 1693 423 1768 poterit,
462 1694 554 1753 serito
586 1692 641 1767 (sc.
665 1695 707 1753 ibi
733 1710 757 1756 s.
787 1696 818 1754 in
851 1694 908 1768 eo).
952 1696 1144 1757 Trimestrem
1164 1712 1221 1769 pue
1242 1695 1276 1754 in
1298 1692 1359 1753 loeo

204 1798 366 1852 sementem
402 1796 546 1850 maturam
581 1791 681 1851 iacere
716 1810 774 1852 non
807 1794 942 1867 potueris
979 1800 1010 1853 et
1040 1795 1092 1866 pus·
1114 1794 1193 1855 losse
1214 1790 1359 1856 restibilis

204 1888 401 1950 crassitudine
423 1888 490 1949 fieri
510 1891 632 1964 poterit,
656 1891 716 1950 seri
739 1897 867 1965 oportet.
912 1886 946 1953 Ο.
970 1893 1025 1954 4οε
1053 1898 1161 1967 postea
1183 1891 1283 1965 espito
1304 1886 1361 1950 tibi

207 1988 369 2058 surculum,
408 1986 486 2058 qood
514 2004 608 2061 penos
636 1989 770 2048 inserere
802 1992 892 2049 voles.
943 1984 975 2050 0.
1004 1992 1061 2051 41:
1104 1989 1237 2050 Terebra
1270 1986 1361 2048 vitem

208 2101 288 2159 quem
310 2086 438 2158 inseres,
461 2087 644 2162 pertundite,
668 2104 704 2146 eo
727 2086 801 2148 dnos
824 2089 960 2148 surculos
983 2089 1149 2163 vitigineos,
1171 2086 1249 2160 qood
1267 2100 1361 2159 penus

210 2198 269 2246 esse
291 2185 391 2256 noles,
418 2185 550 2243 insectos
573 2185 709 2259 obliquos
731 2186 823 2244 artito
846 2186 884 2244 nd
905 2185 1073 2245 medullam
1118 2182 1151 2248 G.
1174 2187 1230 2248 42:
1275 2178 1362 2259 Quod

208 2297 290 2352 senes
311 2288 365 2341 ent
387 2280 473 2341 ficum
496 2286 548 2339 aut
570 2283 665 2341 oleam
689 2299 755 2343 esse
772 2286 863 2354 voles,
887 2284 955 2344 inde
971 2285 1079 2344 librom
1094 2286 1212 2358 scalpro
1228 2279 1360 2352 eximito,

211 2382 331 2441 dierum
366 2379 475 2439 librum
502 2396 568 2439 cum
595 2397 711 2455 gemma
738 2380 774 2440 de
798 2398 834 2441 eo
856 2382 928 2455 fiee,
962 2382 1040 2455 quod
1063 2397 1156 2455 pensos
1178 2397 1244 2442 esse
1268 2380 1360 2449 voles,

213 2479 336 2540 eximito.
382 2473 463 2540 Cato
491 2474 597 2539 suasio
623 2475 705 2558 legis
735 2476 896 2543 Voconiae
923 2496 974 2560 ep.
997 2476 1085 2544 Serv.
1108 2476 1150 2542 ad
1171 2475 1258 2556 Virg.
1281 2474 1360 2536 Aen.

204 2571 231 2652 Ι,
252 2578 329 2640 573:
351 2576 470 2649 Aprum
491 2593 576 2648 qoem
597 2578 642 2637 vir
665 2578 755 2638 habet
776 2580 893 2640 tollitur
911 2577 962 2654 (cf.
977 2579 1096 2659 Meyer.
1114 2575 1162 2641 ed.
1178 2574 1222 2653 ΙΙ,
1236 2591 1266 2653 p.
1288 2574 1359 2635 101.

212 2669 345 2737 Bolhuis.
372 2673 460 2748 154),
490 2688 565 2751 pro:
595 2690 689 2753 ager,
713 2690 807 2752 quem
829 2675 879 2739 vir
899 2675 1014 2754 habet,
1038 2673 1172 2739 tollitur.
1216 2670 1288 2736 Huc
1310 2684 1360 2730 re·

210 2766 370 2835 ferendum
398 2769 460 2834 erit
487 2769 584 2833 etiam
604 2775 840 2845 quotmensibus
861 2799 904 2827 =
925 2773 1059 2854 singulis
1081 2768 1253 2849 mensibus,
1276 2764 1362 2847 quod

210 2865 324 2950 legitur
345 2868 431 2948 apud
453 2866 605 2932 Catonem
627 2867 665 2933 R.
688 2867 726 2932 It.
750 2888 775 2933 e.
799 2876 855 2949 43,
887 2872 1034 2950 quodque
1055 2889 1115 2952 per
1137 2865 1361 2934 attractionem

208 2964 321 3033 dietum
343 2973 422 3048 puto
446 2983 518 3046 pro:
543 2965 714 3045 mensibus,
738 2974 817 3046 quot
839 2974 922 3033 sunt.
967 2968 1069 3034 Plaut.
1094 2966 1206 3049 Amph.
1228 2962 1309 3047 prol.
1332 2981 1362 3026 v.

208 3069 237 3130 i:
263 3070 402 3145 Quasque
424 3067 580 3141 incepistis
601 3082 649 3126 res
671 3085 802 3142 quasque
823 3070 1023 3143 inceptabitis.
1067 3065 1122 3144 IV,
1148 3071 1174 3144 1,
1200 3070 1231 3129 1:
1275 3064 1361 3124 Nau·

209 3171 421 3239 obtemperem
444 3166 603 3225 convenire
626 3167 705 3225 volni
732 3167 762 3223 in
790 3167 857 3224 navi
878 3185 936 3227 non
958 3174 1032 3228 eret.
1056 3164 1142 3229 Asin.
1165 3160 1225 3241 ΙΙΙ,
1249 3166 1279 3242 3,
1301 3164 1359 3232 31:

212 3262 359 3324 Patronus
382 3265 433 3335 qui
455 3264 538 3324 vobis
561 3261 619 3322 init
639 3261 765 3338 futurus,
789 3263 971 3338 perdidistis.
1016 3260 1201 3340 Aul.11,2,
1224 3263 1276 3322 19:
1299 3260 1361 3319 Ne·

210 3363 278 3423 nini
301 3361 395 3422 oredo
423 3361 474 3434 poi
496 3362 578 3437 lenge
600 3361 741 3423 blandust
762 3362 842 3421 diaes
863 3362 1004 3438 pauperi,
1027 3357 1056 3421 h.
1080 3376 1107 3423 e.
1131 3356 1249 3423 nemini
1270 3350 1362 3418 diviti

206 3457 255 3537 qui
279 3463 357 3522 cett.
380 3455 435 3535 IV,
458 3462 488 3532 4,
512 3460 568 3520 28;
604 3459 676 3533 Quis
698 3461 761 3518 illie
784 3467 846 3532 est,
881 3461 932 3533 qui
959 3460 1039 3519 intus
1067 3460 1142 3520 alter
1169 3462 1235 3519 erat
1263 3461 1362 3521 eoum

208 3556 313 3617 simol?
358 3552 450 3636 Capt.
479 3553 558 3636 prol.
587 3574 615 3619 v.
652 3559 682 3618 l:
719 3557 786 3617 Hos
812 3575 883 3629 qnos
911 3559 1017 3618 videtis
1045 3566 1125 3618 stare
1154 3557 1202 3615 hie
1234 3553 1364 3631 captivos

208 3654 288 3724 daos,
313 3656 414 3715 Vineti
436 3657 506 3730 quin
528 3661 636 3729 astant,
660 3656 690 3714 hi
714 3663 795 3716 stunt
817 3656 913 3733 ambo,
936 3675 994 3717 non
1017 3656 1131 3717 sedent.
1176 3651 1359 3730 1‚2,1sq.:

206 3753 273 3813 istos
299 3753 430 3826 captiuos
452 3753 526 3812 duos
548 3754 623 3814 Heri
644 3770 719 3826 quos
742 3755 801 3812 emi
823 3755 859 3814 de
882 3755 996 3830 praeda
1017 3773 1036 3815 a
1057 3752 1279 3829 quaestoribus,
1306 3747 1363 3811 His

208 3851 301 3912 indito
325 3857 448 3912 ostenae
473 3852 659 3926 singularias.
705 3845 796 3913 Cure.
820 3849 879 3930 111,
902 3856 957 3915 49:
982 3853 1033 3912 Set
1055 3852 1144 3912 istum
1165 3866 1250 3924 quem
1272 3861 1362 3922 quae·

212 3952 254 4011 ris
277 3966 334 4026 ego
358 3967 431 4009 sum.
474 3945 534 4025 III,
554 3951 607 4010 63:
631 3956 664 4009 ut
680 3949 707 4007 ei
723 3949 811 4008 detur
826 3968 914 4023 quom
928 3951 996 4010 istie
1012 3953 1070 4010 emi
1084 3949 1237 4022 sirpinem.
1266 3938 1360 4022 Epid.

210 4043 269 4122 ΙΙΙ,
296 4050 325 4124 l,
347 4048 386 4108 8:
421 4047 498 4120 Quid
520 4048 605 4105 illum
628 4045 707 4106 ferre
730 4048 784 4124 vis,
805 4050 869 4122 qui,
894 4048 946 4107 tibi
968 4049 1036 4120 quoi
1058 4049 1177 4108 divitiae
1201 4044 1279 4104 domi
1299 4056 1362 4101 ma·

207 4162 312 4205 numae
336 4151 420 4219 sunt,
449 4144 479 4204 Is
502 4144 595 4204 habes
626 4162 774 4204 nummum
801 4149 923 4208 nullum.
966 4143 1026 4224 111,
1049 4150 1079 4224 4,
1105 4147 1158 4207 12:
1192 4139 1363 4203 Seuerum

210 4258 293 4313 quem
315 4244 435 4318 quaeris
457 4242 653 4316 Periphanem
674 4243 876 4312 Plotbenium,
898 4245 963 4319 Ego
986 4264 1064 4322 sum,
1088 4242 1183 4320 siquid
1205 4240 1258 4300 uis.
1302 4230 1364 4315 111,

210 4338 314 4416 4522:
336 4341 422 4401 Nune
446 4340 561 4400 demum
585 4342 647 4400 seio
670 4358 724 4416 ego
746 4342 824 4402 huno
847 4345 897 4417 qui
920 4344 973 4416 sit3
995 4361 1079 4417 quem
1101 4340 1209 4405 dudum
1220 4334 1365 4412 Epidicus
