3125 5075
289 340 351 402 158
719 329 846 371 VERBUM.
875 329 938 372 GAP.
956 330 1005 371 111.

285 522 416 583 &hatum
438 528 469 580 et
489 520 602 588 datm
626 522 667 581 Ut
689 539 754 581 sese
773 521 816 598 pd
838 538 905 581 eun
927 522 1124 583 conciliarem.
1153 516 1196 594 ΙΙ,
1227 523 1260 588 3,
1289 522 1347 584 24:
1375 522 1446 584 lla!

285 622 339 680 tibi
362 622 420 680 ianr
441 622 477 678 ut
485 634 595 692 pereas
610 622 787 691 paratumst
802 619 970 693 dupliciter.
987 616 1116 682 Tenent
1132 614 1260 682 Phorm.
1277 614 1334 691 lv,
1349 622 1380 696 3,
1399 622 1447 682 14:

288 718 418 779 Visumst
439 718 489 789 ni,
510 719 546 775 ut
567 716 630 776 eius
664 718 840 824 tergptorem
863 717 1049 778 sententium.
1076 713 1156 778 Eun.
1179 712 1239 791 ΠΙ,
1271 720 1302 789 s,
1326 717 1366 778 d:
1393 717 1447 779 unt

284 817 361 887 ueni,
384 830 513 880 ααααααα,
534 816 568 871 ut
588 814 639 873 ubi
660 827 817 882 monem,
832 815 972 887 repperit.
996 810 1073 876 Hes.
1097 810 1122 887 1,
1146 819 1175 888 2,
1199 816 1255 876 30:
1280 815 1400 889 Nempe
1415 832 1448 876 aa

285 929 386 989 eausa,
406 916 442 970 ut
454 927 491 971 ne
506 911 537 970 io
551 910 608 981 fiat
622 908 742 985 poam?
758 908 861 973 Plaut.
878 908 992 974 Bacch.
1008 908 1068 988 111,
1085 914 1113 986 3,
1134 913 1186 974 19:
1202 912 1290 987 nego
1314 913 1371 971 tibi
1394 912 1446 973 hoa

285 1012 371 1071 annis
400 1010 504 1084 viginti
532 1008 627 1079 fuisso
646 1009 759 1082 primis
790 1009 901 1082 copiae,
930 1010 1062 1083 Digitum
1096 1011 1183 1083 longe
1214 1027 1233 1070 a
1269 1010 1444 1092 paedaqom

284 1108 390 1184 pedem
405 1110 439 1166 ut
454 1105 581 1177 ecferres
602 1105 735 1169 aedibus.
779 1103 909 1167 Terent.
935 1104 1009 1167 Hoc.
1033 1103 1076 1181 ΙΙ,
1093 1111 1121 1182 2,
1142 1110 1175 1168 l:
1198 1124 1298 1166 meum
1314 1109 1366 1167 sue
1380 1123 1446 1175 otu.

283 1208 317 1263 ut
339 1211 368 1262 te
391 1220 501 1277 oppam.
523 1200 626 1266 Plaut
649 1199 743 1265 Most.
768 1200 793 1275 l,
820 1206 846 1279 1,
871 1205 911 1263 26
934 1219 994 1282 sq:
1019 1205 1133 1264 Hooine
1148 1204 1218 1264 boni
1233 1221 1299 1263 esse
1313 1204 1446 1277 omium

284 1301 362 1360 servi
385 1301 555 1374 existumas,
581 1301 622 1361 Ut
645 1301 689 1359 eri
712 1302 757 1360 sui
779 1304 951 1373 corrumpat
978 1308 1009 1360 et
1036 1319 1097 1360 reni
1127 1312 1158 1360 et
1184 1300 1301 1363 tilium?
1329 1298 1444 1365 Pseud

283 1394 339 1474 lv,
365 1401 392 1475 1,
416 1400 449 1459 9:
474 1397 551 1458 Fuit
566 1415 660 1457 neum
684 1397 817 1469 ostiolum
831 1397 997 1468 utsoterer.
1015 1395 1144 1460 Terent.
1160 1397 1260 1462 Andr.
1280 1396 1305 1472 Ι,
1325 1402 1353 1473 1,
1375 1403 1445 1462 141:

284 1496 369 1554 Nnno
392 1499 501 1556 tuomst
521 1494 662 1566 offitium,
683 1496 736 1556 bos
760 1497 834 1555 bens
857 1500 891 1555 ut
912 1495 1072 1554 musone
1094 1497 1222 1571 nuptias.
1242 1493 1354 1560 Pleut.
1380 1494 1443 1565 Mil

285 1590 310 1666 1,
336 1595 363 1669 1,
387 1595 444 1653 72;
469 1593 593 1653 Videtur
616 1596 726 1666 tentpus
748 1596 864 1652 esseut
886 1611 985 1653 sumtus
1007 1593 1045 1652 ad
1068 1591 1172 1653 torum.
1197 1590 1253 1670 lv,
1279 1597 1310 1672 3,
1333 1596 1369 1656 8:
1394 1597 1444 1655 Di·

285 1707 392 1765 ossque
417 1694 530 1763 tempus
552 1708 685 1752 musmo
709 1707 769 1750 esse
790 1693 824 1749 ut
842 1694 890 1748 eut
914 1692 1038 1750 domun.
1061 1685 1159 1752 Peon.
1188 1706 1232 1753 sa
1259 1689 1316 1753 ult.
1343 1709 1373 1754 v.
1390 1696 1444 1755 36:

283 1787 331 1847 hio
354 1803 427 1860 opas
449 1792 491 1847 est
520 1789 634 1862 aliquot
654 1792 690 1849 ut
709 1803 829 1846 moneas
852 1788 923 1847 dies.
948 1785 1039 1850 Truc.
1069 1784 1112 1861 11,
1135 1790 1165 1856 6,
1191 1790 1247 1850 19:
1282 1808 1362 1850 nuno
1393 1791 1444 1851 tibi

284 1888 378 1957 opust,
410 1902 528 1959 seuram
555 1889 591 1944 ut
619 1892 649 1944 te
679 1885 847 1945 adsimules.
881 1881 987 1963 (Vulg.
1016 1895 1047 1944 tn
1075 1896 1113 1945 ta.
1142 1889 1176 1945 ta
1205 1881 1327 1947 delevit
1350 1885 1441 1950 Boin

283 1996 345 2044 sec.
377 1983 466 2056 vett.)
497 1979 535 2057 V,
562 1998 591 2041 v.
621 1985 668 2044 10.
702 1986 755 2046 ll:
788 1984 885 2042 Puero
912 1991 1000 2057 opust
1028 1984 1124 2043 cibum
1153 2015 1196 2025 —
1222 1984 1308 2056 opas
1335 1985 1443 2045 nutrici

282 2087 390 2149 autem,
422 2089 516 2139 utrem
546 2085 580 2139 ut
607 2082 715 2140 tabeat
744 2082 854 2139 veteris
885 2082 944 2139 vini
966 2084 1098 2172 largiter.
1143 2079 1237 2159 Epio.
1263 2080 1307 2158 ΙΙ,
1345 2086 1374 2157 1,
1409 2088 1442 2146 2;

282 2193 368 2252 quom
394 2180 488 2254 usust,
513 2181 549 2236 ut
563 2177 685 2250 pudeat.
730 2175 796 2239 Mil.
825 2175 880 2253 lv,
911 2179 940 2253 3,
966 2182 1021 2240 39:
1044 2180 1129 2239 Nunc
1152 2180 1188 2240 ad
1212 2198 1258 2238 me
1284 2186 1318 2240 ut
1340 2183 1440 2240 ueniat

281 2276 366 2332 usust
386 2277 630 2338 Acroteleutium.
650 2273 777 2336 Terent.
795 2271 912 2336 Heaut.
937 2272 961 2348 Ι,
980 2278 1081 2349 1,29:
1106 2279 1150 2337 An
1167 2279 1358 2352 quoiquamst
1372 2296 1440 2340 taus

281 2369 402 2443 homiui,
426 2389 457 2430 sa
480 2375 514 2431 ut
535 2373 663 2433 euctet‘l
688 2370 764 2434 Hec.
792 2370 845 2446 IV,
870 2375 897 2446 2,
924 2376 961 2434 19
978 2387 1041 2450 sq.:
1066 2374 1140 2433 hseo
1157 2376 1227 2433 mihi
1244 2393 1325 2435 nune
1340 2379 1441 2436 carust

281 2485 426 2542 maxuma,
449 2473 483 2527 ut
502 2472 608 2545 nequoi
632 2487 697 2528 mes
721 2471 935 2546 Longinquitas
958 2473 1065 2530 aetatis
1081 2472 1178 2540 obstet,
1200 2482 1368 2533 mortemve
1396 2492 1441 2533 es·

276 2573 376 2644 pectet
404 2587 506 2628 meam.
558 2566 637 2629 Cato
669 2567 703 2629 R.
732 2566 766 2629 lt.
800 2585 826 2630 s.
853 2575 886 2630 2:
919 2587 1024 2627 curare
1058 2583 1089 2628 ut
1119 2571 1325 2644 perficiantur.
1351 2571 1384 2632 C.
1409 2577 1440 2642 5:

282 2670 364 2741 Opus
387 2671 528 2724 rusticum
552 2684 636 2725 omne
660 2671 743 2726 curet
765 2668 808 2726 utt'
830 2667 905 2726 seint
927 2667 1035 2726 fauere.
1060 2666 1167 2743 stit:
1192 2687 1313 2742 semper
1328 2676 1439 2743 aurato,

280 2769 315 2825 ot
337 2763 467 2824 valeant.
493 2760 593 2823 Plaut.
618 2761 711 2824 Poen.
739 2761 791 2833 IV,
817 2771 845 2838 2,
870 2771 924 2825 st:
950 2766 1021 2823 Vale
1044 2773 1075 2823 ot
1091 2769 1163 2824 haec
1179 2783 1253 2824 eura
1269 2771 1437 2828 clericulum

280 2867 315 2922 ut
327 2863 386 2921 sint
406 2863 495 2921 diota.
513 2857 605 2936 Epio.
625 2858 660 2935 V,
679 2865 706 2935 1,
723 2865 779 2922 38:
798 2864 861 2919 Non
880 2864 975 2920 liabeo
989 2865 1077 2920 ullam
1100 2865 1290 2932 occasionem,
1313 2871 1346 2925 ut
1363 2869 1438 2941 epod

281 2968 311 3018 to
327 2960 404 3017 falsa
419 2958 545 3028 solutu.
564 2956 659 3020 Stich.
678 2977 704 3020 v.
720 2965 775 3022 73:
794 2963 895 3034 Neque
911 2969 941 3019 tu
954 2963 987 3017 ut
1001 2960 1098 3030 Ῐααίαε
1113 2961 1267 3020 oosssilium
1283 2963 1372 3032 doto,
1388 2967 1440 3023 Ve-

281 3074 344 3116 rum
360 3060 394 3114 ut
407 3072 568 3114 exoremus.
585 3054 676 3117 Ennii
692 3053 891 3119 Euhemerus
908 3054 945 3118 ir·
963 3064 998 3120 3:
1016 3060 1060 3117 111
1078 3060 1169 3117 Veste
1180 3072 1276 3118 mater
1293 3080 1396 3120 eurum
1412 3071 1440 3119 et

281 3172 399 3214 sorores
417 3155 508 3213 Ceres
525 3164 613 3228 atque
629 3159 710 3228 Opes
726 3155 853 3213 suadent
868 3156 1004 3224 Saturno,
1020 3161 1054 3214 ut
1070 3156 1106 3214 de
1122 3175 1213 3229 regno
1229 3174 1289 3214 stoa
1303 3158 1439 3217 emicedat

279 3249 375 3311 fratri.
399 3283 440 3292 -
464 3260 496 3310 et
519 3253 595 3325 quod
617 3253 734 3311 videbat
758 3258 881 3311 matrem
905 3264 993 3326 atque
1011 3271 1130 3313 sorores
1146 3272 1214 3313 snas
1230 3272 1351 3328 operam
1366 3256 1437 3314 dora

278 3352 314 3409 ut
339 3350 484 3409 Saturnus
519 3353 663 3422 reputaret,
698 3350 837 3408 coacessit
863 3351 890 3407 ei
920 3353 954 3407 ut
976 3352 1001 3409 is
1030 3355 1175 3424 reptaret.
1199 3355 1305 3427 ltaque
1332 3358 1439 3426 pactus

278 3451 322 3504 est
344 3465 408 3505 eum
432 3449 569 3523 Saturno,
591 3446 637 3505 uti
660 3448 685 3506 si
708 3448 777 3523 quid
802 3447 928 3506 liberam
951 3449 1044 3507 virilis
1069 3467 1156 3509 sexus
1179 3453 1207 3508 ei
1230 3460 1333 3510 natum
1350 3463 1439 3520 esset,

277 3560 314 3603 ne
336 3543 479 3603 edomaret.
506 3542 607 3605 Plnut.
626 3541 718 3605 Troo.
744 3541 787 3620 Π,
805 3548 832 3617 3,
858 3548 892 3606 9:
916 3555 947 3602 et
968 3544 1068 3619 suade,
1092 3547 1149 3605 iarn
1172 3552 1205 3606 ut
1227 3549 1303 3609 sutis
1319 3549 1433 3609 oven.

280 3636 395 3703 Caedit.
420 3638 500 3704 Stet.
526 3639 635 3702 imbrii
658 3638 695 3702 fr.
729 3646 762 3704 3:
794 3643 867 3700 Mihi
892 3641 980 3701 surdo
1004 3643 1161 3703 dormitum
1182 3646 1288 3706 suadet
1309 3652 1344 3706 eet
1365 3663 1439 3720 eam,

276 3734 380 3800 Plaul.
405 3736 497 3800 Truo.
522 3735 547 3816 1,
571 3741 600 3816 2,
625 3742 681 3801 98;
706 3741 914 3814 metuebatque
938 3748 977 3813 te,
1006 3741 1121 3800 sibine
1152 3752 1203 3802 ant
1229 3747 1438 3819 persuaderes.

279 3836 321 3896 Ut
344 3837 492 3895 abortioni
516 3854 637 3910 operam
661 3837 755 3913 duret,
782 3854 941 3912 puernnve
964 3841 998 3895 ut
1020 3843 1161 3900 enecaret.
1185 3837 1284 3903 Stich.
1301 3839 1327 3915 Ι,
1345 3845 1438 3918 2,11;

278 3933 324 3991 Its
347 3936 385 3992 mi
408 3938 543 3994 auctores
564 3938 635 3992 sunt
656 3936 761 4012 omisi,
783 3939 819 3993 ut
840 3953 891 3995 vos
921 3936 990 3993 hinc
1018 3937 1162 3998 obducam
1190 3941 1318 3999 domum.
1343 3938 1437 4003 Mers.

277 4027 319 4108 Π,
341 4038 371 4109 l,
396 4035 450 4094 ts:
474 4033 643 4107 Responde,
668 4051 725 4108 quo
749 4034 810 4092 leto
825 4049 924 4092 omres
946 4050 992 4091 me
1014 4038 1049 4092 at
1074 4052 1196 4107 pereum
1219 4037 1437 4111 potissumum?

278 4124 357 4191 Cato
388 4127 424 4190 R.
456 4127 493 4192 lt.
523 4147 548 4189 o.
580 4132 656 4191 142:
688 4132 792 4190 eadem
821 4131 868 4190 uti
889 4136 973 4191 curet
993 4131 1275 4209 sedatquemoneo,
1300 4137 1435 4198 domino-

277 4243 401 4302 rumque
424 4230 505 4289 dicto
529 4229 654 4287 audiens
676 4229 726 4285 sit.
750 4224 877 4291 Terent
896 4226 993 4290 Andr.
1010 4227 1089 4307 prol
1112 4247 1141 4291 v.
1158 4233 1214 4295 22:
1237 4237 1272 4291 at
1286 4234 1439 4306 quieseunt

276 4340 368 4397 porro
390 4341 494 4385 usoneo
521 4335 552 4384 et
585 4325 734 4387 desinant.
757 4323 864 4388 Plaut.
886 4325 969 4389 nuo.
997 4325 1058 4407 ΠΙ,
1090 4333 1116 4405 1,
1144 4333 1176 4392 l:
1205 4331 1253 4390 Ad
1277 4333 1440 4393 hirundini·
