3125 5075
199 315 264 378 34'4
586 305 745 347 wllfflll'l'.
759 303 917 347 urrunnu.
932 304 995 346 ΟΔΡ.
1008 304 1036 346 V.

200 498 330 547 casuum
353 483 512 545 tractatae
535 480 615 559 sint,
642 484 769 546 restant
795 496 918 562 paucae
947 482 1072 543 tantum
1099 495 1171 542 eum
1202 478 1266 544 abl.
1287 480 1358 545 iun·

199 583 280 657 ctae,
303 594 437 657 quarum
461 595 538 642 usus
562 579 790 656 constituatur,
823 576 863 640 de
892 575 1008 655 quibus
1036 592 1229 657 quamquam
1260 579 1355 643 etiarn

201 674 266 740 illic
286 693 383 755 agere
407 674 559 751 licuisset,
583 679 728 757 praestat
749 679 858 739 tamen
880 691 936 738 eas
958 672 1132 753 separatim
1155 691 1355 752 enumerare,

201 773 348 853 quoniam
381 772 413 835 in
436 772 474 836 iis
496 791 558 837 non
581 778 647 837 tam
677 773 762 838 clare
786 778 820 837 et
842 776 931 837 certo
953 776 1103 851 apparet,
1130 770 1171 837 ad
1195 789 1280 851 quae
1303 791 1357 854 po·

199 870 356 935 tissimum
373 888 466 934 casus
490 889 610 951 genera
625 871 769 952 singulae
784 870 848 935 sint
867 868 1063 947 referendae,
1086 867 1146 934 hoc
1161 874 1273 933 autem
1288 868 1357 935 loco

200 971 304 1031 totum
331 984 439 1031 earum
470 986 561 1033 usurn
592 968 683 1049 quasi
712 968 744 1033 in
771 986 835 1032 una
865 967 977 1032 tabula
1002 966 1143 1047 positum
1172 968 1358 1048 perspicere

199 1064 384 1146 poterimus.
429 1063 512 1129 Sunt
533 1071 640 1130 autem
663 1065 723 1129 hac
744 1071 915 1145 quattuor:
940 1070 1056 1141 aesque,
1079 1068 1153 1144 sirac,
1170 1085 1266 1141 prae,
1289 1086 1356 1142 pro.

285 1163 405 1240 Absque
423 1164 633 1243 praepositio,
670 1182 765 1244 quam
789 1184 827 1227 ex
861 1167 914 1225 aba
945 1163 1099 1243 originem
1129 1161 1249 1227 ducere
1280 1169 1360 1242 puto

201 1260 324 1325 adnexa
346 1259 492 1325 enclitica
514 1281 585 1340 que,
618 1280 699 1343 quae
722 1279 818 1342 saepe
840 1261 880 1325 ad
903 1278 986 1324 nova
1008 1259 1174 1325 formanda
1202 1261 1360 1325 vocabula

201 1358 272 1422 aliis
295 1358 426 1423 vocibus
448 1359 574 1423 adnecti
597 1358 681 1424 solet
704 1361 1044 1436 (aequamentum,
1067 1360 1176 1435 abac),
1200 1354 1359 1438 significa·

202 1455 320 1519 tionem
343 1454 441 1520 habet
463 1457 648 1535 separandi,
671 1456 873 1536 removendi,
895 1474 978 1536 quae
1001 1472 1098 1534 quum
1126 1455 1223 1518 etiarn
1246 1455 1280 1518 in
1303 1456 1359 1520 aba

202 1569 311 1633 praep.
343 1553 446 1618 inesse
485 1555 599 1633 possit,
628 1559 737 1630 absque
765 1554 843 1618 nihil
872 1554 959 1618 aliud
990 1559 1041 1617 est
1070 1553 1131 1617 nisi
1159 1551 1278 1617 lortius
1306 1573 1360 1617 ex-

202 1668 347 1731 pressum
372 1655 406 1714 et
426 1652 529 1731 magis
558 1653 718 1717 intensum
747 1656 801 1714 ube
823 1651 900 1730 ista,
933 1669 996 1733 qua
1018 1651 1097 1729 dixi,
1125 1647 1359 1730 significatione

201 1749 350 1828 positum.
395 1747 514 1812 Notum
538 1759 588 1814 est
609 1755 717 1813 autern
740 1749 822 1814 hanc
844 1748 1113 1830 praepositionem
1135 1750 1359 1814 tantummodo

202 1844 288 1926 apud
317 1846 454 1912 comicos
491 1850 524 1911 at
554 1847 640 1927 apud
669 1852 845 1927 argenteae
875 1846 991 1911 aetatis
1013 1846 1188 1925 scriptores
1211 1847 1360 1927 inveniri,

202 1950 236 2008 et
258 1944 342 2022 apud
365 1945 503 2010 comicos
528 1945 655 2027 quidem
672 1962 834 2024 nunquam
850 1943 910 2008 nisi
926 1944 959 2008 in
976 1942 1241 2009 conditionalibus
1258 1963 1357 2008 enun-

203 2043 409 2122 tiationibus,
433 2042 517 2123 apud
539 2043 735 2124 posteriores
758 2046 865 2106 autem
889 2042 1016 2105 deum
1040 2059 1097 2121 pro
1117 2048 1239 2116 praeter
1265 2060 1358 2105 usur·

202 2142 280 2222 pari.
303 2139 458 2221 Exempla
479 2139 558 2206 haec
579 2146 663 2205 sunt.
708 2141 811 2205 Plaut.
834 2140 918 2203 Men.
942 2139 979 2218 V,
1003 2146 1031 2218 7,
1055 2144 1109 2205 33:
1145 2143 1221 2200 Nam
1245 2143 1359 2217 absque

202 2243 253 2303 ted
277 2250 365 2313 esset,
389 2256 546 2315 numquam
569 2240 656 2301 hodie
680 2242 717 2301 ad
739 2241 833 2301 solern
853 2256 990 2300 occasum
1011 2241 1149 2299 viverem.
1188 2235 1283 2318 Capt.
1299 2236 1360 2315 ΙΙΙ,

204 2342 233 2417 5,
256 2341 312 2402 96;
338 2340 422 2413 Quod
445 2356 557 2414 apsque
580 2340 637 2399 hoc
660 2346 749 2413 esset,
773 2340 824 2414 qui
846 2339 919 2397 mihi
942 2339 998 2398 hoc
1021 2336 1094 2397 fecit
1116 2339 1233 2412 palam,
1257 2339 1358 2412 Usque

203 2441 377 2500 offrenatum
402 2439 462 2497 suis
484 2455 531 2497 me
555 2437 715 2497 ductarent
735 2438 820 2497 dolis.
865 2433 981 2498 Bacch.
1004 2432 1063 2509 111,
1080 2438 1109 2511 3,
1132 2437 1165 2496 8:
1188 2437 1265 2494 Nam
1289 2455 1357 2509 aps·

202 2556 258 2612 que
272 2547 300 2596 te
324 2544 414 2609 esset,
438 2555 492 2612 ego
515 2538 597 2595 illum
614 2536 754 2596 haberem
779 2544 893 2595 rectum
915 2534 1245 2610 adingeuiumbunum.
1271 2530 1358 2595 Trin.

202 2632 240 2711 t,
264 2638 293 2707 2,
318 2639 347 2695 3:
383 2637 457 2694 liam
481 2634 736 2695 exaedificavisset
759 2651 805 2693 me
834 2651 871 2692 ex
893 2634 975 2692 hisce
998 2633 1137 2707 aedibus,
1162 2650 1274 2708 apsque
1303 2630 1360 2702 (sic

204 2730 410 2810 Ritschelius)
434 2742 463 2792 te
488 2731 575 2793 foret.
618 2728 673 2807 IV,
700 2734 727 2809 l,
754 2735 808 2794 13:
846 2749 912 2790 narn
937 2748 1049 2806 apsque
1073 2729 1129 2800 (sic
1150 2729 1268 2791 iterum
1291 2728 1360 2792 Rit-

203 2829 526 2906 scholasticam,
564 2838 611 2890 sut
637 2832 700 2890 scio
726 2832 757 2889 in
785 2831 847 2890 alto
876 2830 1105 2889 Distraxissent.
1148 2825 1237 2889 Pers.
1266 2825 1306 2903 V,
1330 2831 1360 2902 2,

207 2930 246 2991 55
270 2943 330 3003 sq.:
359 2946 426 2988 nam
450 2929 553 2988 hercle
576 2929 687 3003 ubsque
716 2946 763 2987 me
786 2929 880 2987 Forat
910 2934 940 2986 et
963 2944 1029 2986 meo
1051 2926 1217 3001 praesidio,
1245 2927 1295 2984 hic
1317 2925 1360 2984 fa·

208 3032 291 3085 caret
313 3030 342 3084 te
365 3027 554 3100 prostibilem
576 3026 761 3101 propediem.
796 3022 926 3088 Terent.
949 3021 1027 3087 Hoc.
1051 3022 1107 3101 IV,
1131 3026 1161 3100 2,
1184 3027 1239 3086 25:
1265 3027 1359 3097 Quam

207 3122 375 3183 fortunatus
399 3125 508 3184 ceteris
537 3142 601 3184 sum
623 3126 728 3196 rebus,
752 3125 862 3198 uosque
887 3141 950 3184 arao
973 3125 1029 3182 huc
1050 3121 1139 3185 foret.
1183 3119 1312 3184 Phorm.
1334 3119 1361 3195 Ι,

206 3226 236 3300 4,
263 3224 315 3283 ll:
339 3223 414 3282 Nam
437 3222 549 3296 absque
572 3239 607 3281 eo
631 3228 721 3295 esset,
745 3223 839 3282 Recte
862 3239 917 3298 ego
943 3222 1015 3280 mihi
1039 3221 1186 3281 vidissem.

293 3323 321 3382 3.
368 3318 447 3395 Sine,
471 3318 665 3382 contrarium
688 3335 798 3397 praep.
823 3338 906 3396 cam,
935 3317 1019 3381 idem
1042 3316 1127 3396 quod
1148 3315 1181 3379 in
1204 3315 1361 3396 composi-

207 3416 293 3480 tione
317 3414 362 3495 (in
386 3419 496 3479 vetere
518 3433 665 3479 sermone
689 3415 785 3480 etiarn
809 3427 899 3481 extra
922 3414 1007 3494 earn)
1026 3434 1057 3476 sc
1078 3413 1205 3492 dicitur,
1228 3412 1359 3494 proprie

206 3514 457 3594 separationem,
495 3513 610 3578 deinde
637 3514 671 3577 iu
698 3514 880 3578 universum
912 3513 1090 3578 absentium
1120 3511 1170 3575 rei
1199 3511 1360 3592 exprimit

204 3610 310 3693 Leges
330 3610 394 3675 XII
416 3611 502 3676 tebb.
525 3609 582 3690 XI,
604 3609 643 3675 ir.
668 3617 701 3677 9:
738 3633 769 3675 ae
791 3611 833 3688 (h.
857 3631 884 3676 e.
909 3611 990 3685 sine)
1015 3611 1120 3672 frauda
1142 3619 1217 3672 esto.
1261 3609 1361 3673 Naev.

205 3709 342 3793 Lycurg.
366 3709 402 3773 fr.
429 3716 484 3775 19:
508 3713 572 3772 sine
596 3718 722 3775 terrore.
761 3709 841 3774 Cato
863 3709 900 3774 lt
923 3710 959 3772 R.
983 3727 1009 3774 c.
1034 3713 1087 3772 31:
1110 3711 1174 3770 eine
1197 3716 1287 3770 rento
1311 3727 1361 3768 au·

206 3820 280 3871 atro.
305 3827 331 3873 c.
353 3815 429 3873 157:
453 3827 584 3884 sanaque
607 3809 700 3871 faciet
723 3813 788 3873 sine
811 3812 925 3872 dolore.
948 3807 1010 3872 Ib.:
1036 3811 1099 3870 edit
1124 3841 1159 3852 -
1186 3809 1251 3868 siue
1274 3824 1361 3881 pano.

204 3905 267 3972 Ib.:
303 3910 367 3969 sine
392 3910 536 3984 periculo.
579 3904 682 3971 Plaut.
707 3905 803 3971 Most.
826 3906 869 3977 ΙΙ,
895 3912 922 3984 1,
943 3911 997 3970 67;
1023 3909 1086 3967 aine
1112 3909 1200 3966 malo.
1246 3902 1361 3982 Amph.

203 4005 247 4083 ΙΙ,
271 4012 300 4083 2,
327 4010 401 4069 111:
446 4007 557 4066 lterum
584 4008 644 4067 ium
672 4007 722 4067 hic
751 4008 782 4066 in
810 4026 857 4067 me
880 4005 1081 4084 inclementer
1111 4006 1186 4065 dicit
1214 4012 1306 4078 atque
1334 4003 1361 4062 id

208 4108 272 4168 aaa
298 4106 396 4182 mab,
428 4101 513 4181 quod
540 4101 651 4167 Lamb.
675 4102 816 4182 explicat
843 4121 907 4183 per,
926 4105 1047 4178 impurae
1072 4100 1286 4179 (contrarium
1315 4102 1361 4163 est

211 4202 298 4267 Asin.
322 4201 348 4280 I,
373 4204 731 4281 summouentem.
777 4199 874 4265 Marc.
899 4218 928 4264 v.
951 4205 1007 4264 22:
1052 4203 1117 4261 Nec
1146 4205 1197 4276 pol
1225 4198 1361 4275 profectu

206 4303 361 4378 quisquam
384 4301 578 4375 amarandi
600 4301 740 4360 molo-
766 4301 888 4362 studuit.
931 4296 1031 4362 Mero
1059 4297 1090 4374 Ι,
1118 4301 1152 4376 2,
1182 4302 1238 4362 35:
1287 4297 1361 4373 quo'd
