3125 5075
291 356 351 417 116
587 357 592 365 ’
717 348 845 389 ῊΙΙΙΒΙΙΙ.
873 349 938 394 (ΙΑΡ.
951 352 1000 393 ¹11.

286 532 330 615 ΙΙ,
354 540 383 615 2,
408 540 440 600 i:
467 538 563 599 nermo
592 540 665 611 quid
692 540 829 613 protecto
867 545 906 602 mi
939 547 1054 606 animus
1085 550 1245 621 praesagit
1273 552 1361 614 mali.
1398 548 1455 630 HI,

292 636 319 706 l.
347 635 424 696 101:
451 638 473 693 Α
496 652 542 695 me
565 637 660 696 ocem
682 636 748 710 quis
770 639 840 697 ecit.
863 636 918 717 IV,
947 645 972 713 1,
998 646 1033 703 7:
1057 643 1164 704 Nescio
1188 647 1384 718 quidtristia
1406 656 1454 714 at

289 745 318 793 v.
350 733 401 792 12:
429 733 534 795 Nescio
561 733 634 806 quid
661 737 778 809 peccati
804 741 906 808 portat
925 738 1000 799 baec
1024 743 1175 816 purgatio.
1213 741 1345 809 Phorm.
1375 744 1454 825 La,

295 829 347 891 lt:
378 830 483 891 Nescio
511 832 588 903 qaod
614 848 749 905 maguum
780 832 837 892 hoc
875 836 977 895 nando
1008 844 1123 909 expecto
1161 841 1281 901 malum.
1326 842 1392 906 Ad.
1430 844 1453 922 I,

295 929 324 994 l,
347 931 402 989 54:
425 928 530 990 Nescio
553 930 625 1003 quid
646 930 763 987 tristem
786 931 877 989 video.

377 1022 610 1102 Nonnunquam
633 1024 665 1087 iu
687 1041 751 1087 uua
776 1025 997 1092 abundatione
1023 1030 1116 1095 ambo
1137 1033 1234 1109 modi,
1255 1034 1451 1104 indicativus

292 1128 327 1187 et
349 1120 568 1187 coniunctivae
592 1121 752 1186 coniuncti
774 1128 857 1186 suut
903 1120 955 1189 Sic
978 1124 1084 1190 Plaut.
1102 1130 1216 1210 Amph.
1239 1132 1321 1210 prol.
1352 1153 1383 1197 v.
1403 1140 1450 1199 17:

289 1222 376 1282 Nunc
406 1222 510 1296 quoius
540 1222 622 1281 iussu
643 1222 729 1281 verrio
756 1227 788 1279 et
809 1240 895 1296 quam
918 1223 955 1283 ob
979 1242 1042 1285 rem
1064 1230 1202 1305 aeneum,
1227 1232 1347 1295 Dicam.
1373 1230 1449 1297 cist

290 1314 316 1394 Ι,
342 1322 370 1396 1,
394 1320 447 1380 59:
472 1319 613 1392 eloquere
636 1346 676 1359 -
700 1320 740 1378 Et
757 1319 827 1393 qnid
843 1322 926 1381 tibist
940 1329 971 1381 et
985 1323 1057 1397 quid
1071 1326 1144 1385 velis
1159 1334 1293 1388 nostram
1314 1347 1447 1405 operam

291 1412 386 1478 Most.
410 1412 435 1483 Ι,
459 1417 489 1483 3,
510 1418 569 1477 42;
599 1415 675 1488 vide,
699 1433 754 1491 ego
778 1435 853 1491 quae
880 1420 936 1477 sim
967 1426 998 1478 et
1026 1438 1101 1495 quae
1133 1422 1181 1493 sci
1210 1432 1290 1484 aute.
1320 1422 1444 1491 Terent

290 1512 389 1577 Andr.
417 1510 472 1589 lv,
503 1516 529 1586 l,
560 1513 600 1574 25
628 1527 691 1590 sq:
721 1515 759 1573 ah
790 1517 888 1576 nescis
917 1519 1035 1591 quantis
1058 1519 1086 1576 in
1111 1522 1196 1581 malis
1218 1537 1323 1583 vorsu
1346 1528 1444 1601 miser,

291 1614 481 1687 Quantasque
505 1611 552 1670 hic
576 1612 709 1672 consiliis
737 1613 809 1672 mihi
836 1615 974 1685 conflavit
1000 1617 1227 1693 sollicitudines,
1259 1637 1288 1680 v.
1318 1617 1443 1685 Ruhrk.

291 1706 372 1771 Eun.
396 1705 435 1777 V,
459 1713 488 1784 3,
512 1708 547 1768 6:
571 1710 597 1767 ai
620 1724 719 1783 rogem
749 1712 818 1781 iam,
847 1711 917 1785 quid
945 1713 1087 1787 estquod
1115 1732 1246 1789 peccem,
1278 1726 1332 1777 aut
1359 1737 1441 1794 quam

290 1808 392 1868 obrem
416 1806 472 1865 hoo
495 1804 621 1877 facim:
646 1807 769 1866 nescias.

373 1905 403 1964 4.
426 1901 455 1965 (Ι.
498 1902 685 1963 Iadicotioao
705 1904 739 1962 in
752 1907 1018 1967 moechationibus
1032 1909 1173 1969 relativis.
1194 1908 1440 1976 Eunuciationes

288 1998 443 2066 relativae
465 1998 668 2063 indicativum
691 1998 883 2079 adsciscunt,
906 2003 933 2066 si
956 2004 1146 2068 senteutiam
1171 2006 1358 2086 exprimunt
1386 2027 1439 2089 per

286 2117 325 2165 se
349 2102 555 2167 constantem,
578 2113 660 2176 quae
682 2114 744 2161 non
767 2102 918 2178 tanquam
949 2104 1024 2179 apta
1053 2103 1244 2181 proponitur
1274 2122 1314 2169 ex
1345 2123 1439 2170 enun-

287 2196 425 2263 ciatione
449 2193 612 2275 primaria.
658 2192 813 2260 siccato
837 2196 874 2259 R.
897 2197 933 2260 R.
958 2218 983 2260 c.
1008 2202 1040 2259 2:
1064 2201 1195 2261 rationes
1211 2210 1320 2276 putare
1337 2222 1437 2281 argeu-

284 2299 404 2369 tariam,
440 2327 479 2338 -
513 2295 614 2369 pabuli
637 2310 727 2355 eausa
748 2311 824 2367 quoe
840 2301 952 2368 paratu
973 2302 1049 2356 sant.
1072 2294 1174 2360 Plant.
1192 2297 1263 2360 Aul.
1287 2297 1346 2378 IV,
1362 2304 1392 2371 8,
1408 2306 1438 2362 i:

286 2396 420 2468 Indeque
444 2391 662 2465 exspectabam,
691 2393 743 2451 ubi
765 2410 868 2452 aurum
892 2395 1081 2456 abebodebot
1111 2413 1210 2457 senex.
1255 2394 1377 2461 Bacch.
1413 2417 1437 2459 u.

283 2495 365 2556 1662:
396 2492 437 2552 Ut
466 2506 688 2566 quaequomque
716 2508 765 2551 res
794 2496 846 2558 est,
873 2492 915 2551 ita
945 2494 1071 2552 animum
1103 2494 1218 2554 habeat.
1270 2491 1357 2558 Men.
1388 2493 1437 2570 IV,

288 2593 316 2666 2,
341 2594 373 2652 5:
398 2607 471 2649 uror
493 2589 614 2647 rescivit
635 2606 698 2647 rem
720 2606 845 2660 omnem,
875 2595 908 2648 ot
932 2592 1084 2666 factumst,
1112 2593 1224 2650 ordine.
1262 2589 1300 2669 V,
1325 2599 1355 2662 2,
1388 2599 1436 2657 bl:

284 2690 347 2750 laur
371 2704 425 2762 ego
452 2703 488 2746 ex
519 2685 584 2752 hoc,
608 2693 640 2743 ut
669 2685 818 2761 factumst,
843 2688 935 2747 scibo.
959 2685 1039 2749 Rud.
1064 2685 1104 2756 ΙΙ,
1129 2691 1156 2760 3,
1181 2692 1238 2749 54:
1264 2691 1328 2748 Fur
1353 2692 1436 2753 facile

288 2802 374 2860 quern
396 2787 532 2857 opseroot
552 2783 647 2843 videt:
671 2791 771 2844 custos
795 2786 844 2858 qui
867 2783 915 2843 tur
938 2788 977 2844 sit
1005 2788 1111 2846 nescit.
1141 2784 1267 2847 Terent.
1302 2788 1436 2867 Adelph.

283 2879 344 2957 III,
369 2884 397 2954 2,
420 2885 454 2941 4:
479 2882 536 2940 Tot
558 2898 606 2940 res
630 2888 754 2955 repente
771 2883 1005 2957 circumvallant,
1028 2882 1105 2941 aride
1124 2885 1236 2958 emergi
1253 2902 1312 2943 non
1336 2893 1436 2958 potest

284 2978 391 3042 Etiam
414 2993 510 3040 causa
533 2972 704 3055 significari
727 2980 835 3054 potest
857 2979 1083 3056 pronouomine
1107 2977 1240 3042 relativo
1261 2997 1334 3043 cum
1359 2983 1434 3046 indi-

287 3075 391 3141 cativo
423 3075 539 3137 iuncto.
587 3071 637 3136 Sic
670 3071 773 3136 Pleni.
797 3071 892 3136 Poen.
919 3073 955 3152 V,
980 3079 1007 3143 2,
1035 3079 1092 3136 73:
1115 3078 1174 3152 Qui
1204 3079 1260 3136 huc
1291 3080 1436 3141 αάυωιὶεὴ·

285 3193 340 3237 nos
363 3181 522 3249 captatum.
568 3170 610 3234 Et
632 3171 676 3234 sic
699 3172 805 3245 quippe
826 3174 877 3245 qai
898 3171 1083 3249 plerumque
1097 3191 1116 3235 a
1132 3171 1245 3236 Plauto
1271 3179 1304 3237 et
1320 3174 1435 3239 Teren·

282 3271 328 3335 tio
357 3276 442 3343 (uam
470 3286 573 3348 neque
600 3269 632 3331 in
655 3266 748 3329 Ennii
771 3286 874 3347 neque
897 3267 929 3331 in
952 3268 1082 3331 Catonis
1116 3267 1305 3348 fragmentis
1336 3290 1434 3353 neque

282 3369 367 3449 apud
390 3367 529 3448 reliquos
552 3366 726 3445 scriptores
748 3366 891 3429 scenicos
913 3364 990 3429 haec
1013 3366 1191 3430 coniunctio
1207 3365 1342 3447 legitur)
1366 3387 1432 3432 cun

282 3466 453 3531 indicativo
476 3465 678 3528 coniunctum
702 3462 870 3541 reperitur.
895 3463 945 3527 Sic
966 3462 1070 3525 Plaut.
1087 3461 1197 3543 Amph.
1214 3464 1296 3544 prol.
1331 3484 1360 3530 v.
1385 3473 1433 3531 22:

284 3569 393 3643 qnippe
410 3567 460 3640 qui
476 3566 674 3624 intellexerat.
699 3559 771 3624 Aul.
795 3559 837 3631 ΙΙ,
862 3566 890 3628 5,
915 3565 968 3624 22:
991 3565 1097 3636 quippe
1119 3565 1177 3635 qui,
1201 3561 1261 3625 Ubi
1278 3567 1351 3640 quid
1376 3587 1432 3627 sur·

283 3666 386 3739 ripias,
410 3666 452 3723 nil
474 3667 523 3721 est.
549 3658 629 3722 Rud.
646 3657 687 3735 ΙΙ,
712 3663 741 3726 3,
765 3663 822 3720 53:
846 3661 952 3733 quippe
974 3662 1025 3733 qui
1048 3679 1132 3735 quem
1156 3664 1274 3721 illorum
1298 3674 1432 3738 opserrat

272 3762 399 3835 ‚sebast
425 3757 519 3822 Truc.
542 3756 566 3824 Ι,
594 3761 620 3832 1,
647 3761 703 3819 49ε
733 3759 839 3830 quippe
864 3759 915 3830 qai
943 3766 1030 3818 certo
1060 3760 1127 3819 seio.
1162 3757 1290 3819 Terent.
1320 3760 1431 3824 Heaut.

283 3856 342 3935 III,
376 3861 405 3927 2,
433 3860 489 3919 27:
522 3857 635 3931 Quippe
667 3855 718 3927 qui
752 3857 926 3929 Magnarum
961 3872 1050 3928 saepe
1087 3856 1117 3913 id
1150 3858 1315 3917 remedium
1340 3863 1431 3936 aegri·

282 3958 452 4017 tudinumst.

368 4049 491 4115 Deinde
515 4066 725 4113 commemoro
749 4066 804 4112 eos
826 4048 922 4119 locos,
954 4046 1007 4110 ubi
1035 4065 1254 4127 praegressam
1288 4052 1430 4116 enuncia·

281 4151 401 4213 tionem
425 4146 635 4226 perverbum
659 4166 718 4208 esse
739 4145 905 4209 formatam
930 4144 1074 4223 seqnitur
1097 4145 1277 4210 enunciatio
1301 4149 1431 4213 relativa

281 4264 352 4311 cum
386 4244 564 4311 indicativo.
598 4244 628 4306 in
663 4260 797 4321 qnorum
834 4242 993 4307 nonnullis
1027 4259 1143 4304 aureae
1173 4245 1291 4308 aetatis
1320 4264 1429 4326 prosae

280 4344 433 4407 orationis
456 4342 628 4419 scriptores
650 4341 833 4421 posuissent
861 4340 1103 4403 coniunctivum.
1120 4338 1223 4403 Plaut.
1253 4341 1344 4422 Capt.
1375 4343 1427 4407 Ill.
