3125 5075
200 341 240 404 96
630 338 782 378 ΒΙΙΒΘΤΑΙΙΤ.
798 339 861 378 ΟΛΙ).
876 337 919 378 ΙΙΙ.

200 509 254 589 IV,
279 516 307 589 7,
336 514 392 574 52:
427 519 516 588 utque
544 521 577 573 nt
604 530 715 574 mecum
743 516 880 575 mitteres
908 514 1107 575 Phoenicium.
1152 508 1208 589 IV,
1237 513 1266 589 2,
1297 514 1353 575 55:

200 628 273 704 eane,
296 628 328 671 eo
359 612 459 671 simitu
490 613 643 671 mulierem
671 614 750 674 mitti
776 615 853 673 volo.
896 610 939 689 II,
963 614 993 689 2,
1015 614 1070 673 55:
1102 628 1169 671 nm
1195 626 1229 668 eo
1257 610 1356 670 aiebat

201 703 277 770 velle
301 710 379 767 mitti
401 711 564 770 mulierem.
608 707 724 772 Pseud.
747 726 775 772 ν.
803 714 900 772 ΙΙ22;
924 711 1043 770 emittat
1067 710 1223 768 mulierem
1245 723 1357 766 neem

201 808 305 867 semul.
340 803 453 868 Pseud.
465 804 520 882 IV,
545 811 573 884 7,
598 811 631 871 9:
653 825 718 867 enm
740 808 788 867 in's
810 825 865 868 noc
888 810 971 869 locus
994 807 1070 867 Mihi
1091 823 1148 867 nee
1171 821 1270 866 sermo
1288 820 1357 864 eon·

201 910 292 969 venit.
336 905 451 970 Pseud.
475 922 504 968 v.
531 908 625 968 1034:
659 906 690 966 Si
720 924 777 966 non
808 907 917 966 educat
942 907 1096 965 mulierem
1123 920 1221 964 meane
1252 901 1357 962 senui.

201 1003 316 1068 Pseud.
341 1002 395 1080 IV,
419 1007 447 1080 2,
474 1007 526 1066 12:
550 1006 600 1079 qui
622 1022 689 1065 cnm
711 1004 853 1076 hirquino
875 1004 970 1063 saroa
991 1009 1081 1065 astes.
1116 999 1142 1079 I,
1167 1005 1197 1079 3,
1220 1004 1277 1066 98:
1300 1000 1357 1059 Le·

204 1105 269 1164 nios
291 1104 361 1164 inde
384 1120 535 1163 arcessam
559 1102 616 1162 dno
641 1120 706 1161 nem
728 1101 946 1161 tintinnabulis.
982 1117 1010 1162 v.
1030 1103 1104 1163 142:
1127 1118 1194 1161 enm
1214 1100 1268 1158 itte
1290 1116 1357 1174 per·

202 1202 305 1262 didero
328 1201 426 1261 fidem.
471 1195 586 1262 Caecil.
611 1196 690 1263 Stat.
713 1196 847 1261 Aethrio
867 1195 905 1260 fr.
929 1203 965 1262 4:
1002 1199 1077 1259 Cum
1098 1196 1254 1259 Metennio
1277 1199 1358 1272 capit

202 1300 367 1360 consilinm.
413 1294 641 1360 Pausimsohus
662 1293 702 1359 fr.
723 1303 757 1360 4:
792 1298 849 1358 hoc
872 1316 890 1358 a
912 1305 943 1358 te
965 1298 1099 1372 postulo,
1133 1298 1179 1356 Ne
1208 1312 1276 1356 oen
1296 1311 1356 1356 meo

200 1401 291 1472 onata
314 1398 442 1473 posthac
465 1397 593 1456 limussis
617 1403 714 1470 eaput.
747 1392 888 1457 Plocium
905 1392 943 1457 ir.
962 1398 990 1472 1,
1013 1411 1041 1457 v,
1060 1396 1134 1457 149:
1157 1396 1204 1454 Es
1219 1411 1266 1454 me
1282 1395 1356 1455 elau

203 1514 235 1557 se
264 1512 330 1555 enen
350 1512 416 1553 mea
438 1495 550 1554 aneilla
576 1495 620 1552 ait
650 1502 833 1553 consuetum.
877 1490 914 1556 fr.
939 1500 968 1570 9,
991 1509 1019 1553 v.
1047 1495 1121 1555 174:
1155 1494 1181 1553 si
1210 1494 1253 1551 nil
1276 1493 1355 1567 quie·

205 1611 293 1669 quem
317 1594 398 1654 uliud
420 1593 473 1652 riti
497 1592 647 1666 Adportes
670 1596 772 1651 neum.
817 1588 925 1653 Tit-the
940 1588 977 1653 fr.
995 1593 1028 1653 2:
1051 1607 1127 1666 egon
1149 1592 1240 1650 vitam
1264 1605 1356 1649 menn

205 1693 335 1752 Atticam
359 1690 536 1751 contendam
565 1687 607 1762 (h.
631 1706 657 1752 e.
678 1692 870 1767 comparem)
897 1706 963 1749 mern
987 1689 1063 1748 istae
1088 1689 1260 1755 nonnae,
1294 1703 1356 1747 mea

206 1787 306 1864 Syre?
348 1785 477 1850 Terent.
500 1785 615 1849 Heaut.
639 1785 664 1864 Ι,
688 1789 717 1862 2,
741 1795 768 1849 9.
803 1784 930 1849 Phorm.
952 1783 978 1864 I,
1002 1791 1032 1864 3,
1057 1788 1108 1849 19:
1140 1785 1226 1860 Quod
1255 1787 1282 1845 si
1305 1785 1356 1844 tihi

204 1903 254 1947 res
277 1888 317 1947 sit
340 1904 406 1945 cam
428 1903 460 1944 co
483 1886 584 1944 lenem
605 1902 727 1958 paucam
749 1886 864 1957 mihist,
898 1893 959 1944 tum
988 1886 1100 1946 sentias
1128 1884 1169 1958 (v.
1192 1879 1290 1945 Herz.
1318 1877 1356 1943 ud

205 1978 294 2046 Caes.
318 1999 348 2062 p.
374 1984 457 2056 507).
501 1979 583 2045 Eun.
606 1980 632 2059 Ι,
654 1985 683 2059 2,
708 1985 762 2046 39:
796 1984 862 2057 Ego
882 2000 948 2042 eam
968 1983 1033 2050 itio,
1065 2000 1188 2056 nom
1215 1987 1278 2040 tum
1300 1993 1356 2039 m

205 2098 269 2141 rem
291 2082 436 2140 habebam
466 2081 592 2153 hospite,
624 2081 692 2141 Abii
721 2082 788 2140 hue.
834 2078 911 2143 Heu.
934 2078 990 2158 IV,
1020 2085 1050 2157 4,
1075 2082 1129 2142 96:
1165 2082 1191 2139 si
1218 2096 1286 2138 unse
1306 2077 1355 2137 eu·

205 2179 344 2240 hebuerit
365 2196 426 2239 rem
451 2189 565 2254 postea.
610 2175 687 2240 Heu.
716 2176 774 2254 III,
800 2182 828 2251 3,
853 2182 907 2240 21:
942 2182 1027 2240 Hanc
1055 2182 1165 2239 hebere
1192 2179 1356 2238 cremonen

204 2294 316 2338 meam
338 2278 486 2352 principio
509 2278 620 2337 institit
642 2277 683 2352 (v.
704 2274 798 2339 Herz.
823 2276 863 2339 ad
887 2273 977 2340 Caes.
1002 2293 1031 2356 p.
1054 2277 1140 2350 466).
1185 2273 1244 2337 Ad.
1261 2273 1305 2351 ΙΙ,
1327 2277 1355 2349 4,

206 2377 263 2437 2οε
288 2384 319 2436 tu
341 2392 407 2435 enm
428 2375 483 2434 itta
504 2382 534 2434 te
558 2377 637 2434 intus
661 2377 780 2436 oblecta
803 2377 929 2435 interim.
963 2372 1001 2452 V,
1019 2377 1048 2452 3,
1065 2380 1120 2437 54:
1142 2391 1279 2435 mseras
1294 2390 1356 2433 ensi

208 2474 271 2546 filio
295 2474 366 2533 Cum
389 2475 486 2548 primo
508 2476 579 2533 lucu
600 2475 649 2533 ibo
672 2474 749 2534 hine.
784 2472 863 2535 Eun.
881 2470 935 2550 IV,
952 2477 981 2551 2,
1000 2478 1030 2536 l:
1054 2475 1139 2549 coepi
1162 2479 1282 2548 egomet
1302 2489 1356 2531 sne·

205 2589 271 2632 enm
293 2603 336 2613 —
359 2573 499 2645 cogitare.
544 2568 670 2635 Phorm.
695 2569 736 2646 ΙΙ,
761 2576 788 2649 1,
815 2574 868 2634 12;
891 2575 1033 2633 Meditari
1053 2590 1159 2634 senine.
1203 2569 1304 2634 Andr.
1331 2567 1354 2645 I,

209 2672 236 2745 1,
259 2671 313 2731 662
337 2671 386 2744 qui
402 2687 467 2727 enm
486 2671 613 2742 inpenic's
628 2669 817 2731 conflictatur
839 2675 902 2731 eius
917 2671 1004 2730 modi.
1048 2668 1173 2733 Pham.
1185 2667 1224 2747 V,
1248 2671 1278 2746 3,
1303 2670 1354 2732 34;

206 2777 324 2843 gnatam
348 2768 446 2825 inveni
470 2774 591 2842 nuptam
614 2785 680 2826 enin
702 2773 751 2827 tno
773 2769 844 2840 filio.
879 2767 1027 2845 Hee.1V‚
1049 2772 1080 2844 4,
1103 2771 1158 2830 34:
1183 2768 1224 2844 (si
1238 2769 1355 2829 -—·'vel·

207 2866 250 2925 let
271 2868 324 2934 —)
348 2882 380 2925 se
404 2883 469 2925 osse
491 2882 603 2924 mecum
626 2875 755 2941 nuptam.
802 2866 880 2930 Hec.
902 2863 958 2943 IV,
984 2869 1011 2942 l,
1039 2869 1092 2929 19:
1117 2874 1197 2926 esset
1219 2884 1287 2925 enne
1307 2864 1355 2924 tuo

207 2973 309 3037 nupta.
348 2961 472 3025 Phorm.
490 2960 532 3039 ΙΙ,
557 2966 583 3037 l,
609 2967 661 3026 74:
686 2967 769 3039 Egon
793 2968 875 3026 illam
897 2982 964 3024 enm
985 2965 1037 3024 ilio
1060 2973 1092 3024 ut
1114 2966 1212 3039 patiar
1236 2973 1356 3038 nuptam

207 3079 295 3121 unum
320 3061 418 3121 diem?
462 3058 534 3123 Huc
549 3057 707 3123 referendi
724 3067 799 3126 sunt
814 3063 910 3126 etiam
926 3079 1035 3125 omnes
1057 3061 1079 3124 ii
1098 3060 1168 3139 loci,
1191 3059 1247 3124 ubi
1268 3076 1356 3140 prse-

207 3157 322 3238 positio
347 3178 412 3220 enm
434 3157 601 3221 coniuncte
632 3165 774 3222 osteum
804 3159 926 3239 verbis,
959 3177 1040 3239 qnae
1068 3159 1196 3239 proprie
1224 3155 1357 3238 simplici

207 3272 285 3320 casu
308 3256 456 3336 coniungi
482 3256 595 3335 solent,
619 3273 681 3336 quo
705 3274 801 3337 saepe
830 3257 913 3321 actio
936 3263 1046 3322 mutua
1068 3257 1264 3339 exprimitur.
1309 3254 1357 3319 Sic

96 3407 99 3412 .
207 3353 300 3417 Ennii
316 3355 417 3418 annal.
434 3355 453 3419 Ι.
472 3354 496 3433 Ι,
512 3353 551 3417 fr.
567 3359 623 3418 18:
647 3357 689 3416 Tu
712 3374 784 3417 vero
806 3357 872 3417 tace
895 3359 973 3433 quod
995 3362 1089 3417 tecam
1110 3358 1250 3432 precibus
1272 3364 1357 3432 pater

206 3459 280 3515 orat.
324 3452 428 3518 Plaut.
456 3452 569 3533 Amph.
598 3451 623 3532 Ι,
655 3459 679 3528 l,
708 3457 780 3516 139:
820 3457 877 3530 Qui
907 3457 1063 3530 conplexus
1096 3473 1164 3515 cnm
1191 3455 1356 3515 Almonem

206 3553 295 3612 cubat
317 3571 427 3627 amans,
452 3554 549 3612 animo
573 3570 751 3627 opsequens,
775 3550 830 3614 ubi
854 3571 920 3612 cum
942 3557 1008 3615 Ale.
1032 3568 1092 3615 non
1115 3550 1156 3614 ad
1179 3556 1279 3626 cubat,
1302 3549 1356 3615 sed

207 3648 247 3712 ad
271 3653 432 3725 conplexus
461 3648 588 3712 videtur
610 3647 821 3726 referendum,
844 3667 916 3712 nam
940 3653 1029 3713 extat
1050 3646 1138 3714 locus
1161 3649 1272 3713 similis
1295 3647 1357 3714 uu

206 3745 285 3827 glor.
309 3746 352 3824 ΙΙ,
377 3750 404 3824 2,
428 3751 483 3811 9οε

293 3852 423 3922 Argnam
446 3849 522 3907 hene
545 3848 653 3908 vidisse
676 3856 747 3922 aput
769 3855 800 3907 te
823 3854 928 3908 eontra
951 3863 1121 3908 conservom
1144 3865 1242 3908 meum

295 3947 368 4007 Cam
389 3963 442 4006 sno
463 3951 595 4005 amatore
614 3947 829 4019 conponentem
851 3952 938 4018 etque
962 3946 1170 4005 associantem.

208 4040 245 4107 cf.
268 4048 296 4121 3,
320 4047 370 4108 49.
393 4042 433 4107 ib.
456 4060 484 4106 v.
503 4047 556 4105 67:
580 4046 783 4105 ausculantem
797 4075 836 4086 -
850 4061 915 4104 cunr
939 4044 1132 4117 alienosne,
1155 4042 1210 4107 ubi
1231 4043 1361 4108 verbum

211 4145 342 4203 osculari
365 4141 527 4221 reciproce
550 4137 777 4220 significatione
800 4139 939 4220 positum
963 4146 1027 4218 est,
1061 4140 1106 4202 ita
1134 4145 1171 4204 ut
1202 4141 1286 4206 ectio
1310 4158 1362 4205 ex·

209 4239 366 4316 primatus
389 4244 515 4316 mutua,
538 4237 622 4301 sicut
643 4238 738 4302 etiem
762 4243 795 4315 2,
826 4242 867 4301 88
890 4244 922 4300 et
944 4241 979 4314 4,
1011 4242 1048 4302 13
1072 4253 1118 4316 sq.
1163 4238 1280 4304 Bacch.
1304 4236 1362 4311 ΙΙΙ,

209 4339 238 4414 6,
260 4340 299 4400 35
323 4354 384 4416 sa:
414 4341 470 4400 nisi
493 4356 558 4398 eum
579 4339 634 4396 itta
657 4369 695 4380 —
721 4341 892 4412 Occuperes
917 4345 980 4397 tute
1004 4338 1068 4412 ipse
1091 4355 1203 4401 amare.
1248 4337 1362 4401 Pseud
