3125 5075
139 350 203 412 258
578 341 736 382 conanum
757 341 821 382 (ΙΑΡ.
835 339 878 382 ΙΙΙ.

141 519 190 578 ott
210 519 300 591 volet,
322 514 363 579 ad
385 531 414 596 q.
436 514 457 580 l.
474 515 668 581 Gronovius:
692 516 782 595 „Sere
803 519 849 578 etr·
870 531 934 579 non
956 513 1007 578 eet
1028 529 1064 577 ee
1084 510 1157 592 ipso
1181 510 1230 576 nti
1251 529 1272 576 v

140 612 202 679 albi
223 629 293 678 eece
315 611 454 691 utibilis,
476 630 540 677 non
561 611 657 695 genio
680 612 864 695 indulgere,
888 611 947 677 aed
968 609 1060 691 quani
1083 614 1174 674 esset
1195 612 1223 673 ei
1242 627 1272 672 oe

139 729 175 774 eo
195 714 273 773 colet
291 712 346 775 uti.
375 711 443 772 Sese
456 705 605 788 παρέλκει,
625 715 664 776 nt
685 709 831 792 plurimis
851 709 930 775 loeis
944 707 1029 790 apud
1044 706 1209 783 Plautum,
1228 724 1271 788 pe

139 807 326 874 indoleret
350 809 379 869 ei
398 809 445 870 reti
471 808 573 868 colet.“
617 808 703 873 Trin.
726 805 770 887 ΙΙ,
794 812 824 887 2,
847 812 904 873 48:
932 825 982 871 rea
1008 807 1187 884 quaedamst
1214 823 1272 882 qua

142 909 212 968 volo
233 908 298 983 Ego
321 922 367 967 me
390 924 444 982 aps
466 912 497 965 te
520 923 657 981 exorare,
679 905 720 969 ad
743 922 773 986 q.
797 905 818 969 Ι.
841 904 1000 969 Lindem:
1028 900 1233 982 „docemini
1255 899 1272 966 ir

140 1000 264 1068 finitive
289 1001 388 1067 iuneti
415 1005 581 1067 structura
614 1002 648 1065 in
672 1001 779 1068 verbis
805 1021 922 1079 arpen,
957 1003 1044 1071 celle,
1078 1001 1212 1069 madere,
1248 1003 1271 1064 u

140 1098 342 1166 accusativus
366 1097 408 1164 ad
435 1097 616 1164 aubiectum
638 1102 779 1179 spectat,
812 1097 1072 1179 frequentissima
1099 1096 1187 1177 apud
1207 1095 1272 1162 Pro

141 1202 220 1264 tum.
269 1195 335 1262 Sed
362 1196 457 1278 longe
484 1193 672 1261 insolentior
697 1194 776 1261 hoec
804 1200 970 1261 structura
994 1195 1027 1259 in
1061 1194 1171 1261 verbis
1198 1196 1272 1257 eide

136 1313 232 1372 poree.
272 1291 447 1359 caeterum
468 1291 506 1358 el.
528 1292 628 1372 Pareit
648 1292 739 1358 lexic.
761 1288 1005 1358 inlinendae
1027 1291 1192 1371 Plautina,
1215 1309 1272 1358 eno

142 1392 216 1473 lage
237 1395 273 1456 et
293 1395 374 1472 eynt.
397 1390 508 1456 insol.“
552 1389 648 1455 Peon.
664 1388 725 1470 Ill,
741 1395 771 1470 3,
790 1395 846 1457 34:
869 1393 983 1453 Locum
998 1393 1058 1454 eibi
1076 1391 1155 1453 vella
1174 1391 1272 1453 liber·

142 1491 327 1568 praeterier.
370 1487 493 1553 Eadem
515 1487 616 1553 verba
637 1487 790 1568 leguntur
804 1487 854 1554 ib.
877 1485 904 1566 1,
929 1492 957 1566 l,
979 1493 1030 1554 49.
1052 1487 1170 1553 Pseud.
1193 1484 1250 1567 ΙΙΙ,

144 1591 201 1653 93:
234 1590 325 1651 Uncti
347 1588 379 1647 ni
401 1595 471 1649 runt
493 1599 599 1649 renes:
632 1588 742 1660 fricari
759 1605 822 1649 cese
842 1604 880 1648 ex
902 1587 1025 1663 antiqno
1047 1588 1159 1647 volutet.
1205 1583 1271 1648 Poe

141 1682 169 1764 1,
192 1688 222 1764 2,
246 1687 323 1749 124:
356 1687 433 1746 Sunt
454 1687 500 1746 illi
523 1680 706 1764 (sic-Aep)
728 1686 821 1761 aliae,
857 1702 931 1761 qnae
953 1691 1092 1760 rpeomre
1123 1701 1180 1760 ego
1203 1691 1272 1746 etn

144 1785 279 1860 spectari
306 1785 382 1845 volo.
427 1800 455 1846 v.
487 1785 563 1846 127:
597 1784 638 1842 ibi
674 1800 728 1858 ego
762 1801 809 1843 mo
840 1783 959 1845 ostendi
986 1783 1063 1843 volo.
1108 1778 1170 1858 ΙΙΙ,
1196 1785 1224 1858 1,
1247 1781 1272 1843 d!

144 1881 194 1942 Ad
215 1897 280 1940 eam
303 1897 367 1939 rem
389 1898 444 1941 noe
465 1897 532 1941 esee
556 1882 642 1942 testis
665 1882 709 1941 vis
724 1881 790 1940 tibi.
834 1877 924 1945 Pers,
939 1877 966 1957 Ι,
983 1882 1012 1957 2,
1032 1881 1085 1942 10:
1108 1881 1216 1955 Neque
1232 1895 1271 1954 qu

145 1978 282 2052 drnplari
302 1993 349 2037 me
372 1980 449 2052 volo,
472 1976 514 2041 ad
536 1993 567 2055 q.
582 1975 603 2040 l.
620 1974 772 2040 Turueb.:
796 1995 859 2045 „me
880 1975 1033 2053 abundat,
1057 1973 1076 2038 i.
1093 1993 1119 2040 e.
1136 1973 1211 2038 nolo
1227 1991 1272 2054 qu

144 2070 315 2153 drupletor
337 2071 438 2138 esse.“
482 2073 598 2140 Pseud.
622 2072 648 2151 Ι,
671 2075 701 2152 2,
725 2077 780 2138 34;
814 2075 973 2151 Magnifice
997 2077 1063 2135 uolo
1085 2092 1132 2134 ure
1155 2073 1272 2135 virosa

146 2171 251 2245 cipere.
274 2169 364 2234 Pers.
378 2168 417 2250 V,
434 2175 463 2251 2,
479 2176 521 2236 45
536 2188 602 2251 eq:
625 2174 675 2233 lde
691 2190 807 2248 quoque
831 2176 898 2234 volo
914 2171 1062 2245 Reddere,
1085 2174 1164 2235 cett.
1188 2167 1270 2233 Pseu

145 2265 189 2346 ΙΙ,
206 2271 236 2345 2,
252 2272 306 2332 dd:
329 2287 395 2331 eum
418 2287 455 2331 eo
477 2271 578 2331 alebat
598 2270 673 2330 celle
693 2270 773 2328 mitti
792 2270 956 2330 mulierem.
999 2266 1096 2332 Poen.
1112 2265 1176 2345 ΙΙΙ,
1198 2271 1226 2344 1,
1248 2271 1272 2330 tt

144 2369 188 2428 At
209 2366 316 2443 edepol
338 2367 393 2428 tibi
415 2385 470 2429 noe
492 2369 524 2427 in
545 2369 661 2428 lumbos
683 2368 813 2443 lingnam
836 2375 925 2443 atque
948 2369 1051 2428 oculos
1073 2369 1104 2426 in
1127 2368 1225 2427 rolnm
1247 2363 1272 2438 (t

145 2462 281 2528 velimus
303 2460 478 2540 decidere).
520 2462 612 2544 Capt.
628 2461 653 2541 1,
677 2466 706 2542 2,
730 2466 785 2526 72;
808 2466 974 2540 Propterea
996 2468 1023 2523 te
1042 2463 1146 2524 ooeuri
1169 2462 1223 2540 [ad
1242 2479 1272 2522 m

145 2562 185 2624 ad
209 2578 313 2623 cenam
336 2566 412 2624 volo.
455 2561 570 2626 Pseud.
586 2560 612 2639 Ι,
628 2565 658 2640 3,
683 2565 735 2624 11:
758 2564 817 2623 iam
840 2570 873 2622 nt
896 2560 955 2638 [tu]
977 2562 1135 2623 medeare
1160 2562 1270 2622 uolent

146 2677 209 2721 ero.
252 2657 278 2734 Ι,
303 2663 332 2738 3,
356 2662 412 2723 95:
434 2663 564 2723 minimis
582 2678 630 2721 me
653 2662 731 2720 extis
753 2662 869 2735 placari
892 2663 968 2722 volo.
1012 2677 1041 2722 v.
1068 2663 1144 2723 149:
1179 2667 1210 2721 te
1231 2660 1271 2719 ml

146 2774 269 2833 operam
292 2758 363 2818 dare
386 2760 462 2819 colo.
505 2755 620 2821 Pseud.
643 2754 670 2833 1,
695 2759 724 2835 5,
750 2760 825 2821 146:
860 2760 914 2818 Set
942 2764 973 2818 te
996 2760 1063 2818 volo
1093 2759 1185 2818 Domi
1210 2773 1272 2830 ueqr

146 2854 263 2916 edesse.
306 2851 401 2918 Poen.
421 2852 481 2933 III,
503 2859 534 2932 4,
557 2859 594 2918 5:
628 2872 758 2931 propere
788 2853 845 2928 (sic
867 2851 961 2933 ΔΘρ)
984 2856 1076 2917 hosce
1098 2855 1223 2927 absumi,
1243 2854 1272 2929 (ι

146 2950 277 3026 apsumi)
299 2954 375 3013 volo.
420 2969 449 3016 v.
475 2956 532 3016 16:
565 2954 657 3027 Hem,
685 2954 781 3013 istaec
804 2956 871 3014 volo
894 2970 966 3027 ergo
988 2971 1041 3013 vos
1064 2955 1272 3013 commeminin

147 3048 256 3109 omnia.
280 3050 309 3126 5,
328 3051 382 3111 10:
407 3052 538 3112 Valeant
559 3053 691 3126 apudte
714 3051 835 3124 quos⁵¹l
858 3050 935 3124 volo,
958 3057 1047 3125 atque
1072 3050 1152 3109 haud
1175 3058 1205 3111 te
1228 3052 1272 3111 rol

147 3142 205 3208 ubi
225 3144 397 3225 utrobique
418 3151 525 3211 mente
547 3145 726 3210 addendum
750 3151 801 3211 est
821 3149 929 3208 colere.
966 3144 1005 3224 V,
1028 3149 1058 3224 2,
1081 3150 1137 3210 46:
1173 3150 1218 3209 sie
1240 3164 1272 3210 vo

147 3241 289 3306 Profecto
316 3262 390 3306 vera
416 3254 525 3307 cuneta
552 3248 620 3306 huie
648 3245 827 3320 expedirier.
872 3242 938 3309 Mil.
967 3242 1027 3320 ΙΙΙ,
1054 3249 1083 3322 3,
1113 3249 1173 3308 34:
1208 3249 1272 3322 Atqr

149 3340 238 3402 huiue
259 3359 383 3403 uxorem
405 3350 436 3404 ta
459 3345 528 3405 volo
551 3341 644 3419 [esse]
668 3344 858 3418 adsimulare,
881 3341 937 3406 ubi
951 3339 1081 3422 proprie
1101 3341 1151 3405 bis
1167 3341 1272 3422 positu

148 3440 177 3498 te
199 3438 350 3518 oportuit.
396 3436 473 3504 cist.
489 3437 515 3518 Ι,
539 3444 566 3519 1,
588 3444 626 3504 31
648 3456 712 3519 sq:
735 3442 848 3502 Nostra
870 3459 924 3502 nos
946 3441 1070 3501 nihilum
1094 3442 1184 3517 eopia
1206 3443 1272 3503 roln

148 3543 288 3613 potesse,
324 3538 433 3614 Suiqne
456 3540 584 3599 omniurn
612 3555 712 3600 rerum
739 3557 793 3599 nos
821 3540 964 3613 indigere.
1008 3535 1124 3602 Bacch.
1146 3536 1174 3616 Ι,
1200 3543 1229 3617 1,
1251 3540 1270 3601 6

148 3634 192 3695 dt
214 3650 269 3709 eqo
291 3636 360 3696 nolo
382 3637 454 3696 dare
479 3644 508 3696 te
531 3638 697 3711 quicquum.
741 3634 857 3700 Bacch.
883 3635 937 3713 lv,
963 3640 992 3713 9,
1020 3641 1099 3699 141:
1132 3637 1229 3703 Nolo,
1260 3638 1271 3696 l

151 3748 253 3810 qnam,
289 3750 399 3793 aarum
420 3734 554 3795 concredi
575 3735 657 3793 milri.
703 3731 780 3796 cist
804 3732 829 3811 Ι,
852 3752 882 3797 v.
906 3737 963 3797 85:
998 3735 1068 3809 quia
1090 3751 1146 3809 ego
1169 3737 1272 3797 nolor

149 3833 340 3891 meretricem
363 3833 467 3893 dicier.
511 3830 600 3896 Fere.
616 3829 671 3909 IV,
694 3835 724 3908 4,
747 3835 803 3894 67:
825 3834 903 3894 Nolo
925 3848 981 3907 ego
1009 3840 1038 3891 te
1061 3833 1173 3895 mirari
1220 3829 1272 3895 Asi

150 3923 211 4005 ΙΙΙ,
235 3931 264 4005 3,
288 3931 345 3992 68:
378 3931 455 3991 Nolo
485 3948 540 4006 ego
569 3938 599 3991 to
622 3932 672 4005 qni
695 3948 765 3991 erue
793 3932 834 3992 sis
856 3930 929 3989 milri
951 3949 1025 3990 onus
1048 3930 1126 3990 istnc
1149 3933 1272 3991 sustinet

150 4022 268 4089 Pseud.
291 4023 334 4105 ΙΙ,
357 4031 388 4104 4,
412 4030 469 4090 242
491 4032 560 4089 nolo
582 4029 638 4088 tibi
660 4030 803 4089 molentes
826 4046 892 4089 esso
915 4044 978 4088 nos.
1023 4023 1121 4089 Poem
1136 4024 1177 4105 V,
1200 4031 1230 4105 2,
1252 4032 1271 4090 4

150 4123 230 4184 Nolo
252 4140 307 4201 ego
330 4141 434 4187 errare
456 4126 613 4201 hospitem.
641 4142 672 4191 v.
687 4130 741 4190 77:
763 4128 842 4188 Meis
866 4127 1094 4201 consanguineis
1116 4128 1187 4187 nolo
1210 4132 1241 4188 te
1263 4127 1272 4185 i

223 4335 259 4402 ⁸¹)
277 4338 356 4409 Vutg.
375 4355 453 4410 quoe.
494 4340 568 4411 Quor
586 4342 669 4412 Aep.
