3125 5075
206 382 266 444 108
647 372 774 414 vannum
803 373 866 414 car.
881 372 930 415 xrr.

203 568 233 641 4,
259 567 290 625 l:
326 533 398 623 Viso
427 499 647 638 hufffuamator
673 562 702 623 si
730 579 747 620 a
774 559 840 623 foro
869 563 959 621 rediit
987 561 1113 622 domum.
1157 557 1227 623 Mil.
1252 555 1314 638 111,
1341 562 1368 638 la

206 662 246 724 18
268 675 330 738 aq.:
366 659 419 720 Set
446 662 513 720 volo
542 662 619 721 scire
649 692 691 704 -
719 657 753 718 Si
779 661 910 733 quamue
931 677 1008 735 rem,
1038 656 1092 721 ubi
1121 655 1194 721 vide
1218 655 1372 744 Linm

204 755 302 820 Poen.
327 753 366 833 V,
389 758 418 835 2,
446 758 504 819 103
534 771 596 834 sq.:
636 758 840 817 Memoradum
869 759 955 829 mihi,
986 755 1019 815 st
1046 755 1116 814 uoci
1145 755 1224 817 forte
1347 745 1349 750 ’

170 855 173 862 ’
201 858 272 915 suat
293 855 412 929 cognati
434 855 513 912 mihi.
559 851 645 916 Peru.
669 850 720 933 V,
733 855 762 931 2,
786 859 841 917 44:
871 856 938 914 vide
962 870 1042 929 vero,
1070 852 1174 913 sitibi
1196 854 1277 913 satia

204 955 255 1012 ccl.
301 948 387 1012 Tria.
412 948 471 1027 111,
495 953 524 1027 3,
549 952 603 1012 2οε
638 951 712 1011 Vide
738 952 765 1011 si
787 953 844 1013 hoc
871 952 975 1011 utibile
1003 951 1096 1024 magis
1126 959 1216 1025 atque
1244 952 1276 1009 in
1301 929 1366 1012 rffl

204 1048 335 1122 deputas.
381 1045 507 1111 Terent.
531 1044 612 1110 Eun.
636 1046 696 1125 111,
718 1051 749 1125 4,
773 1051 808 1111 7:
842 1050 933 1124 quue
957 1048 1032 1108 adeo
1055 1049 1162 1122 visam,
1189 1048 1217 1106 si
1246 1048 1362 1107 domist·

203 1142 241 1223 V,
268 1147 375 1222 1‚23:
415 1146 490 1205 Vide
526 1148 646 1224 amabo,
680 1148 706 1206 si
738 1164 811 1213 uou,
845 1164 932 1221 quom
966 1146 1110 1219 aspicias,
1145 1161 1179 1203 os
1211 1145 1364 1219 inpudens

206 1241 336 1302 Videtur.

290 1339 321 1411 3)
345 1336 450 1401 Etiam
480 1338 513 1402 in
543 1340 718 1413 sumptionis
744 1341 807 1412 ficti
838 1336 1059 1401 enunciatione
1088 1335 1243 1416 primaria
1264 1353 1362 1416 saepe

203 1432 394 1498 indicativus
416 1433 555 1514 ponitur,
588 1440 624 1499 ut
647 1442 781 1499 eventus
804 1441 953 1514 tanquam
979 1440 1085 1499 certus
1108 1433 1148 1498 ob
1171 1431 1282 1497 oculos
1306 1450 1362 1512 po-

203 1535 313 1609 natur,
336 1530 375 1593 de
398 1548 461 1611 qua
488 1550 524 1597 re
545 1531 617 1595 vide
640 1531 734 1604 etiam
759 1530 953 1595 Ellendtium
981 1529 1152 1595 deformis
1176 1530 1361 1593 enunciata·

203 1646 272 1691 ram
303 1627 558 1693 conditionalium
588 1628 715 1709 linguae
744 1628 799 1691 lat.
820 1647 850 1709 p.
875 1634 915 1691 50
940 1647 986 1707 sq.
1032 1627 1084 1691 Sic
1111 1626 1215 1692 Plant.
1242 1627 1359 1707 Amph.

203 1724 228 1803 l,
255 1730 281 1802 1,
308 1728 382 1788 180:
406 1729 474 1804 Non
497 1729 603 1803 edepol
628 1746 705 1787 nano
729 1729 777 1787 ubi
801 1737 949 1787 terraram
973 1730 1025 1789 sim
1049 1729 1123 1793 scio,
1150 1728 1246 1801 siquis
1269 1732 1359 1799 ropac.

203 1840 232 1884 v.
258 1827 336 1885 294:
374 1825 538 1899 Quadrigas
565 1826 592 1885 ai
622 1844 699 1885 nnnc
727 1826 883 1884 inscendas
910 1828 987 1885 Iovis
1015 1830 1113 1900 Atque
1145 1826 1213 1881 hinc
1244 1823 1358 1896 sagina,

204 1923 247 1980 ita
270 1921 317 1979 vix
334 1921 447 1993 poteras
469 1922 607 1997 calogero
632 1921 835 1982 infortunium.
880 1920 922 1999 ΙΙ,
940 1928 968 1998 2,
986 1927 1040 1984 43;
1065 1924 1160 1995 Magis
1184 1939 1262 1979 nuno
1285 1917 1360 1995 [mo]

204 2034 300 2077 meum
324 2017 453 2078 officium
475 2018 585 2092 facere,
608 2020 635 2079 si
658 2020 726 2079 huic
749 2037 813 2080 cum
836 2021 1002 2095 advorsum,
1026 2020 1165 2078 arbitror.
1190 2016 1301 2082 „Asin
1319 2015 1361 2093 ΙΙ,

203 2118 233 2192 4,
257 2116 278 2176 8
301 2128 362 2190 sq.:
398 2114 432 2174 st
454 2118 571 2189 quidem
602 2118 703 2176 hercle
732 2134 810 2175 anno
834 2133 975 2176 summurn
1001 2119 1098 2176 Iovem
1122 2125 1152 2173 ta
1177 2105 1261 2175 d'acos
1284 2117 1360 2174 deti·

204 2213 303 2272 naisso
332 2216 429 2288 Atque
458 2216 483 2274 is
514 2223 636 2286 praetor
663 2213 773 2288 castet,
808 2215 915 2272 malam
943 2232 1005 2273 rem
1033 2212 1161 2285 cosuya'cs
1191 2230 1360 2288 numquam.

204 2306 274 2371 Aul.
300 2306 341 2386 II,
364 2311 394 2385 2,
418 2312 471 2372 76:
496 2329 591 2385 nequo
613 2311 788 2383 stropium,
811 2312 932 2384 copiast.
973 2307 1062 2387 Capi.
1085 2307 1127 2377 Π,
1154 2315 1180 2386 l,
1204 2313 1259 2370 26:
1284 2311 1360 2369 Nam

203 2408 264 2467 doli
287 2425 344 2467 non
369 2409 430 2468 doli
451 2411 534 2480 suut,
564 2409 624 2467 uisi
647 2416 712 2467 astu
736 2409 828 2483 colas,
860 2410 913 2467 Set
935 2411 1042 2467 malam
1066 2425 1248 2479 maxumum,
1279 2408 1307 2466 ai
1330 2407 1359 2465 id

201 2506 299 2579 gualam
323 2506 476 2579 prouenit,
508 2520 601 2583 quern
629 2503 730 2568 locarn
760 2503 853 2568 affert
876 2502 1020 2566 Handius
1042 2503 1074 2565 in
1097 2501 1278 2566 Tursellino
1303 2501 1358 2582 IV,

201 2619 230 2679 p.
256 2605 327 2664 224.
348 2664 352 2671 ,
373 2599 464 2664 Cure.
490 2600 548 2679 ΙΙΙ,
573 2607 612 2664 79
635 2618 717 2679 squ:
743 2605 818 2676 Quia
842 2606 918 2662 enirn
943 2606 971 2661 ia
996 2604 1134 2661 caucasi
1156 2602 1257 2673 forent
1279 2602 1358 2662 Con·

202 2702 291 2760 classi
321 2698 391 2774 [illi]
416 2701 519 2759 itidem
551 2707 583 2759 ut
605 2703 678 2773 pulli
702 2704 874 2774 gallinacei,
906 2703 951 2758 Ita
975 2717 1031 2758 uon
1051 2704 1173 2772 potuere
1196 2719 1256 2759 nuo
1280 2718 1358 2758 anuo

201 2799 395 2856 circumirier.
443 2793 518 2856 cist.
543 2794 567 2872 1,
596 2802 625 2865 3,
648 2803 682 2857 4:
720 2798 804 2870 Quod
832 2800 859 2857 si
887 2798 1037 2869 uouisset,
1064 2805 1161 2855 tamen
1187 2799 1252 2871 Ego
1276 2814 1358 2855 cram

201 2894 344 2968 dicturus,
368 2894 449 2965 dens,
474 2895 523 2967 qni
546 2902 678 2968 poteram
703 2897 829 2968 planius.
865 2893 956 2973 Epia.
981 2892 1018 2969 V,
1046 2898 1070 2969 l,
1094 2899 1129 2954 4:
1161 2892 1195 2951 Si
1217 2894 1358 2954 undecim

204 2994 274 3049 deos
298 2997 420 3065 praeter
443 3008 510 3050 sese
534 3010 633 3050 secum
657 2992 786 3051 adducat
807 2995 950 3066 luppiter,
975 2994 1021 3050 lta
1044 3011 1102 3050 raon
1119 3010 1220 3049 ornnes
1237 3009 1357 3073 ers-crn-

201 3089 281 3147 ciatn
305 3091 447 3160 poterunt
475 3091 604 3149 eximere
629 3091 795 3164 Epidicum.
842 3087 954 3151 Bacch.
979 3088 1008 3162 1,
1034 3091 1068 3162 2,
1092 3092 1146 3149 2οε
1178 3089 1234 3160 Qui
1257 3090 1285 3148 ai
1305 3089 1358 3151 dc·

202 3203 265 3245 cem
289 3186 398 3244 habeas
421 3186 550 3259 linguas,
578 3195 688 3246 mutarn
717 3205 782 3247 csse
807 3187 933 3246 addecet.
979 3184 1034 3261 IV,
1059 3190 1087 3253 9,
1111 3189 1152 3246 80
1176 3189 1219 3260 (v.
1249 3185 1357 3258 laam:

201 3284 275 3342 Nam
300 3300 354 3357 ego
378 3300 435 3342 non
460 3284 577 3344 datuurus
598 3303 672 3352 saum,
700 3286 851 3345 siiuhccs
875 3303 1017 3344 maxume.
1065 3301 1092 3342 u.
1122 3286 1195 3344 122:
1232 3283 1267 3342 Si
1290 3286 1358 3358 plus

195 3379 385 3451 perdundum
408 3381 456 3456 sit,
480 3385 595 3455 perisse
618 3385 711 3444 satius
735 3387 785 3443 esi.
830 3379 946 3442 Bacch.
970 3400 999 3441 v.
1029 3385 1122 3443 1172:
1147 3383 1184 3440 Ni
1209 3383 1300 3441 abeas
1316 3411 1359 3422 -·

202 3478 287 3536 dabo.
323 3474 407 3538 Men.
432 3476 470 3555 V,
496 3482 523 3554 2,
547 3481 583 3540 8:
609 3482 689 3553 Quas
712 3481 738 3539 si
761 3482 817 3538 iarn
842 3484 992 3539 autumem
1014 3484 1117 3552 omnis,
1142 3482 1229 3538 nimis
1253 3482 1357 3554 longus

202 3578 334 3634 sermoat.
366 3570 462 3637 Mero.
488 3574 529 3653 ΙΙ,
554 3581 582 3651 3,
606 3581 660 3639 94:
683 3581 724 3636 Aa
740 3594 794 3651 ogo
816 3579 842 3636 si
864 3579 959 3644 uelim,
982 3581 1038 3637 iam
1062 3577 1174 3636 dautur
1189 3587 1307 3650 septem
1328 3583 1358 3633 et

201 3673 308 3747 viginti
332 3673 437 3730 minas.
484 3671 538 3748 IV,
562 3677 591 3750 2,
618 3679 631 3735 l
657 3688 741 3751 sqq.:

352 3770 498 3830 Parumne
523 3772 578 3830 hoc
602 3776 645 3830 cst
665 3773 760 3830 malae
784 3775 828 3831 rei
852 3774 929 3847 qnod
954 3780 1033 3831 aurat
1057 3774 1217 3846 Demipho,

351 3866 394 3924 Ni
417 3875 605 3942 sumptuosus
629 3873 752 3944 iusuper
775 3872 864 3928 etiam
887 3872 960 3930 sict?

354 3967 466 4024 Decem
489 3965 516 4024 si
539 3967 576 4024 ad
600 3984 703 4025 ceruam
727 3985 854 4027 summos
877 3971 1034 4028 vocitasset
1056 3971 1143 4039 viros,

352 4063 481 4122 Nimium
504 4064 662 4134 opsouuua.

199 4157 313 4222 Pseud.
337 4158 363 4236 Ι,
387 4164 415 4236 3,
441 4164 494 4223 57;
529 4162 627 4235 Atque
652 4164 741 4235 adeo,
769 4162 920 4222 silacere
938 4163 1065 4235 possim,
1095 4161 1191 4232 pictas
1209 4163 1357 4232 malahel.

200 4254 295 4319 Poen.
320 4255 379 4333 ΙΙΙ,
402 4267 432 4334 4,
460 4261 512 4321 19:
536 4257 709 4331 sipulum,
733 4277 791 4318 non
814 4260 952 4319 recludet.
997 4256 1051 4334 lv,
1076 4261 1104 4333 2,
1131 4260 1171 4317 98
1195 4272 1261 4334 sup:
1292 4276 1358 4317 nam

200 4355 257 4414 huc
288 4357 315 4413 si
343 4367 411 4415 ante
442 4358 525 4416 aedis
560 4373 700 4425 scoacum,
736 4359 877 4431 Quasque
908 4358 1061 4417 audivistis
1092 4355 1195 4427 modo,
1233 4356 1359 4415 rrnncsr'
