3125 5075
521 259 625 297 attone.
660 258 925 298 tunnanotisntm.
1239 267 1301 327 283

134 445 196 510 ubi
219 451 295 527 pust
321 446 460 524 priorem
489 464 619 512 versum
644 452 753 511 mente
779 445 959 511 addendum
989 450 1055 510 est:
1083 443 1181 510 Nulla
1201 460 1302 510 eausa

139 547 201 620 oet,
224 561 284 607 nur
305 543 366 609 hoo
387 541 452 608 fiat
499 547 547 608 An
569 543 706 608 fortasse
730 543 809 608 haee
831 546 894 621 est,
924 545 999 607 uett
1024 541 1082 622 111,
1106 546 1135 621 2,
1159 548 1200 608 29
1213 559 1299 623 sqq:

138 643 344 718 Adulescens,
367 660 494 719 quarto,
517 643 589 716 quid
611 645 665 704 tibi
688 659 755 703 nam
786 649 932 704 manumet
960 643 1020 719 rei,
1053 644 1125 702 mihi
1148 644 1199 718 qui
1222 644 1300 703 male

140 741 225 802 diras
248 744 294 802 sis
315 742 426 803 bonini
448 742 551 817 ignoto
573 741 696 802 sciens?
716 740 770 802 Aa
791 743 846 801 tibi
868 742 976 800 natam
998 757 1062 801 ram
1084 743 1130 802 uia
1150 742 1301 815 promulo

135 839 231 900 diutia
259 838 352 900 dari?
394 835 433 916 V,
457 842 491 915 1,
516 841 570 901 23:
604 839 684 915 Quid
715 840 749 898 id
768 840 807 899 ad
829 854 893 911 unu,
927 844 980 896 tuu
1003 845 1033 898 to
1055 845 1178 914 nuptam
1202 840 1302 914 possis

138 937 281 1012 perpati,
308 940 355 996 Au
377 937 420 996 sis
446 938 564 997 abitura
586 955 605 997 a
626 943 678 998 tun
700 936 785 1000 uiro?
808 955 850 996 un
870 954 933 997 nuos
956 938 1005 995 hic
1027 939 1114 1012 itast,
1136 938 1302 1012 Peregrina

139 1039 175 1093 ut
194 1033 368 1094 advenienti
391 1042 516 1094 narrent
537 1031 676 1096 tabutas?
720 1033 818 1098 Mero·
842 1032 891 1110 ΙΙ,
916 1036 951 1110 i,
975 1036 1029 1097 29:
1053 1036 1128 1094 Nan
1149 1034 1222 1107 qaid
1249 1036 1301 1096 ills

139 1132 322 1200 revortitur,
352 1133 410 1205 Qui
433 1133 540 1192 dudum
564 1151 729 1208 properare
754 1151 785 1194 se
809 1132 915 1195 aibut?
946 1149 989 1191 on
1018 1133 1071 1193 ille
1098 1150 1144 1192 ure
1172 1138 1302 1207 temptat

139 1227 268 1290 soieua?
312 1226 395 1291 Ruti.
417 1225 443 1304 Ι,
467 1233 496 1298 2,
519 1233 574 1293 23:
597 1230 679 1307 Quid
701 1239 733 1291 tu
756 1233 785 1291 id
809 1228 981 1306 quaeritas?
1022 1228 1076 1289 An
1096 1247 1155 1305 quo
1171 1228 1302 1290 furatum

140 1325 245 1386 uarias
268 1327 399 1401 vestiges
421 1326 509 1389 toea?
552 1324 650 1391 Stich.
669 1326 725 1404 IV,
751 1332 778 1405 l,
800 1331 856 1391 43:
878 1328 953 1404 Quia
974 1330 1052 1387 istun
1075 1328 1172 1388 dicit?
1193 1346 1234 1387 un
1249 1329 1302 1389 ille

140 1425 230 1500 quasi
251 1423 308 1484 tu?
352 1440 381 1487 v.
403 1425 463 1486 46:
486 1426 561 1501 Quis
582 1429 669 1499 istuc,
692 1426 825 1503 quaeso?
846 1443 887 1485 uu
907 1427 958 1485 iile
980 1427 1066 1499 quasi
1088 1426 1164 1501 ego?
1208 1423 1302 1488 True.

139 1518 186 1600 11,
208 1523 239 1597 6,
262 1523 322 1584 ⁴20:
351 1539 393 1582 ua
423 1540 469 1582 me
492 1526 570 1583 malo
594 1521 762 1586 sincerasti
791 1522 850 1595 (sio
872 1520 1020 1601 Kampm.
1043 1522 1084 1586 da
1104 1523 1167 1584 AB
1191 1538 1300 1601 praep.

137 1636 171 1699 p.
197 1621 239 1682 23
263 1635 308 1698 sq.
332 1617 416 1683 huno
439 1636 567 1683 versum
590 1619 717 1697 scribit,
750 1637 845 1699 quern
869 1616 964 1698 vide).
988 1617 1114 1684 Terent.
1139 1619 1237 1684 Andr.
1262 1617 1301 1699 V,

140 1720 171 1794 3,
199 1717 252 1780 li:
280 1718 363 1795 Quor
387 1735 483 1779 meam
512 1726 697 1779 senectutem
729 1721 816 1780 huius
847 1719 977 1779 sollicito
1000 1717 1149 1779 amantia?
1193 1718 1302 1778 Anat

138 1833 199 1891 pro
227 1816 313 1875 buius
340 1819 473 1890 pennatis
501 1832 556 1891 ego
587 1820 764 1891 supplicium
802 1817 964 1878 sufferam?
1009 1814 1089 1878 Eun.
1117 1813 1155 1893 V,
1179 1818 1216 1894 6,
1244 1818 1301 1877 to:

140 1915 236 1986 Ham,
267 1913 340 1985 qaid
368 1914 484 1987 dixisti,
507 1913 666 1989 pessuma?
699 1932 740 1975 un
768 1914 943 1975 msutita's?
986 1911 1063 1977 Hes
1086 1910 1152 1992 111,
1186 1918 1221 1984 1,
1247 1917 1302 1977 13:

139 2012 223 2090 Quid
243 2014 400 2071 oonsoiare
423 2011 493 2072 rue?
515 2029 556 2070 aa
578 2014 732 2089 quisquam
753 2029 876 2087 usquam
900 2014 1062 2085 gautinmst
1077 2029 1171 2087 seque
1185 2009 1301 2073 miser?

140 2111 173 2187 2,
199 2113 256 2172 11:
278 2109 358 2186 Quid
378 2108 445 2169 ata?
467 2126 509 2169 un
531 2112 612 2171 venit
634 2109 829 2185 Pamphilus?
853 2124 880 2170 r.
906 2112 964 2171 21:
986 2108 1067 2185 Quid
1088 2109 1144 2169 tuit
1160 2107 1318 2169 tumultii'

140 2206 191 2267 diu
214 2206 302 2269 nihi:
325 2222 367 2265 an
389 2208 475 2268 detur
496 2215 622 2283 repente
645 2207 774 2268 invasit?
817 2211 847 2283 4,
872 2209 927 2269 22:
950 2206 1030 2284 Quid
1051 2208 1096 2267 vis
1116 2207 1237 2267 diurn?
1260 2223 1301 2267 aa

138 2307 316 2366 conueniunt
340 2305 447 2368 modo?

228 2417 261 2480 q·
283 2399 368 2465 Hine
388 2398 543 2464 formulae
559 2401 592 2464 in
608 2400 826 2482 proponendis
842 2400 947 2466 nausis
967 2420 1011 2463 us
1031 2402 1126 2480 qaod,
1149 2419 1190 2463 aa
1212 2403 1302 2476 quw:

140 2497 195 2565 eui
224 2498 404 2580 oppositum
436 2504 539 2562 unam
569 2502 649 2575 qaod
677 2498 878 2582 intelligitur.
924 2498 1096 2566 Antecedit
1124 2497 1207 2566 eninr
1230 2498 1300 2579 ple-

139 2613 281 2685 rumque
319 2597 384 2663 alia
422 2596 648 2678 interrogatio,
690 2616 754 2678 qua
802 2599 881 2664 illud
920 2597 1131 2665 eontinentur.
1195 2597 1302 2661 Plaut.

142 2694 218 2760 sut
241 2692 306 2774 ΙΙΙ,
330 2699 365 2775 2,
391 2698 447 2759 1οε
481 2697 580 2758 Etiam
604 2698 740 2773 rogitas?
784 2716 827 2759 os
846 2701 919 2774 qaia
945 2701 1043 2760 ninus
1067 2710 1153 2773 quarn
1176 2712 1303 2776 aequom

142 2800 229 2869 erat,
257 2792 342 2856 tesi?
387 2791 485 2858 Stich.
508 2813 537 2858 v.
562 2799 613 2858 34.
640 2793 767 2859 Terent
793 2797 873 2860 Eun.
898 2795 937 2871 V,
960 2799 997 2874 2,
1021 2798 1076 2858 68:
1111 2798 1181 2858 nolo
1204 2813 1249 2856 ns
1273 2797 1305 2855 tu

141 2894 199 2957 vio
216 2893 290 2954 tium
314 2894 474 2955 haerente
498 2895 606 2954 videat.
651 2892 716 2957 ΤΗ.
743 2896 960 2968 Quamobrem
992 2893 1135 2955 tandem?
1164 2910 1206 2958 au
1234 2893 1307 2968 quio

141 2991 262 3069 pudet?
303 2988 646 3069 Heaut.111,1,oaz
680 3010 723 3053 un
749 3011 786 3054 eo
815 2994 865 3070 fit,
900 2994 973 3066 quta
1002 3009 1034 3053 re
1065 2993 1095 3050 in
1124 3003 1227 3052 nostru
1255 2998 1307 3053 aut

144 3076 256 3167 gaudio
278 3089 384 3151 Sumus
405 3091 576 3165 praepediti
598 3091 666 3149 -i
710 3088 838 3153 Phorm.
862 3088 918 3166 IV,
943 3094 973 3168 2,
998 3092 1051 3152 122
1075 3089 1128 3150 aad
1144 3091 1213 3164 quid
1237 3104 1307 3164 per·

145 3189 233 3250 timui
256 3195 354 3249 autem
379 3186 486 3250 belua?
529 3187 583 3249 Aa
603 3191 677 3264 qais
698 3208 774 3266 qnos
796 3189 899 3250 saltam
920 3206 975 3264 pro
997 3205 1057 3249 uno
1076 3188 1134 3247 duo
1150 3198 1216 3247 suunt
1235 3189 1307 3247 nint

145 3284 233 3349 dati?
276 3282 315 3359 V,
337 3288 376 3363 2,
402 3290 449 3349 ta.

234 3400 262 3446 r.
306 3376 445 3446 Possunt
466 3387 579 3464 piures
600 3383 871 3464 interrogationes
893 3380 1045 3464 aequaies
1068 3379 1227 3459 notingi,
1250 3394 1310 3458 per

146 3496 232 3560 quae
252 3480 358 3544 oratio
377 3484 439 3544 ant
462 3498 525 3545 nno
546 3482 677 3546 tramite
699 3481 897 3563 producitur,
919 3485 976 3545 aut
989 3478 1157 3569 adtuemit
1171 3477 1211 3542 ad
1236 3488 1310 3558 gra·

149 3578 252 3644 viora
295 3577 334 3643 ia
356 3577 396 3642 iis
417 3595 515 3659 quum
538 3578 628 3644 nulia
646 3579 723 3645 insit
746 3579 915 3660 oppositio,
938 3594 980 3640 aa
1002 3576 1074 3659 pina
1097 3571 1196 3642 semel
1218 3574 1310 3656 poni-

148 3682 224 3757 Μ,
254 3681 416 3759 umquam
442 3671 622 3750 ἇσυνδέτως.
667 3677 772 3742 Ptaut
797 3676 890 3758 Epid.
913 3677 960 3756 ΙΙ,
984 3682 1019 3753 2,
1050 3680 1107 3740 39:
1143 3679 1220 3751 Quid
1243 3681 1312 3736 ent

150 3776 278 3839 induta?
306 3794 348 3837 us
369 3779 506 3853 sagittans
528 3779 718 3852 inuuuntan,
745 3794 788 3837 uas
810 3774 1031 3840 nendiuuiatri
1076 3773 1202 3839 Teneat
1229 3774 1310 3837 Edu.

149 3873 260 3955 11,3,
283 3880 321 3940 91
347 3891 430 3956 sqq:
461 3874 515 3935 Art
540 3876 570 3934 id
593 3876 782 3954 flagitiumst,
808 3880 833 3937 si
955 3876 1008 3935 Ast
1029 3877 1131 3950 potius
1153 3876 1208 3933 hoc
1231 3872 1311 3948 patri

151 3980 310 4050 unumst
330 3975 397 4035 ieri
420 3976 497 4037 tetta
521 3971 560 4051 V,
582 3978 612 4050 5,
638 3977 675 4036 16
688 3988 749 4054 tq:
773 3977 863 4049 Hom,
886 3973 978 4050 qnid?
999 3973 1101 4033 arunt?
1123 3989 1165 4030 un
1182 3976 1235 4030 seit
1254 3973 1311 4030 iaat

151 4075 206 4136 ille
228 4074 301 4151 quid
323 4075 466 4134 meretrix
490 4073 570 4133 atet?
613 4071 666 4132 Aa
687 4076 717 4133 iu
742 4082 808 4134 astu
831 4071 935 4134 verrtt?

212 4206 216 4213 ·
238 4186 264 4235 a
308 4171 403 4232 aare
421 4169 549 4249 ponitur
573 4188 634 4249 pro
654 4187 709 4247 un,
733 4168 785 4234 uui
808 4167 963 4232 adhaeret
985 4166 1099 4231 vonna
1120 4186 1157 4227 ae
1177 4167 1314 4229 irrarro·

152 4266 264 4349 garira
296 4267 365 4333 sive
398 4266 592 4339 dubitativa,
628 4287 690 4333 non
720 4271 842 4331 mutatu
873 4266 942 4345 ipsa
976 4262 1222 4345 significatione,
1258 4262 1315 4328 sed
