3125 5075
565 348 603 388 DE
619 348 811 388 TEMPORIBUS.
825 369 850 377 -
865 349 1019 387 PRAESENS.
1321 354 1359 412 61

205 542 242 600 in
265 542 417 614 manando
441 555 577 598 maerore
601 556 727 614 augear,
757 538 811 603 ubi
838 555 897 617 pro
924 540 957 598 in
985 537 1095 613 addito
1122 555 1237 603 caum
1264 536 1363 618 signi-

205 633 388 702 ficationem
412 636 663 715 exspectaveris,
694 635 750 699 sed
772 636 911 715 scriptor
932 635 965 699 id
987 632 1153 715 siguificat,
1176 635 1208 698 iu
1230 651 1293 714 quo
1316 634 1362 699 al·

203 737 312 800 terum
347 734 527 798 continetur
561 738 594 796 et
626 732 828 813 conspicitur.
885 733 1012 798 Terent·
1035 731 1132 798 Andr.
1160 731 1222 811 IV,
1246 738 1280 811 4,
1305 737 1361 798 32:

205 836 305 909 Quam
333 834 367 892 in
388 834 540 907 pariundo
569 836 681 909 aliquot
704 832 864 894 adfuerunt
885 835 1007 894 liberae.
1037 819 1178 894 Pharin.
1200 829 1226 909 I,
1249 836 1279 905 4,
1303 835 1359 893 47:

202 935 239 994 Iu
265 950 297 993 re
321 932 500 1006 incipiunda.
530 928 662 1008 Adelph.
686 930 724 1008 V,
747 938 779 1008 4,
805 935 856 993 15:
881 932 1008 993 contrivi
1028 931 1062 989 in
1083 930 1254 1003 quaerundo
1269 932 1360 989 ritum

202 1063 248 1073 —
272 1048 376 1090 meam.
406 1025 604 1105 Eun.1v‚a‚
623 1032 677 1090 14:
702 1031 740 1088 Ni
763 1031 868 1089 mirum
891 1030 1046 1090 consilium
1069 1029 1142 1089 illud
1166 1026 1362 1087 rectumstdc

204 1127 393 1189 occludendis
415 1127 543 1187 aedibncs.
587 1124 692 1189 Plaut.
717 1125 789 1188 Aul.
806 1124 864 1190 111.
882 1131 912 1205 3,
926 1128 960 1189 8;
984 1125 1046 1186 Pro
1067 1126 1235 1201 vapulando
1258 1127 1358 1185 hercle

202 1244 263 1303 ego
296 1227 349 1286 abs
382 1233 411 1284 te
442 1225 609 1286 mercedem
640 1232 740 1301 petam
771 1224 830 1299 (sic
860 1223 1006 1303 Kampm.
1035 1224 1276 1304 derisu-10,
1308 1220 1358 1286 cui

203 1327 314 1388 umen
338 1340 388 1398 epo
410 1320 577 1385 delendum
601 1320 751 1392 videtur).
774 1322 864 1386 Pers.
886 1320 945 1400 111,
969 1327 997 1399 3,
1022 1327 1076 1386 21:
1100 1325 1182 1385 bauo
1198 1329 1228 1382 te
1252 1340 1358 1399 argeu-

205 1430 269 1483 tum
291 1424 390 1497 poscit
411 1453 453 1462 —
475 1420 537 1479 Pro
559 1422 712 1482 liberanda
734 1424 841 1483 emim.

706 1734 776 1807 Cup.
801 1735 853 1794 xl.

601 1913 656 1977 De
690 1913 960 1994 temporibus.

292 2098 450 2178 Tempora
476 2099 565 2163 verbi
600 2098 691 2162 latini
718 2117 737 2162 a
767 2097 928 2179 plerisque
956 2099 1173 2179 grammaticis
1203 2099 1248 2163 ita
1277 2099 1356 2163 divi-

199 2196 333 2274 duntur,
357 2202 392 2260 ut
415 2203 545 2276 praeter
566 2203 691 2276 tempus
714 2214 883 2277 praesens,
914 2194 1109 2275 perlectum,
1140 2195 1281 2260 futurum
1305 2215 1356 2260 re·

201 2293 360 2374 spiciatur
389 2295 486 2372 actio‚
521 2301 677 2374 quatenus
705 2295 748 2359 sit
774 2293 890 2358 iniecta
916 2300 973 2357 aut
1001 2292 1145 2372 perlecta
1166 2299 1223 2356 aut
1247 2293 1355 2358 incho-

201 2391 298 2468 anda,
320 2392 366 2457 ita
388 2403 493 2457 tamen
517 2399 553 2457 ut
574 2392 692 2456 nullam
716 2392 869 2457 rationem
892 2391 1031 2455 habeant
1053 2397 1231 2471 temporum
1254 2389 1357 2456 infimi-

203 2489 265 2555 tivi
298 2498 331 2555 et
363 2490 539 2572 participii,
572 2498 769 2573 quapropter
800 2489 913 2555 melius
940 2489 1111 2557 Putschius
1143 2490 1293 2570 (primurn
1322 2488 1356 2554 iu

203 2588 520 2670 Gymnasialzeitung
546 2609 574 2654 a.
601 2596 696 2669 1841,
725 2610 755 2655 n.
779 2595 798 2655 9
823 2596 856 2653 et
881 2593 929 2666 10,
959 2590 1071 2655 deinde
1095 2589 1126 2652 in
1149 2588 1356 2669 grammatica

201 2705 263 2752 sua
285 2686 397 2768 latina)
426 2689 534 2753 docuit
563 2689 595 2752 in
624 2689 822 2769 temporibus
844 2687 1071 2752 constituendis
1094 2686 1252 2767 duplicem
1274 2690 1355 2750 tenr-

202 2785 291 2866 poris
314 2786 470 2851 rationem
493 2786 745 2868 distinguendam
773 2804 854 2862 esse,
886 2786 1021 2864 primum
1045 2805 1125 2864 eam,
1152 2803 1234 2865 quae
1255 2784 1354 2848 inter-

203 2885 298 2948 cedat
319 2884 404 2947 iuter
425 2884 582 2948 actionem
606 2892 639 2949 et
660 2872 838 2949 subiectum
861 2884 1003 2963 actionis,
1030 2883 1143 2948 deinde
1168 2901 1247 2963 eam,
1270 2900 1353 2964 quae

201 2980 383 3045 intercedat
405 2983 487 3046 inter
512 2981 688 3046 subiectum
711 2982 844 3046 actionis
870 2989 904 3047 et
926 3001 997 3047 euru
1021 2982 1076 3062 qui
1099 2980 1247 3061 loquitur.
1272 2981 1353 3047 Hinc

201 3084 294 3160 patet
324 3078 441 3160 duplici
464 3082 557 3143 modo
581 3087 727 3159 tempora
749 3080 846 3143 dividi
868 3098 977 3160 posse,
1007 3085 1105 3160 prout
1125 3079 1204 3145 haec
1227 3078 1277 3143 vel
1298 3079 1353 3145 illa

201 3177 286 3241 ratio
307 3176 547 3242 fundamentum
572 3185 606 3242 et
627 3179 816 3259 principium
841 3176 897 3251 fiat
918 3177 1090 3241 divisionis.

292 3282 317 3338 1.
341 3278 485 3339 Praesens
508 3275 654 3356 (actionis
677 3274 828 3356 iniectae)
843 3294 905 3339 uon
923 3279 1045 3340 mutum
1062 3274 1102 3340 de
1118 3293 1179 3340 uuo
1195 3277 1351 3355 temporis

202 3381 323 3455 puncto
346 3375 471 3454 dicitur,
495 3374 551 3438 sed
574 3375 671 3438 etiam
694 3374 733 3437 de
756 3374 892 3455 longiori
915 3374 1028 3454 spatio,
1059 3373 1161 3438 itaut
1185 3374 1352 3453 praeteriti

200 3489 329 3553 quoque
362 3472 514 3552 temporis
547 3476 670 3553 partem
701 3471 869 3552 complecti
896 3472 1012 3551 possit,
1046 3471 1153 3550 itaque
1185 3471 1279 3536 etiarn
1311 3472 1351 3536 de

201 3569 402 3648 actionibus,
426 3587 508 3649 quae
539 3572 650 3650 quovis
688 3575 831 3652 tempore
867 3566 935 3634 fieri
965 3575 1113 3649 possunt,
1149 3587 1225 3650 ergo
1255 3570 1351 3634 etiam

201 3673 350 3747 tempore
380 3668 447 3732 eius
471 3669 524 3748 qni
548 3669 703 3747 loquitur,
731 3668 833 3748 deque
856 3667 984 3747 saepius
1006 3667 1151 3746 repetitis
1173 3667 1351 3732 actionibus

201 3764 252 3842 (ci.
277 3764 450 3831 Weissenb.
474 3777 555 3846 synt.
579 3785 610 3846 p.
636 3773 662 3830 7.
687 3766 845 3846 Krueger.
869 3784 999 3846 gramm.
1022 3765 1109 3829 latin.
1134 3782 1162 3844 p.
1187 3764 1271 3845 587).
1317 3765 1351 3830 Si

201 3867 285 3931 duae
308 3864 450 3929 actiones
473 3865 505 3928 in
528 3884 590 3929 una
613 3866 833 3929 enunciatione
855 3863 939 3928 iuter
954 3882 988 3928 se
1005 3863 1190 3929 coniunctae
1207 3870 1351 3943 tempore

199 3962 364 4046 praesenti
387 3963 620 4042 exprimuntur,
650 3980 687 4026 eo
710 3960 908 4043 significatur
933 3962 964 4026 in
987 3962 1069 4027 idem
1093 3967 1219 4044 tempus
1240 3961 1351 4026 ambas

201 4061 318 4129 cadere
347 4065 380 4124 et
406 4061 539 4125 alteram
562 4061 693 4139 durare,
723 4062 797 4124 dum
824 4060 928 4125 altera
950 4058 1123 4139 perficitur.
1168 4061 1269 4140 Saepe
1291 4077 1350 4141 pro

199 4176 278 4224 uero
299 4156 440 4239 perfecto
462 4165 646 4239 usurpatur,
668 4159 695 4222 si
718 4158 859 4222 actiones
881 4160 1075 4238 praeteritae
1090 4160 1193 4224 animo
1211 4159 1279 4225 eius
1295 4158 1350 4238 qui

199 4256 342 4338 loquitur
369 4257 496 4321 eteius
525 4257 578 4337 qui
606 4257 697 4321 audit
726 4263 877 4336 unquam
899 4265 1084 4337 praesentes
1107 4262 1349 4339 repraesentan-

200 4358 255 4423 tur
281 4355 437 4435 (praesens
467 4359 659 4435 historicam).
703 4355 865 4434 Denique,
894 4374 991 4435 quum
1017 4375 1168 4438 praeseus
1197 4356 1289 4438 quasi
1315 4356 1349 4421 iu
