3125 5075
401 352 425 390 V.
454 352 621 392 naonosssss
638 354 808 393 {apparuise
824 354 862 392 ET
878 353 1030 392 sensuum.
1228 365 1290 421 409

134 525 164 606 I,
189 529 220 604 2,
242 527 299 590 22:
336 527 390 588 Set
411 528 437 588 si
458 527 521 588 utto
541 536 631 604 pacto
652 530 705 590 iile
727 530 786 589 huc
809 531 963 592 conciliari
983 536 1093 607 potest,
1117 531 1173 591 Vel
1188 547 1295 592 curuu-

134 625 260 687 fieiusuu
285 625 365 685 nuuc
392 622 492 686 iacere
521 645 640 701 possum
662 629 791 702 perpeti.
835 624 902 689 Mil.
925 625 980 707 IV,
1004 631 1032 707 5,
1056 630 1093 692 8:
1130 628 1156 689 si
1178 644 1296 703 possem

133 723 200 786 nuo
229 722 319 784 modo
345 723 510 800 Impetrare
533 755 575 766 -—
597 742 719 801 operam
742 725 819 788 dedi.
841 789 845 796 ,
865 722 992 789 Terent.
1012 723 1110 788 Andr.
1134 722 1159 801 I,
1183 728 1213 801 5,
1237 727 1295 788 212

135 821 260 884 Censen
292 837 340 881 me
362 822 484 882 verbum
507 824 640 897 potuisse
662 821 758 882 udum
779 825 928 898 proloqui.
971 821 1050 887 Hec.
1071 820 1113 901 11,
1138 826 1165 900 l,
1189 825 1207 885 6
1231 835 1293 900 sq:

135 920 172 980 Iu
205 918 370 994 eodemque
394 937 494 980 omues
518 921 589 979 mihi
612 920 749 981 ridentur
771 922 841 982 ludo
864 922 969 982 duone
993 922 1031 980 ad
1057 923 1218 982 malitiam:
1256 923 1294 982 Ei

132 1015 219 1094 ludu,
244 1017 373 1077 stauros
394 1024 450 1094 est,
472 1018 643 1092 magistram
666 1017 743 1077 hanc
766 1036 832 1078 esse
856 1021 930 1080 satis
953 1025 1036 1080 certo
1059 1020 1129 1079 scio.

220 1111 255 1178 b.
278 1112 319 1177 Ei
341 1112 535 1178 contrarium
551 1112 684 1192 eiusque
699 1114 882 1194 negativum
899 1117 1070 1193 estuattus,
1092 1111 1176 1194 qnod
1191 1118 1296 1179 tamen

136 1208 297 1292 singulari
320 1227 382 1275 usu
404 1210 489 1291 apud
512 1211 646 1275 comicos
669 1228 765 1291 saepe
787 1230 845 1292 pro
868 1211 1003 1294 simplici
1023 1211 1193 1291 negatione
1208 1211 1296 1292 poni·

134 1313 199 1373 tur.
244 1305 299 1372 sic
320 1279 418 1373 Nais.
442 1305 696 1389 Quadrigemini:
720 1329 773 1371 suo
798 1313 893 1373 labori
914 1312 1015 1372 unates
1037 1314 1164 1385 percuit.
1191 1307 1295 1373 Plant.

145 1405 226 1472 Asin
249 1404 687 1485 Interannienses.
731 1405 811 1469 Rud.
839 1411 865 1484 l,
889 1412 918 1485 2,
942 1412 998 1472 55:
1033 1410 1295 1485 Illequiuucavit,

144 1505 237 1568 medua
260 1505 363 1566 uenit?
406 1502 492 1569 Trin.
516 1503 574 1583 III,
600 1508 627 1582 1,
645 1507 677 1567 5:
710 1508 751 1565 At
767 1513 799 1566 tu
814 1508 920 1584 edepol
935 1508 1036 1567 nmine
1051 1507 1186 1581 creduas,
1209 1503 1296 1583 adq.

139 1599 160 1667 t
191 1599 304 1667 Lind:
347 1601 454 1681 „Usus
486 1600 538 1667 hic
568 1600 762 1682 repetendus
794 1608 845 1668 est
874 1621 892 1667 e
923 1602 1046 1685 vulgari
1074 1601 1129 1666 illa
1155 1601 1297 1666 comicae

140 1697 373 1781 desperationis
395 1698 532 1763 formula
553 1701 654 1762 nultus
680 1719 760 1776 sam,
790 1717 849 1783 pro
870 1720 931 1762 noa
952 1703 1080 1777 amptius
1101 1702 1180 1770 sum',
1203 1701 1293 1775 parii.

134 1795 181 1863 Ut
199 1797 306 1879 igitur
330 1801 432 1860 nultus
457 1817 524 1861 sum
551 1815 609 1878 pro
635 1816 695 1859 uon
715 1817 793 1868 eum,
831 1799 1003 1864 sicualdus
1029 1800 1131 1861 nodus
1157 1816 1215 1880 pro
1237 1815 1297 1858 noa

135 1895 263 1978 [potins
289 1896 341 1972 roe]
363 1898 473 1959 nedae.
518 1895 704 1961 Tenendum
726 1900 833 1961 tamen
855 1895 935 1961 hanc
956 1895 1106 1976 loquendi
1126 1894 1295 1959 formulam

135 1993 265 2058 nonnisi
302 1994 334 2057 in
371 1995 491 2059 comica
524 1993 666 2058 oratioue
702 1993 807 2059 locum
843 1993 960 2059 habere
983 2011 1085 2074 posse.
1131 1992 1297 2059 Sententia

135 2097 198 2157 est:
235 2089 311 2156 Sive
331 2095 367 2155 tu
391 2092 511 2171 credas,
534 2091 601 2155 sivo
623 2108 686 2155 non
708 2092 830 2168 credas,
852 2110 924 2156 mea
945 2091 1022 2155 nihil
1044 2090 1152 2157 refert.
1186 2085 1296 2174 diioqit

135 2185 175 2253 bu
198 2190 234 2252 'td
257 2185 328 2268 bod)
352 2186 430 2269 nidpt
452 2187 615 2272 qloubens'
653 2187 767 2254 Caecil.
791 2189 871 2254 Stat.
895 2189 1035 2254 Fallacia
1055 2188 1093 2253 ir.
1118 2195 1155 2255 3:
1184 2190 1295 2251 Nullus

135 2307 209 2351 sum.
255 2285 377 2351 Eadem
414 2288 566 2369 leguntur
602 2287 730 2352 Terent.
768 2286 867 2351 Andr.
906 2285 964 2365 ΙΙΙ,
1006 2292 1037 2367 4,
1075 2291 1125 2365 20,
1159 2286 1251 2366 adq.
1274 2286 1295 2350 l.
1329 2337 1333 2345 .

135 2385 296 2451 Donatus:
334 2383 430 2466 „Plus
453 2389 504 2451 est
523 2389 640 2449 mettum
655 2402 726 2449 esse
741 2403 836 2465 quam
853 2384 996 2464 periisse.
1034 2382 1117 2447 Nam
1132 2384 1186 2465 qui
1201 2383 1294 2466 perit,

136 2481 187 2548 rel
216 2501 334 2566 corpus
355 2482 454 2549 habet
474 2482 646 2565 reliquum:
684 2482 739 2564 qui
761 2500 837 2548 vero
860 2485 962 2545 nullus
984 2486 1048 2562 est,
1077 2482 1124 2547 itu
1146 2499 1209 2547 uon
1233 2484 1292 2561 est,

140 2598 176 2646 ec
189 2581 218 2647 si
233 2586 329 2648 natus
344 2600 406 2647 non
423 2582 495 2662 sit“,
513 2586 546 2647 et
559 2580 703 2647 Ruhnk:
727 2582 867 2660 „comica
881 2581 1112 2661 desperationis
1127 2579 1292 2645 formula.“

137 2677 262 2744 Phorm.
286 2680 311 2761 Ι,
334 2686 364 2758 4,
392 2687 420 2746 1:
442 2682 576 2750 Nullus,
599 2683 684 2744 Geta.
731 2681 809 2744 Eun.
833 2679 880 2759 ΙΙ,
908 2685 939 2758 l,
965 2683 1019 2744 10:
1050 2689 1111 2742 tam
1143 2683 1200 2742 etsi
1226 2682 1293 2742 nut-

140 2779 183 2842 ius
203 2798 336 2856 moneas,
360 2798 388 2843 v.
413 2780 582 2845 Donatum.
627 2778 704 2842 Hec.
727 2776 753 2856 Ι,
778 2781 807 2856 2,
831 2786 866 2842 4;
897 2781 928 2840 Si
951 2799 1009 2840 non
1032 2789 1169 2855 quaeret,
1192 2780 1294 2840 andus

140 2879 259 2940 dixeris.
295 2875 564 2958 significationem
586 2879 663 2956 vitis,
686 2879 757 2938 evis
779 2876 877 2942 habet
899 2875 976 2941 Hec.
1001 2875 1038 2955 V,
1063 2882 1092 2956 3,
1116 2880 1150 2940 2:
1175 2879 1233 2952 Qui
1254 2878 1293 2939 ob

139 2994 199 3039 reru
225 2978 342 3039 nudum
368 2980 449 3039 misit
477 2973 640 3048 (Scheller.
664 2993 695 3055 p.
718 2976 803 3051 729).

221 3090 247 3138 c.
283 3071 466 3137 Pronomini
498 3072 653 3137 adiectivo
688 3073 837 3152 negativo
869 3075 969 3134 nenne
1004 3072 1197 3152 respondent
1219 3072 1293 3137 sub-

141 3172 279 3236 stantiva
307 3189 391 3231 acmo
414 3175 448 3235 et
468 3174 553 3233 nihil.
599 3172 692 3231 Nereo
715 3169 837 3234 Ennius
859 3170 960 3250 epigr.
986 3174 1013 3248 l,
1036 3188 1065 3232 v.
1088 3174 1116 3234 8.
1140 3169 1239 3251 epigr.
1264 3174 1292 3249 3,

140 3274 222 3335 uti:
260 3270 356 3333 Nemo
379 3278 426 3332 est
448 3274 496 3343 qni
521 3273 593 3334 cett.
631 3267 821 3349 Saepissime
843 3285 871 3330 v.
893 3286 976 3327 neno
990 3284 1049 3347 per
1061 3267 1293 3347 appositionem

140 3367 373 3434 substantivum
410 3367 553 3441 additur,
591 3366 734 3449 inprimis
768 3369 865 3435 homo,
898 3366 974 3428 item
997 3382 1054 3445 per
1075 3363 1293 3444 pleonasmum

141 3480 312 3546 pronomen
334 3467 499 3543 quisptam,
523 3465 608 3529 sicut
628 3464 668 3528 ad
691 3467 769 3525 nihil
790 3481 886 3544 saepe
908 3461 1038 3528 additur
1059 3464 1216 3536 quicquum
1238 3459 1289 3537 (ci.

140 3558 164 3643 5.
186 3567 252 3639 35).
298 3561 379 3628 Cato
406 3563 439 3626 in
464 3561 636 3627 Thermum
662 3561 701 3625 de
728 3559 817 3625 salsis
845 3561 961 3642 pugnis
990 3577 1041 3639 up.
1072 3558 1153 3624 Geli.
1181 3558 1225 3639 X,
1257 3563 1293 3625 3:

140 3664 230 3725 Nemo
252 3694 298 3705 -
320 3680 383 3722 rex.
428 3658 506 3724 Cato
528 3678 579 3741 ap.
603 3658 746 3723 Bolhuis.
769 3678 799 3740 p.
824 3664 900 3723 210:
943 3662 1038 3721 Nemo
1060 3661 1155 3720 horno.
1198 3656 1294 3720 Ennii

141 3760 238 3842 epigr·
261 3762 292 3837 2,
315 3777 343 3821 v.
368 3765 401 3823 5:
423 3776 506 3820 nemo
527 3761 599 3821 nois
622 3777 717 3834 neque
739 3759 838 3822 tortu.
877 3757 979 3821 Plaut.
1003 3755 1089 3820 Asin.
1112 3755 1167 3834 IV,
1196 3758 1292 3835 i,11:

141 3862 275 3921 Alienum
299 3857 444 3917 Ιιοηιίηεηι
465 3861 545 3919 intro
566 3858 666 3917 mittat
689 3856 741 3932 [ad
763 3856 809 3932 se]
830 3859 982 3917 neminem.
1027 3852 1097 3918 Cae.
1121 3852 1163 3931 II,
1185 3858 1215 3930 4,
1241 3856 1293 3918 15:

139 3956 180 4019 ne
203 3958 318 4018 Casina
346 3963 489 4017 certumst
511 3955 674 4017 concedere
698 3956 812 4014 homini
832 3965 903 4016 usto
923 3954 1042 4013 nmini.
1087 3950 1175 4015 Pers.
1199 3949 1241 4030 ΙΙ,
1264 3955 1293 4030 2,

141 4058 193 4118 29:
228 4054 326 4113 Neruo
347 4054 432 4113 domo
453 4071 589 4130 nmquam
611 4054 654 4114 ita
677 4054 863 4114 arbitratnst.
908 4049 979 4115 Cas.
1002 4048 1049 4128 11,
1080 4054 1113 4128 2,
1144 4054 1198 4113 12:
1222 4051 1293 4112 rici·

139 4172 203 4215 nam
231 4156 396 4214 Neminem.
441 4148 526 4215 Asin.
547 4148 601 4227 IV,
634 4154 660 4225 l,
684 4152 740 4212 23:
777 4153 873 4212 Vocet
894 4150 1045 4210 cmotvam
1066 4149 1211 4208 neminem
1231 4150 1293 4210 ilia.

139 4248 267 4315 Terent.
291 4250 372 4314 Eun.
395 4246 453 4327 ΙΠ,
477 4254 505 4328 5,
532 4254 562 4313 1:
600 4251 743 4325 Numquis
766 4249 816 4309 hic
839 4248 905 4309 est?
927 4255 1050 4310 nemost.
1074 4249 1209 4322 numquis
1225 4247 1294 4305 hinc

139 4366 183 4410 me
209 4348 366 4425 seqnitur?
402 4366 484 4408 nemo
517 4350 640 4408 homost.
686 4342 766 4408 Cato
795 4343 827 4408 in
860 4343 896 4408 V.
920 4344 1038 4425 origg:
1075 4346 1159 4418 Quod
1193 4361 1293 4404 eurum
