3125 5075
516 395 605 435 CASUS
619 394 889 438 suascau'ulwuuu.
905 419 929 428 —
946 398 1086 437 ACCUSAT.
1315 410 1379 468 277

231 571 256 626 et
274 567 453 630 clementem
474 587 513 633 eo
534 587 628 646 usque
661 573 750 634 moda
784 579 817 634 ut
839 575 919 634 uolui
947 591 1018 634 usus
1047 592 1111 638 sum
1134 576 1165 636 iu
1191 577 1262 636 alto.
1299 571 1382 637 Rud.

231 657 283 744 Ill,
309 667 421 745 1,10:
455 667 583 730 Videtur
604 669 644 730 ad
665 688 712 731 me
735 672 823 732 simia
848 671 1051 748 adgredirier,
1081 673 1200 750 Rogare
1228 671 1326 732 sculum
1348 677 1382 732 ut

229 759 321 822 lucem
345 763 475 826 niumm
501 767 570 829 sibi.
616 764 700 831 llud.
736 784 766 831 v.
798 771 896 832 1241:
940 770 996 829 Ille
1023 771 1074 846 qui
1103 771 1254 846 consulte,
1291 769 1379 830 docte

232 865 310 936 utque
346 865 448 924 astute
486 871 583 938 earet,
618 867 742 926 Diutius
779 867 825 926 uti
863 861 918 944 [ei]
947 867 1023 927 bene
1053 869 1126 928 licat
1149 871 1271 940 partum
1292 866 1379 928 bene.

171 959 173 994 ³
234 951 310 1020 lriu.
332 953 373 1036 V,
395 961 427 1040 2,
450 963 484 1024 7:
509 964 595 1035 Quod
616 965 717 1026 dutum
740 964 920 1026 utendumst.
964 961 1160 1028 Menaechm.
1189 960 1244 1040 IV,
1267 965 1296 1036 2,
1320 965 1378 1026 94:

171 997 175 1096 l
233 1055 266 1114 tic
286 1055 432 1117 utendam
454 1059 533 1124 dadi.
555 1077 585 1125 v.
609 1065 650 1126 95
672 1077 734 1141 sq:
756 1062 905 1136 Equidem
927 1071 1045 1124 ecastor
1067 1068 1148 1122 tuam
1170 1079 1226 1120 uae
1249 1061 1382 1136 chlamy,-

234 1149 288 1212 lem
310 1153 350 1215 du
372 1151 457 1218 iores
479 1175 536 1220 nec
558 1162 683 1236 pallium
707 1161 873 1235 Quoiquum
894 1159 1049 1220 ainardum.
1094 1157 1193 1222 llere.
1220 1156 1246 1236 l,
1269 1160 1299 1235 2,
1325 1161 1380 1220 ³4:

231 1247 277 1312 llic
298 1251 383 1324 milui,
407 1271 446 1314 uu
468 1255 539 1316 boui
560 1257 632 1333 quid
653 1264 816 1335 usquamst,
840 1257 918 1332 quod
939 1258 1093 1332 quisquam
1116 1257 1159 1316 uti
1181 1257 1295 1331 possiet
1310 1256 1381 1316 Siue

229 1353 296 1412 asle
317 1355 409 1412 omui.
438 1349 526 1414 Asin.
541 1349 567 1431 I,
583 1357 613 1431 3,
628 1358 687 1416 117:
713 1357 822 1415 Cetera
846 1371 921 1430 quae
946 1351 1026 1430 [nas]
1051 1356 1183 1414 volumus
1205 1353 1250 1412 uti
1265 1353 1382 1414 Graece

226 1462 389 1510 mercamur
410 1447 479 1508 fida.
523 1447 597 1513 aut.
630 1447 675 1526 ll,
699 1455 728 1531 9,
751 1456 787 1514 4;
824 1451 889 1526 Ego
913 1453 982 1512 hiuc
1005 1459 1154 1526 artoptam
1177 1467 1214 1510 ex
1236 1465 1382 1525 proxume

224 1547 364 1608 utendum
385 1554 467 1623 peta.
511 1545 717 1628 Asin.11,c‚
740 1551 798 1611 38;
823 1549 958 1624 Scuplros
982 1567 1055 1624 quos
1077 1549 1204 1610 utendos
1227 1547 1297 1608 dedi
1310 1547 1379 1606 Phi·

215 1640 349 1718 lederna,
373 1646 541 1704 rettulitue.
584 1642 681 1708 Pacu.
703 1643 743 1726 V,
766 1650 797 1721 4,
821 1649 877 1710 29:
913 1648 972 1708 iam
995 1647 1045 1706 diu
1067 1648 1175 1723 edepol
1197 1653 1277 1706 tuam
1300 1644 1381 1720 sepi·

212 1745 331 1802 entium
354 1743 431 1801 haee
454 1741 574 1817 quidem
595 1743 721 1805 ebusast
752 1740 813 1821 (sic
834 1741 947 1822 Bntn;
977 1741 1062 1822 vulg.
1091 1743 1223 1804 iamdiu
1247 1741 1292 1803 ed.
1316 1758 1379 1816 sap.

211 1841 300 1900 tuam
322 1839 450 1900 abusast
469 1839 545 1900 haee
567 1839 712 1917 quidem).
733 1838 824 1904 Pers.
847 1837 889 1918 II,
916 1844 946 1916 3,
971 1842 1024 1905 10:
1046 1842 1123 1902 Nem
1146 1841 1203 1902 hoe
1225 1846 1380 1918 arpentum

206 1933 276 1996 ium
300 1937 377 1996 alibi
398 1939 514 1998 abutar.
558 1934 676 2002 Bacch.
721 1935 763 2016 ll,
788 1943 817 2016 3,
844 1941 920 2001 126:
964 1939 1085 2012 Nosque
1115 1955 1218 2000 aurum
1244 1938 1378 1998 abussus.

203 2025 305 2098 Tria.
328 2031 391 2109 ΙΙΙ,
414 2037 445 2110 2,
467 2035 525 2096 56ε
549 2035 598 2095 lile
621 2037 673 2113 qni
694 2038 805 2098 abusus
829 2043 943 2098 tentam
965 2055 1028 2098 rem
1051 2055 1115 2098 sum
1137 2037 1265 2111 patriam
1287 2050 1379 2108 parre

202 2129 247 2192 iu
270 2133 369 2194 ditiis.
413 2129 499 2196 Tria.
543 2130 586 2209 ΙΙ,
607 2137 638 2210 2,
663 2137 718 2198 73;
753 2137 853 2196 lsest
877 2136 1034 2212 inmaeuis,
1064 2133 1231 2208 quoinilit
1259 2131 1380 2206 estqui

199 2241 324 2294 munus
347 2228 490 2306 fungetur
512 2249 604 2292 suum.
648 2229 763 2312 Amph.
801 2229 844 2310 ΙΙ,
873 2235 903 2309 2,
936 2233 1010 2294 197:
1056 2237 1085 2290 te
1109 2231 1159 2306 qui
1181 2237 1306 2306 apsente
1329 2229 1380 2288 lrie

199 2341 324 2390 munus
347 2327 490 2402 fungatur
514 2335 605 2391 tuum.
640 2325 745 2392 Plaut.
766 2325 882 2408 fragm.
909 2324 1117 2391 Neruolariae
1140 2342 1169 2404 p.
1193 2328 1266 2400 482,
1288 2343 1319 2388 v.
1343 2327 1377 2406 ὃς

200 2441 305 2500 quum
326 2427 447 2485 moenia
466 2425 586 2485 aliunde
603 2442 658 2500 epu
671 2424 777 2502 iungar
793 2444 867 2489 mea.
885 2423 1035 2488 Taubm.:
1059 2424 1202 2498 „diminica
1216 2440 1272 2484 sue
1287 2421 1376 2496 scapi

204 2529 267 2587 est
289 2540 351 2587 suo
374 2519 445 2585 locu
467 2527 566 2601 atque
588 2519 700 2585 urdine
720 2521 819 2585 sitam
842 2527 933 2587 recte
955 2527 989 2587 et
1011 2526 1047 2586 ut
1070 2520 1178 2599 dccet,
1208 2516 1378 2583 tular·are.¹‘

203 2616 289 2683 Cas
312 2616 353 2699 V,
376 2624 405 2695 3,
431 2624 488 2683 ll:
512 2622 626 2697 Ecquis
648 2630 695 2682 est
718 2622 769 2697 qui
791 2621 878 2681 homa
901 2640 1006 2682 munus
1029 2623 1103 2681 velit
1125 2620 1252 2695 fungier.
1290 2614 1378 2698 Tria.

207 2716 300 2793 prot.
323 2736 353 2781 v.
380 2722 413 2779 1:
458 2719 590 2793 Sequere
613 2718 670 2779 lruc
691 2736 754 2795 me,
792 2727 899 2795 gnata,
936 2727 968 2779 ut
990 2736 1098 2779 arnicas
1120 2716 1262 2791 suuparis
1284 2720 1379 2778 tun-m.

204 2806 315 2879 Most.
331 2810 358 2885 Ι,
376 2819 405 2893 1,
419 2818 482 2879 45:
505 2818 576 2877 Siue
598 2834 645 2877 rue
671 2817 795 2877 aliatum
817 2814 899 2891 iungi
921 2814 1057 2878 fortunas
1073 2832 1164 2878 meas.
1181 2809 1377 2877 Menaechm.

207 2904 297 2989 I.1‚
319 2918 354 2977 5:
399 2915 476 2973 Nam
509 2916 660 2989 parasitus
693 2923 763 2976 actu
800 2933 905 2975 munus
922 2902 1087 2975 ¹homiuum
1117 2912 1207 2974 facile
1236 2912 1378 2997 iungitur.

209 3010 307 3075 siaiu.
350 3006 407 3084 IV,
428 3014 459 3089 2,
482 3014 516 3075 3:
561 3020 635 3088 aput
670 3014 796 3073 amicam
828 3031 934 3074 munus
965 3012 1183 3073 adulescentuli
1217 3006 1379 3084 langare?

212 3106 333 3189 Amph.
357 3106 384 3187 l,
410 3113 439 3187 1,
462 3112 517 3173 23:
542 3111 599 3184 Qui
621 3109 710 3172 hodie
732 3110 841 3171 fuerim
863 3112 951 3187 liber,
974 3112 1052 3171 Eum
1074 3127 1152 3170 nune
1167 3109 1275 3184 petivit
1290 3113 1379 3181 pater

214 3208 382 3281 servitute,
405 3222 433 3268 v.
457 3203 590 3271 Taubm.
613 3208 724 3285 (potire
737 3232 780 3263 =
796 3207 860 3288 aliq
871 3224 943 3272 uem
966 3203 1014 3269 rei
1036 3208 1215 3284 compotem
1230 3200 1377 3287 reddere,

216 3302 410 3385 ltmlicipem
432 3299 564 3385 lacere).
607 3304 690 3369 Rea
712 3304 769 3385 IV,
798 3310 827 3384 2,
857 3308 891 3368 6:
914 3321 990 3380 quae
1013 3340 1052 3352 -
1077 3304 1198 3363 Piscatu
1225 3318 1302 3390 aevo
1328 3314 1377 3361 me

218 3404 304 3463 uberi
327 3404 496 3477 coupotirit
547 3400 629 3467 Ruti.
651 3401 708 3483 IV,
730 3408 761 3483 3,
785 3407 837 3468 10:
874 3404 951 3465 llam
978 3402 1036 3463 hnc
1065 3401 1106 3459 mi
1132 3402 1191 3461 hau
1218 3400 1260 3458 sit
1282 3397 1379 3458 labori

225 3500 351 3563 luem
364 3500 444 3561 lune
453 3502 559 3573 potiri.
578 3498 659 3566 Rud.
673 3498 730 3581 IV,
745 3505 776 3581 3,
793 3506 847 3567 73:
863 3504 940 3562 Hinc
956 3508 989 3560 tu
999 3499 1056 3561 nisi
1071 3500 1180 3559 malurn
1196 3496 1321 3557 frunisci
1336 3494 1379 3555 nil

225 3606 315 3673 petes.
344 3594 440 3661 Truc.
463 3596 502 3675 V,
525 3602 622 3663 v.10:
645 3604 742 3663 Puero
763 3584 980 3677 opust'cibnrn,
998 3584 1077 3673 'opus
1100 3603 1147 3657 est
1168 3601 1267 3656 entem
1289 3590 1380 3651 matri

226 3695 279 3771 (sic
301 3692 410 3771 Both..
447 3694 532 3777 vulg.
564 3701 653 3760 matri
681 3702 793 3773 autem)
829 3714 904 3773 quae
942 3714 1066 3772 puerum
1099 3695 1182 3772 lavit,
1220 3688 1275 3754 ubi
1307 3704 1379 3752 cum

224 3791 385 3859 Schellaro
419 3810 552 3873 granam.
589 3811 620 3875 p.
645 3798 708 3861 384
745 3812 785 3859 ex
819 3792 1025 3875 sequentibus
1062 3794 1171 3853 lubeat
1205 3787 1246 3854 ad
1282 3789 1380 3849 cilum

224 3898 324 3957 mcute
346 3888 528 3957 addendum
550 3908 621 3957 csse
642 3897 731 3973 puto.
774 3890 843 3957 Mil.
877 3890 939 3969 111,
966 3894 993 3969 l,
1017 3892 1072 3955 28:
1111 3892 1186 3953 Eum
1215 3888 1309 3964 pudet
1330 3899 1379 3946 me

224 3992 274 4051 tiui
294 3994 325 4053 iu
357 3997 485 4053 senecta
508 3992 629 4052 obicere
657 3991 898 4053 sollicitudiuem.
941 3986 1058 4053 Pseud.
1096 3985 1121 4063 I,
1145 3992 1174 4062 3,
1195 3988 1254 4049 45:
1291 3986 1379 4045 Hune

224 4092 320 4164 pudet,
346 4088 428 4166 qued
451 4090 505 4149 tibi
522 4092 685 4165 promissit.
708 4106 737 4151 v.
759 4092 815 4153 47:
839 4090 904 4149 Nou
928 4089 1047 4148 dedisse
1069 4088 1168 4147 istanc
1189 4084 1301 4160 pudet:
1330 4096 1378 4141 me

225 4188 369 4259 quianon
393 4188 613 4264 uccepipiget.
655 4203 684 4250 v.
711 4188 787 4251 136:
823 4188 941 4263 Ecquid
963 4194 993 4246 te
1016 4184 1129 4261 pudet?
1163 4179 1261 4244 Poem
1284 4176 1322 4256 V,
1349 4180 1379 4257 5,

226 4284 275 4347 26:
309 4286 420 4363 ecquid
443 4292 474 4345 te
496 4284 612 4361 pudet?
648 4282 738 4349 Pera.
760 4280 821 4355 ΙΙΙ,
846 4286 874 4352 3,
899 4288 955 4347 19:
979 4284 1060 4342 nilne
1083 4287 1114 4341 te
1137 4277 1254 4355 pudet?
1278 4273 1378 4361 Tria.

228 4376 278 4461 Ill,
297 4386 327 4462 2,
351 4386 408 4448 35:
440 4384 535 4445 semul
556 4402 604 4446 me
625 4400 735 4459 parum
756 4382 871 4458 pudere
895 4388 924 4441 te
946 4382 1039 4457 piget.
1083 4374 1177 4440 Truc.
1199 4372 1243 4456 Π,
1266 4377 1295 4454 2,
1320 4376 1378 4465 25?
