3125 5075
277 387 316 442 10
719 377 874 420 summanr.
889 379 953 421 GAP.
967 378 985 421 Ι.

275 566 304 628 q.
329 548 348 612 l.
373 547 487 615 Gran:
522 548 562 629 „l
585 566 612 616 e.
639 569 705 629 ego.
751 555 849 629 caput
874 570 933 633 pro
961 552 1087 616 homine
1117 550 1301 616 usitatum.“
1346 553 1436 617 Asin.

251 645 317 724 ³11,
340 652 370 726 4,
394 650 451 712 89:
486 649 603 709 Scibam
626 647 696 711 luto
718 658 748 712 te
770 653 899 725 captato
921 652 1009 712 hodie
1031 654 1193 710 Facturum
1217 653 1291 711 satis
1313 669 1369 726 pro
1392 654 1437 711 in-

255 723 360 808 'inria
406 742 504 808 Stich.
529 743 567 822 V,
591 749 620 825 5,
646 750 702 811 1οε
737 748 813 824 fugit
836 751 890 809 hoe
911 752 1035 809 libertas
1066 752 1160 820 capae.
1204 744 1437 826 Paenula,

276 844 331 905 32:
355 844 446 916 capta
464 848 561 903 eostre
577 846 653 904 istuc
676 847 804 920 quidem.
840 844 921 910 Rud.
937 844 995 923 ΙΠ,
1019 849 1047 920 6,
1069 850 1124 907 47:
1147 846 1214 904 istic
1228 846 1320 918 capiti
1335 846 1436 906 dicito.

259 1005 269 1016 ¹,
326 942 879 1018 ,2‚11:suum-caput,=se.
924 940 1127 1019 Mil.111,1‚
1154 944 1228 1004 131:
1257 942 1438 1016 Olepidum

312 1046 375 1112 put.
421 1035 510 1099 Pera.
534 1035 576 1115 II,
600 1041 628 1117 2,
654 1042 686 1101 2:
720 1042 777 1100 Ain
801 1058 886 1115 vero,
910 1042 1080 1100 verbereum
1101 1040 1212 1112 capet?
1255 1035 1370 1100 Pseud.
1394 1036 1438 1105 11.

274 1138 306 1212 4,
329 1137 385 1198 33:
424 1136 449 1195 si
475 1136 594 1209 quidem
621 1137 675 1195 loc
699 1139 779 1199 vivet
806 1142 907 1210 capet,
940 1134 969 1199 h.
994 1155 1022 1200 e.
1052 1152 1120 1215 ego.
1165 1133 1332 1197 Nonnullis
1358 1133 1438 1197 locis

275 1230 410 1294 materia
432 1230 550 1295 dicitur
573 1248 631 1310 pro
654 1232 765 1312 rebus,
801 1250 885 1314 quae
912 1251 950 1297 ex
972 1233 1107 1298 materia
1133 1230 1188 1295 illa
1215 1228 1437 1309 conficiuntur,

274 1326 364 1404 velut
387 1326 481 1392 Cure.
505 1326 543 1407 V,
567 1333 596 1408 2,
618 1333 655 1393 8:
689 1349 818 1409 gemme,
855 1328 885 1394 h.
910 1348 937 1394 e.
960 1329 1084 1394 anulus.
1126 1326 1217 1392 Cure.
1241 1327 1301 1403 ΙΙΙ,
1324 1347 1353 1391 v.
1377 1331 1436 1392 40:

276 1428 394 1502 explevi
415 1434 495 1488 totas
518 1444 601 1488 ceree
623 1436 774 1504 quattuor,
798 1426 829 1491 h.
854 1445 881 1491 e.
903 1432 1030 1492 ceratas
1049 1426 1194 1504 tabellas,
1218 1430 1251 1489 et
1272 1423 1388 1504 Amph.
1410 1424 1437 1504 Ι,

278 1528 306 1601 l,
332 1525 392 1586 185
413 1525 464 1587 est
479 1541 572 1585 cornu
592 1541 650 1605 pre
670 1525 797 1590 laterna
818 1542 944 1589 cornea.
989 1525 1120 1589 Terent.
1136 1522 1254 1586 Heaut.
1271 1521 1331 1601 ΠΙ,
1356 1527 1385 1601 3,
1403 1521 1437 1602 li:

275 1623 333 1683 Vel
354 1622 421 1681 heri
443 1624 473 1681 in
496 1624 565 1682 eino
588 1641 675 1697 quam
697 1625 883 1685 inmodeetua
907 1624 1005 1695 luisti,
1038 1619 1068 1684 h.
1092 1638 1118 1685 e.
1142 1620 1228 1684 inter
1249 1619 1381 1699 pocula,
1405 1620 1437 1684 in

274 1716 427 1781 convivio.
472 1717 587 1782 Heaut.
610 1717 671 1798 ΙΙΙ,
697 1724 723 1798 l,
748 1723 780 1783 2:
805 1724 957 1797 apueris,
980 1718 1010 1783 h.
1035 1738 1062 1783 e.
1086 1737 1106 1783 a
1127 1716 1274 1797 pueritia.

360 1807 596 1879 Rarius'totum
611 1814 762 1894 quiddam
777 1816 916 1896 pesitum
933 1822 992 1895 est,
1016 1821 1052 1880 ut
1073 1833 1149 1895 pars
1164 1814 1321 1893 quaedam
1342 1831 1438 1894 prae·

276 1910 370 1989 cipua
393 1910 459 1975 sive
482 1930 551 1990 res,
585 1929 667 1991 quae
690 1911 731 1976 ad
753 1917 857 1976 totum
880 1913 960 1978 illud
982 1913 1193 1994 qualicunque
1216 1911 1340 1975 ratione
1362 1930 1437 1992 per-

276 2007 366 2084 tinet,
390 2025 428 2072 eo
443 2006 648 2089 significetur.
684 2009 735 2075 Sic
748 2009 852 2073 Plaut.
874 2010 1079 2090 laudula,
1099 2016 1150 2073 ll:
1174 2013 1288 2071 vicinus
1307 2012 1438 2078 Veneris,

275 2101 306 2166 h.
331 2120 358 2167 e.
382 2104 456 2169 aedi
478 2106 621 2171 Veneris.
668 2106 782 2186 Amph.
802 2106 827 2186 1,
855 2112 880 2185 l,
908 2111 967 2172 185
990 2112 1140 2171 Volcanus
1164 2107 1282 2172 dictum
1306 2112 1357 2171 est
1378 2123 1437 2186 pro

276 2200 359 2282 igne,
382 2202 461 2266 item
483 2202 554 2268 Aul.
578 2203 620 2283 Π,
645 2208 673 2283 6,
700 2209 748 2269 10.
793 2203 876 2269 Rud.
898 2203 957 2284 ΙΙΙ,
981 2211 1017 2284 4,
1041 2211 1091 2269 54.
1116 2240 1159 2249 --
1181 2204 1248 2268 Mil.
1272 2204 1297 2282 Ι,
1324 2209 1357 2283 l,
1382 2208 1437 2268 22:

273 2298 642 2378 periermeniarum,
676 2300 759 2366 he.
789 2301 1026 2381 gloriationum.
1071 2299 1242 2366 Referendi
1269 2301 1331 2365 huc
1360 2304 1437 2365 aunt

275 2395 373 2459 etiarn
394 2415 505 2463 omnes
526 2398 550 2462 ii
572 2398 649 2478 loci,
684 2398 800 2480 quibus
825 2402 985 2476 Phlippeo
1012 2416 1070 2480 pro
1092 2416 1221 2462 nummo
1252 2396 1306 2462 illo
1337 2415 1437 2461 aureo

273 2492 442 2576 Philippeo
468 2477 589 2561 dictdm
620 2500 683 2575 est3
718 2515 782 2562 non
805 2496 876 2561 dico
898 2515 954 2562 ecs
975 2496 1078 2576 locos,
1107 2494 1161 2559 uhi
1189 2494 1344 2560 vocabulo
1365 2497 1438 2556 Pae

273 2594 375 2668 lippae
397 2592 633 2658 substantivum
655 2594 801 2659 additum
824 2598 884 2674 est,
907 2598 944 2659 ut
963 2595 1111 2659 adiectivi
1131 2611 1264 2657 munere
1283 2591 1438 2673 iungatur

274 2690 351 2768 (quo
373 2690 516 2769 pertinet
536 2690 633 2755 etiam
653 2690 721 2756 Mil.
744 2691 805 2771 IV,
829 2697 865 2770 2,
890 2693 946 2771 70,
971 2692 1026 2755 ubi
1049 2690 1141 2756 codd.
1165 2690 1286 2779 habent
1307 2690 1437 2770 quidem

273 2790 419 2847 talentum
441 2789 636 2864 Philippium,
671 2788 728 2852 sed
758 2788 953 2854 Bitschelius
978 2789 1099 2853 retinet
1128 2788 1291 2868 vulgatam
1319 2806 1358 2855 ex
1386 2786 1436 2852 ed

273 2881 373 2962 princ.
397 2882 572 2963 prolectam
595 2885 797 2963 Philippum),
828 2887 883 2950 sed
908 2905 978 2965 eos,
1009 2886 1064 2949 ubi
1088 2885 1189 2950 solum
1213 2891 1264 2950 est
1285 2884 1437 2964 positum,

272 2978 328 3042 ubi
349 2997 412 3043 non
433 2987 483 3046 est
502 2987 609 3047 mente
629 2983 815 3047 addendum
837 3005 981 3058 nummus,
1006 2983 1062 3047 sed
1086 3001 1143 3047 rex
1165 2987 1216 3048 est
1238 2983 1306 3062 ipse
1329 2982 1437 3045 dictus

271 3093 330 3156 pro
353 3095 492 3156 nummo,
515 3078 548 3142 in
571 3097 633 3160 que
653 3085 704 3145 est
718 3081 790 3162 ejus
805 3081 923 3161 imago.
962 3079 1043 3144 Sunt
1063 3085 1171 3144 autern
1193 3079 1240 3143 hi:
1263 3079 1360 3142 Poen.
1377 3078 1436 3158 111,

275 3178 302 3252 Ι,
326 3179 381 3238 55:
406 3183 558 3238 trecentos
581 3180 745 3255 Philippos.
791 3178 905 3244 Bacch.
922 3176 976 3254 lv,
993 3181 1023 3255 8,
1044 3180 1101 3241 27:
1125 3180 1211 3239 Nunc
1232 3180 1291 3238 nisi
1313 3179 1436 3239 ducenti

270 3272 405 3347 Philippi
424 3277 589 3336 redduntur
611 3278 692 3336 mihi.
741 3279 781 3340 38
806 3280 839 3340 et
863 3281 917 3340 78:
953 3277 1090 3337 ducentis
1118 3276 1273 3349 Philippis.
1320 3272 1435 3337 Bacch

271 3372 305 3447 9,
329 3375 386 3433 74:
422 3373 566 3435 ducentos
589 3375 753 3449 Philippos.
800 3390 828 3436 v.
852 3376 893 3435 87
917 3389 979 3452 sq,
1003 3378 1037 3450 9,
1064 3377 1139 3435 127:
1176 3374 1266 3432 Binos
1289 3371 1436 3433 ducentos

269 3468 433 3543 Philippos.
478 3468 516 3546 V,
541 3474 570 3546 2,
595 3473 646 3534 64.
676 3505 717 3514 —
743 3469 809 3534 Mil.
833 3487 862 3532 v.
888 3474 948 3533 192
970 3489 1004 3531 os
1028 3473 1078 3533 est
1099 3467 1220 3533 dictum
1248 3484 1307 3546 pro
1330 3467 1436 3548 impu·

268 3561 387 3639 dentia,
411 3565 487 3628 item
509 3564 637 3630 Terent.
662 3566 743 3630 Eun.
765 3566 822 3646 IV,
846 3572 875 3645 7,
901 3571 940 3629 36
965 3576 1012 3642 (oe
1036 3567 1166 3641 durum).

356 3667 385 3725 l.
408 3660 543 3726 Praeter
565 3680 629 3741 eae,
653 3680 733 3742 quas
756 3681 856 3744 supra
876 3663 1208 3739 commemoravimus,
1232 3660 1329 3726 etiam
1352 3659 1436 3726 aliae

268 3762 380 3823 extant
402 3759 557 3837 rationes,
592 3760 708 3840 quihus
731 3761 934 3826 substantiva
956 3778 1028 3825 cum
1050 3759 1121 3823 aliis
1143 3758 1250 3822 verbis
1272 3757 1431 3837 appositis

268 3855 302 3919 in
324 3873 420 3919 unum
435 3857 596 3920 notionem
612 3859 858 3937 coniunguntur.
881 3857 1022 3921 Primum
1038 3857 1101 3921 huc
1116 3859 1264 3937 spectant
1277 3854 1436 3934 exempla,

268 3950 324 4017 uhi
346 3952 581 4018 substantivum
604 3973 676 4019 cum
698 3954 838 4019 ablativo
854 3955 935 4019 alius
959 3953 1151 4019 substantivi
1171 3954 1216 4017 ita
1231 3952 1436 4016 coniunctum

268 4052 332 4127 est,
368 4054 405 4113 ut
427 4068 498 4114 eum
523 4069 560 4115 eo
587 4052 620 4115 in
648 4069 744 4115 unam
771 4052 935 4117 notionem
965 4051 1134 4116 coalescat.
1179 4048 1241 4127 Qui
1257 4036 1433 4114 'ablativus

266 4151 324 4209 aut
346 4144 407 4211 loci
430 4164 501 4211 esse
523 4152 630 4228 potest
652 4148 807 4228 originem
830 4151 1021 4228 exprimens,
1045 4154 1102 4211 aut
1124 4146 1297 4226 qualitatis.

352 4242 385 4321 a)
406 4245 475 4306 All.
500 4248 555 4307 loci
576 4249 720 4321 eripiam
743 4250 917 4321 reprimens.
962 4246 1095 4310 Taubm.
1120 4243 1161 4308 ad
1187 4243 1291 4309 Plaut.
1315 4240 1432 4306 Bacch.

266 4343 313 4423 11,
341 4349 375 4424 2,
406 4351 445 4410 53
468 4364 486 4409 e
510 4341 631 4407 Catone
654 4342 749 4408 affert
771 4348 927 4423 Syracusis
958 4349 1077 4418 soleae,
1116 4359 1198 4421 quae
1226 4344 1303 4404 sunt
1324 4339 1433 4403 soleae
