3125 5075
90 355 152 413 114
529 341 684 383 suasranr.
706 339 768 380 car.
786 339 829 380 in.

90 519 249 597 medicum,
276 520 343 579 dnm
370 535 401 578 se
424 535 461 577 ex
482 535 573 594 opere
601 517 738 591 recipiat.
778 509 871 589 Epid.
895 504 954 585 ΠΙ,
984 510 1013 584 5,
1043 506 1100 566 322
1133 520 1208 577 Μ’

90 616 287 676 memorandis
312 617 384 675 meis
406 617 604 676 Eradicabam
633 615 784 674 hominum
816 610 912 679 anns,
949 600 1034 683 quod
1061 596 1208 663 Perizoni

91 708 133 773 ad
162 709 268 775 Sanct.
290 709 422 774 Minerv.
447 729 475 790 p.
503 716 561 775 143
593 708 732 788 explicat
754 724 825 786 per:
860 706 928 764 dnm
956 700 1161 771 eradicabam,
1191 708 1207 755 a

92 805 185 869 simul
208 807 303 870 etiam
325 806 568 872 instrumentum
591 805 682 885 quasi
705 803 875 867 indicatur.
913 798 1002 862 Pers
1025 794 1052 873 I,
1080 800 1105 871 l,
1130 797 1166 855 5:
1203 795 1208 851 ἶ

91 903 131 963 iio
153 907 244 965 miser
265 906 435 979 quaerundo
457 911 579 980 arqeato
599 910 711 971 metuo,
733 899 788 980 qni
810 898 872 962 abl.
895 896 973 959 item
995 893 1208 956 instrumenta

94 1015 165 1063 esse
188 1006 302 1079 potest.
326 998 440 1065 Caecil.
457 1001 536 1066 Stat.
552 1000 695 1064 Plocium
711 997 749 1061 ir.
766 1002 797 1074 9,
813 1014 841 1059 v.
862 1000 935 1058 175:
959 992 1044 1067 Quod
1061 993 1112 1050 din
1127 991 1208 1049 cioca

92 1100 186 1158 multa
214 1118 272 1173 qua
298 1118 356 1160 non
379 1102 441 1159 volt
471 1102 561 1173 videt,
584 1097 639 1176 qui
662 1097 738 1159 item
762 1088 1015 1156 instrumentalis
1038 1102 1111 1150 esse
1134 1089 1208 1164 pote

92 1192 218 1257 Terent.
243 1194 339 1258 Andr.
363 1194 400 1273 V,
423 1200 453 1269 4,
478 1200 532 1259 35:
559 1194 697 1255 mirando
726 1196 780 1253 boe
802 1196 884 1251 teoto
906 1197 967 1249 tam
990 1186 1145 1259 repentino
1168 1185 1208 1242 bo·

93 1289 179 1367 quod
194 1290 339 1355 Donatus
362 1291 407 1354 ita
421 1290 568 1372 explicat,
591 1297 627 1354 ut
642 1290 717 1353 dum
732 1289 831 1352 miror
846 1282 1014 1367 significet,
1036 1280 1074 1346 ei.
1090 1280 1208 1343 Weisst

92 1385 181 1450 born.
206 1387 245 1450 de
269 1389 421 1468 gerundis
444 1394 478 1452 et
499 1387 673 1467 gerundivo
696 1405 726 1467 p.
749 1392 802 1450 40.

178 1488 227 1548 29.
271 1487 454 1560 Pramoado
478 1489 519 1545 in
545 1504 612 1547 arm
641 1487 779 1560 terporis
806 1483 976 1542 notionibus
999 1480 1114 1538 iuncta.
1158 1471 1208 1548 Qu

94 1578 263 1645 discrimen
284 1582 463 1647 intercedat
490 1583 575 1646 inter
598 1583 700 1646 solum
725 1579 900 1644 ablativum
930 1573 1085 1654 temporis
1110 1578 1145 1633 et
1169 1586 1208 1632 eu

93 1676 148 1755 qui
176 1696 246 1742 cum
273 1679 510 1759 praepositione
541 1683 575 1739 io
601 1680 790 1744 coniunctus
826 1681 889 1752 est,
915 1670 1047 1753 ‘optime
1081 1667 1207 1747 explica

94 1773 295 1839 Schaefferus
317 1775 350 1838 in
372 1775 452 1839 libro
472 1776 511 1840 de
534 1795 595 1841 usu
617 1794 725 1856 praep.
748 1774 877 1838 Terent.
902 1788 931 1850 p.
956 1775 1012 1847 34,
1039 1767 1132 1831 cuius
1154 1782 1208 1826 ver

95 1869 283 1935 adscribam.
306 1871 514 1952 Describitur,
537 1873 650 1954 inquit,
672 1869 957 1952 praepositionem
972 1884 998 1929 c.
1014 1864 1078 1928 abl.
1096 1868 1208 1941 tempo

97 1967 247 2047 spatium,
271 1970 360 2033 cuius
382 1972 466 2034 actio
494 1970 600 2050 aliqua
622 1971 765 2033 obtineat
788 1971 912 2047 partem
936 1963 1089 2027 maiorem
1113 1966 1208 2022 auti

98 2081 222 2143 norem,
257 2066 351 2130 modo
379 2085 419 2131 ne
447 2085 539 2131 omne
568 2068 706 2146 spatium
739 2065 868 2145 expleat
896 2062 1096 2141 (continuum
1124 2056 1208 2135 aliqu

95 2163 249 2242 temporis
276 2165 430 2244 spatium,
467 2171 504 2228 ut
529 2166 606 2229 dicit
632 2165 872 2244 Kampmannns
901 2161 941 2224 de
972 2162 1014 2220 IN
1044 2176 1074 2238 p.
1102 2160 1157 2230 19,
1193 2171 1208 2234 q

97 2257 219 2339 aliquid
243 2261 374 2342 agitur),
397 2262 434 2325 ln
457 2262 664 2327 describendo
687 2265 832 2340 tempore
844 2256 978 2322 Romani
1000 2255 1082 2321 hanc
1105 2251 1208 2316 viden

96 2356 197 2421 secuti
220 2376 292 2422 esse
315 2359 433 2439 legem:
457 2359 541 2423 nudo
565 2358 703 2423 ablativo
725 2357 917 2435 utebantur,
945 2354 1000 2418 ubi
1022 2370 1085 2433 quo
1109 2356 1208 2430 temp«

94 2452 214 2533 aliquid
235 2454 354 2519 iactum
377 2462 463 2520 esset
484 2457 580 2521 certis
607 2455 752 2520 formulis
773 2451 989 2534 significarent
1015 2466 1121 2528 neque
1153 2464 1207 2510 res

95 2557 220 2631 terent,
253 2555 408 2617 actionem
436 2553 520 2616 intra
545 2554 700 2634 temporis
727 2552 862 2618 alicuius
888 2550 1140 2631 perpetuitatem
1169 2543 1208 2608 fie

79 2647 233 2713 ,ablativo
248 2648 409 2714 addebant
420 2652 688 2733 praepositionem
700 2654 742 2728 in,
765 2649 820 2713 ubi
836 2654 894 2712 aut
908 2646 1063 2711 vocabulo
1079 2645 1208 2710 utebam

95 2745 136 2810 ad
158 2745 398 2826 significandum
420 2757 555 2829 tempus,
578 2749 662 2829 quod
690 2749 723 2812 in
744 2746 901 2812 iormulae
923 2762 1018 2809 usum
1044 2761 1111 2806 non
1134 2742 1207 2806 abis

95 2842 116 2904 i.
140 2859 167 2906 e.
194 2849 317 2907 certum
347 2845 503 2923 quoddam
532 2851 659 2929 tempus
696 2864 754 2926 per
787 2862 823 2910 se
851 2861 916 2908 non
947 2839 1161 2923 significaret,
1199 2858 1208 2902 a

96 2938 336 3004 continuitatem
359 2944 510 3023 temporis
537 2943 760 3024 respiciebant.
805 2942 858 3006 lta
878 2940 1000 3006 factum
1023 2945 1088 3018 est,
1118 2942 1157 3001 ut
1179 2955 1208 3002 sr

95 3037 249 3114 stantius,
283 3055 365 3117 quae
398 3040 482 3104 nudo
509 3040 648 3127 ablativo
683 3040 772 3105 indui
799 3039 939 3118 soleant,
980 3038 1165 3115 ubicunque
1192 3031 1208 3098 i

97 3131 203 3196 mulae
218 3134 373 3200 rabonem
396 3137 570 3203 abiecerint
591 3146 624 3204 et
638 3156 702 3202 non
721 3144 788 3202 tam
803 3141 928 3201 certum
943 3133 1104 3215 quoddam
1116 3139 1207 3212 temp

95 3243 190 3308 quam
212 3231 421 3298 conditionem
448 3235 602 3316 temporis
625 3233 820 3316 significent,
848 3233 1122 3315 praepositionem
1150 3247 1208 3310 req

94 3331 181 3405 rant,
217 3335 254 3392 ut
283 3348 316 3392 co
343 3337 470 3407 tempore
497 3339 547 3414 (qu
573 3328 652 3413 ieter
682 3330 778 3413 Brit),
811 3336 846 3393 ia
874 3351 907 3394 eo
934 3338 1062 3405 empore
1099 3327 1145 3406 (ia
1170 3326 1208 3409 ju

93 3417 369 3506 geitumltiabca),
390 3431 496 3495 omnia
517 3428 653 3511 denique
676 3429 832 3494 vocabula
854 3434 888 3493 et
909 3447 948 3492 ea
969 3444 1052 3507 quae
1075 3431 1154 3490 sunt
1175 3432 1208 3489 te

93 3520 181 3599 poris
214 3523 369 3589 formulae
401 3532 543 3605 atquae
576 3545 639 3591 non
669 3533 744 3591 sunt
778 3525 946 3606 requirant
974 3524 1208 3605 praepositione

96 3615 277 3698 ubicunque
300 3620 514 3703 significatur,
542 3641 604 3703 quo
625 3631 769 3704 tempore
790 3621 970 3704 profluente
991 3620 1113 3700 aliquid
1135 3619 1208 3685 iactr

94 3712 146 3777 sit
189 3715 279 3781 Haec
313 3717 467 3784 hactenus
502 3720 712 3787 Schaefferus.
758 3722 807 3786 Ad
844 3720 991 3783 ultimum
1019 3735 1131 3794 nsum,
1160 3734 1208 3798 qn

95 3815 354 3879 commemoravit
376 3815 586 3899 Schaefferus,
614 3819 778 3900 pertinent
799 3817 949 3898 loquendi
967 3815 1105 3881 formula
1126 3818 1163 3876 ia
1184 3821 1208 3876 tr

90 3923 178 3981 pore,
206 3909 237 3973 h.
263 3926 291 3973 e.
314 3912 399 3976 iusto
422 3921 456 3978 et
476 3915 589 3981 idoneo
612 3923 766 3997 tempore,
789 3915 982 3996 quambene
1003 3914 1158 3994 explicat:
1178 3913 1208 3977 dr

94 4010 233 4086 tempus,
256 4023 319 4086 quo
339 4009 417 4088 quid
437 4007 506 4075 ficri
520 4017 677 4093 oporteat,
698 4013 770 4078 fluit
785 4031 844 4078 nec
865 4013 928 4078 iam
943 4012 1122 4093 praeteriit,
1140 4010 1208 4075 deit

93 4115 172 4164 usus
194 4109 354 4184 praepar
372 4108 589 4174 numeralibus
611 4110 771 4176 adverbiis
787 4109 1061 4191 praecedentibus,
1083 4126 1149 4189 quo
1164 4125 1208 4173 cer

97 4193 204 4277 aliquo
226 4199 312 4266 illius
334 4203 430 4282 spatii
450 4212 568 4282 puncto
589 4207 710 4286 aliquid
731 4204 802 4272 fieri
823 4208 992 4287 indicatur,
1015 4211 1051 4271 ut
1069 4210 1160 4272 recte
1175 4207 1208 4271 di

94 4290 408 4374 dampnandae.
425 4298 504 4367 Cato
516 4305 553 4368 R.
570 4304 606 4369 R.
619 4322 646 4369 c.
662 4311 721 4369 157
731 4325 739 4369 :
755 4307 802 4367 bia
814 4308 849 4366 ia
862 4305 1127 4387 diesedinseqq.
1140 4305 1208 4371 eod
