3125 5075
294 343 353 398 116
732 327 888 366 sussrsur.
909 327 972 367 cur.
989 329 1028 367 ru.
1068 313 1071 320 '

298 506 541 580 comparationis,
573 502 626 580 qui
654 502 726 581 poni
749 502 832 566 solet
860 507 932 581 post
960 499 1192 582 comparativus
1221 502 1256 562 et
1278 497 1334 578 qui
1356 498 1449 581 vulgo

294 602 429 667 solvitur
452 618 622 680 perquam
647 598 845 663 adverbium.
875 598 907 663 Si
930 615 1170 680 compararem
1193 612 1266 660 cum
1288 613 1335 673 re,
1358 594 1450 677 proti·

293 700 395 763 ciscor
418 697 510 776 quasi
532 696 572 760 ab
595 695 707 775 altera,
738 697 783 761 sic
807 700 896 758 Caius
920 700 1037 758 doctior
1060 705 1107 757 est
1129 698 1196 757 Tito
1218 692 1304 757 idem
1329 697 1380 757 est
1400 712 1449 758 sc:

296 796 322 861 si
346 815 365 859 a
388 795 460 857 Tito
485 790 676 873 proficiscor,
698 794 724 857 si
747 792 854 856 aTito
877 790 1084 873 proficiscens
1106 809 1174 857 rem
1198 796 1328 870 specto,
1357 788 1449 857 crim

294 899 343 959 est
366 894 494 955 doctior.
519 891 722 955 Dissentiunt
737 890 928 970 Madvigius,
952 892 1006 971 qui
1029 889 1203 956 ablativum
1227 892 1304 967 post
1326 905 1448 969 compa·
1484 957 1487 970 Ι

295 992 415 1056 rativos
444 989 584 1069 positum
609 987 823 1066 instrumenti,
868 988 1039 1053 Putschius
1068 1004 1200 1068 gramm.
1232 986 1290 1049 lat.
1321 1003 1352 1065 p.
1384 990 1447 1063 188,

294 1088 390 1154 addit.
416 1091 451 1165 2,
481 1085 536 1165 qui
564 1084 739 1149 ablativum
765 1085 963 1150 limitationis
996 1102 1067 1151 esse
1095 1086 1219 1162 putant.
1257 1083 1358 1164 Legg.
1391 1081 1447 1147 llll

292 1186 394 1261 tabb,
419 1185 462 1262 X,
489 1181 527 1246 fr.
553 1187 585 1246 2:
624 1186 689 1244 Hoc
705 1186 778 1258 pias
801 1204 838 1246 ne
861 1185 962 1248 facito.
1011 1181 1090 1245 Cato
1113 1181 1150 1244 R.
1175 1180 1211 1243 R.
1234 1198 1261 1244 e.
1284 1187 1321 1244 4:
1357 1184 1446 1243 Frons

293 1285 427 1359 occipitio
449 1284 537 1356 prior
563 1288 618 1342 est.
665 1278 698 1343 C.
724 1285 759 1344 5:
799 1284 992 1359 Operarium‚
1026 1282 1258 1355 mercenarium,
1294 1282 1445 1354 politorem

293 1382 406 1442 diarias
429 1380 553 1440 eundem
578 1397 613 1438 nc
630 1380 739 1440 habeat
760 1381 817 1439 dic.
841 1377 875 1442 C.
900 1382 954 1441 28:
977 1383 1109 1440 Arbores
1125 1379 1285 1438 crassiores
1299 1376 1444 1450 diuitisi'.

295 1496 369 1555 quac
393 1484 488 1537 erunt
512 1474 607 1538 Ennii
630 1474 778 1539 Hectoris
801 1475 904 1538 lustra
926 1473 963 1538 ir.
992 1480 1044 1538 17:
1066 1477 1176 1536 Melius
1199 1484 1246 1535 est
1268 1476 1380 1535 virtute
1396 1476 1443 1534 ins.

293 1574 396 1638 Plaut.
420 1571 514 1636 Stich.
539 1570 581 1651 ΙΙ,
606 1576 634 1651 2,
658 1579 716 1636 44:
747 1576 937 1649 conspicatus
960 1592 1023 1632 sum
1046 1576 1166 1633 interim
1189 1574 1371 1639 cercurum,
1396 1587 1444 1644 qao

293 1691 348 1749 ego
377 1690 423 1731 me
450 1672 592 1730 maiorem
625 1689 683 1731 non
714 1673 824 1732 vidisse
854 1688 971 1732 censeo.
1017 1669 1101 1732 Trin.
1127 1667 1162 1745 V,
1192 1674 1227 1747 2,
1257 1672 1314 1731 30:
1352 1670 1445 1728 tunica

288 1772 414 1845 propior
431 1768 564 1843 pulliost.
589 1749 702 1846 Amph.
725 1765 750 1836 Ι,
777 1772 802 1845 l,
829 1771 905 1830 123:
929 1770 1033 1843 Neque
1049 1786 1104 1843 ego
1124 1770 1181 1827 bac
1195 1771 1277 1825 nocte
1293 1767 1444 1839 locutores

293 1886 340 1928 me
363 1864 473 1927 vidisse
497 1882 613 1925 censeo.
660 1862 729 1926 Aul.
753 1862 796 1943 ΙΙ,
821 1868 848 1942 2,
874 1868 928 1927 29;
966 1866 1069 1941 Neque
1091 1865 1143 1923 ilio
1166 1866 1354 1939 quisquamst
1375 1866 1443 1922 alter

294 1966 382 2025 hodio
406 1981 443 2022 ex
465 1969 643 2036 paupertate
663 1963 794 2035 parcior.
841 1958 911 2023 llas.
935 1959 980 2037 ll,
1006 1965 1039 2038 3,
1064 1965 1097 2024 9:
1137 1963 1194 2034 Qut
1216 1962 1356 2037 quom2')
1387 1977 1442 2020 amo

294 2063 431 2122 Casinam
460 2060 556 2132 monis
576 2061 662 2118 tuitio
685 2060 836 2118 munditiis
860 2061 1035 2119 Munditiam
1059 2061 1193 2135 antideo,
1222 2056 1309 2136 quod
1332 2056 1443 2121 Grono

294 2156 364 2220 vius
387 2154 536 2234 explicat:
560 2155 660 2235 magis
684 2172 776 2235 quam
801 2153 951 2233 primum,
979 2172 1073 2234 quam
1097 2154 1187 2232 olim,
1211 2170 1308 2232 quam
1332 2152 1443 2217 solitus.

295 2251 491 2317 Menaechm.
507 2250 565 2330 ΙΙΙ,
585 2258 611 2330 l,
640 2259 668 2315 l:
692 2255 765 2313 Pius
788 2254 913 2326 trip-into
936 2261 1024 2313 natus
1047 2254 1135 2313 annu
1158 2271 1213 2328 ego
1230 2271 1305 2315 sum.
1329 2247 1442 2325 Auli,

293 2368 322 2415 v.
347 2355 380 2413 2:
404 2353 469 2426 quis
493 2360 541 2410 est
562 2368 607 2410 mc
628 2350 739 2409 ditiori
761 2348 877 2412 Pseud.
901 2348 927 2427 Ι,
952 2355 980 2427 3,
1009 2352 1080 2413 103:
1105 2352 1231 2411 Athenis
1253 2355 1280 2409 ic
1303 2352 1343 2409 sit
1367 2364 1443 2409 nemo

294 2452 424 2523 aequior.
453 2445 511 2524 ΙΙΙ,
541 2451 573 2523 2,
606 2450 660 2509 2οε
690 2465 735 2507 me
765 2465 850 2507 nemo
873 2455 974 2522 potest
1002 2449 1132 2508 Minoris
1153 2450 1309 2523 quisquam
1333 2460 1442 2506 nummo

293 2556 326 2608 ut
348 2565 466 2622 surgam
491 2547 636 2620 subigere.
661 2543 776 2607 Pseud.
800 2561 829 2606 ν.
855 2549 933 2607 938;
956 2547 1061 2605 Minus
1083 2549 1123 2606 sit
1144 2546 1252 2607 rothila:
1277 2563 1374 2620 neque
1397 2560 1443 2619 ego

294 2647 347 2706 boc
370 2645 485 2702 maine
512 2660 690 2720 quemquam,
714 2643 774 2702 vidi
801 2644 897 2715 acopis
927 2642 1047 2700 maium.
1093 2640 1174 2704 Meu.
1200 2659 1227 2704 v.
1252 2645 1332 2705 62οε
1370 2642 1443 2702 Nihil

295 2743 350 2802 boc
372 2740 583 2812 confidentiast.
607 2737 661 2816 lv,
679 2743 707 2813 2,
724 2742 778 2801 67:
801 2741 883 2800 Nihil
906 2741 960 2798 boc
982 2741 1098 2798 bomine
1123 2740 1287 2800 audaciusi.
1311 2737 1406 2802 Most.
1422 2753 1444 2799 l.

299 2841 372 2900 150:
410 2838 473 2912 Quo
496 2854 590 2912 nequo
614 2837 779 2896 industrior
808 2838 845 2896 dc
869 2839 1021 2897 iuventute
1045 2845 1120 2898 erat.
1159 2834 1183 2913 Ι,
1208 2841 1236 2913 3,
1264 2839 1339 2899 122;
1378 2836 1445 2896 nihil

294 2937 351 2995 icc
372 2934 457 2993 docto
479 2934 611 2996 doctiust.
635 2930 694 3010 ΙΙΙ,
721 2937 749 3010 3,
774 2936 807 2994 o:
830 2936 896 2994 Non
920 2934 1057 3009 equidem
1079 2937 1169 2993 ullam
1186 2936 1223 2992 .in
1240 2935 1363 3009 publico
1385 2950 1457 2995 esso.

294 3032 436 3092 maiorem
452 3031 509 3090 icc
530 3033 683 3091 existumo.
706 3027 744 3104 V,
771 3033 797 3106 1,
822 3033 876 3092 24:
901 3034 987 3090 Alter
1009 3033 1063 3090 boc
1078 3033 1205 3091 Athenis
1227 3049 1315 3092 nemo
1338 3032 1443 3092 doctior

295 3130 353 3188 dici
376 3135 486 3202 potest.
524 3125 610 3188 Pers.
634 3124 676 3203 ΙΙ,
701 3128 728 3202 2,
754 3130 811 3188 2οῐ
835 3130 941 3189 Nullus
974 3146 1068 3201 puero
1091 3130 1145 3187 boc
1161 3130 1247 3201 peior
1270 3147 1338 3190 esse
1363 3130 1446 3189 hodia

295 3226 478 3300 perhibetur.
507 3221 597 3285 Pers
622 3221 676 3301 lv,
699 3230 729 3298 4,
757 3228 808 3286 le:
832 3227 929 3286 nullus
953 3228 1021 3285 leno
1044 3231 1071 3286 tc
1093 3228 1171 3285 alter
1193 3227 1253 3285 erit
1275 3228 1446 3299 opulcntior.

295 3320 392 3383 Mete.
416 3317 442 3396 Ι,
473 3325 499 3398 l,
530 3322 605 3382 100:
644 3338 703 3394 quc
733 3322 855 3381 muliere
883 3324 942 3382 alia
968 3324 1080 3383 nullast
1103 3324 1246 3396 pulcrior.
1289 3320 1333 3400 ΙΙ,
1361 3328 1390 3401 3,
1422 3327 1447 3384 l:

296 3422 390 3480 Homo
413 3436 457 3478 mc
478 3418 614 3476 miserior
636 3420 733 3477 nullus
763 3428 935 3493 estusque.
982 3417 1037 3496 lv,
1062 3423 1090 3496 3,
1117 3425 1147 3482 1:
1181 3420 1327 3480 Miserior
1348 3423 1449 3481 mulier

293 3533 339 3576 mc
361 3535 416 3576 nec
440 3513 495 3573 fiet
516 3531 572 3574 ucc
595 3514 659 3576 fuit.
706 3512 833 3577 Terent.
857 3512 971 3578 Heaut.
995 3514 1020 3589 Ι,
1047 3521 1073 3592 l,
1101 3521 1154 3579 ll:
1183 3535 1276 3578 anuos
1299 3521 1449 3595 sexaginta

294 3621 381 3673 natus
404 3630 451 3688 es,
480 3613 539 3670 Aut
556 3612 627 3684 pius
649 3627 689 3677 co,
713 3618 745 3670 ut
767 3613 892 3672 conicio.
931 3611 1009 3676 Hec.
1033 3610 1092 3690 ΙΙΙ,
1115 3618 1144 3689 A,
1169 3617 1202 3676 7:
1233 3616 1308 3676 Dies
1331 3618 1449 3693 triginta

295 3717 347 3771 out
363 3709 434 3783 pius
459 3725 491 3766 eo
512 3709 542 3765 in
566 3710 633 3767 nari
655 3707 707 3767 fui.
732 3706 828 3770 Andr.
852 3705 877 3785 Ι,
903 3712 930 3786 l,
953 3714 986 3779 4:
1012 3712 1089 3784 Quid
1112 3718 1172 3784 est,
1202 3713 1288 3786 Quod
1311 3714 1448 3773 tibimet

296 3824 345 3868 ars
368 3807 488 3866 efficere
512 3805 566 3864 boc
586 3806 681 3878 possit
705 3804 852 3878 amplius?
896 3805 975 3868 Eun.
998 3805 1045 3883 ΙΙ,
1076 3811 1109 3884 1,
1139 3810 1180 3870 20
1202 3823 1263 3886 sq:
1290 3811 1345 3871 boc
1367 3826 1447 3871 nemo

296 3902 354 3965 fuit
377 3904 482 3963 Minus
503 3901 620 3972 inopius
641 3902 746 3978 magis,
769 3919 888 3962 seuerus
910 3906 1064 3980 quisquam
1094 3924 1149 3967 nec
1170 3908 1267 3980 nucis
1289 3910 1444 3968 contineris.

297 4000 343 4067 Ut
365 3996 630 4079 comparativum,
653 3996 699 4060 sic
727 3997 825 4061 etiam
848 3998 1000 4063 adverbia
1027 4001 1278 4082 comparationis
1307 4022 1400 4079 mque
1420 4012 1445 4064 ct

298 4099 430 4172 adaeque
453 4093 598 4174 sequitur
619 4093 786 4160 ablativus.
811 4094 863 4161 Sic
879 4094 983 4158 Plaut.
1005 4098 1117 4179 Amph.
1132 4098 1158 4177 Ι,
1179 4103 1206 4178 l,
1233 4103 1307 4164 142:
1339 4105 1445 4163 nullust

297 4353 303 4362 ,
324 4358 328 4363 ,
365 4300 400 4362 ²¹)
421 4300 465 4354 sic
483 4301 565 4358 Both.
582 4307 626 4371 Ag
644 4319 733 4371 quom.
753 4303 843 4372 Vulgo
859 4310 1013 4374 postquam.
