3125 5075
526 352 564 391 DE
581 353 675 391 nonis.
691 376 711 383 -
729 356 949 396 CONIUNCTIVUS.
1251 367 1309 425 145

155 557 245 615 qnam
270 542 416 620 bonefisio
438 542 592 615 adiungas,
616 562 652 603 ex
675 548 772 604 auimo
796 545 877 606 iecit.
924 548 953 623 2,
977 547 1017 607 26
1032 560 1093 623 sq:
1117 563 1183 603 nam
1198 547 1225 604 si
1239 551 1312 607 esset

156 640 237 697 unua
267 639 296 698 ra
323 625 421 711 seeo,
450 641 635 701 sumemus.
684 639 735 718 11,
759 646 794 718 a,
819 645 877 705 aa:
912 644 992 716 viar,
1029 645 1055 703 si
1091 646 1164 702 sata
1193 646 1309 717 placet:

155 736 261 795 Potius
283 753 369 811 qnam
399 737 502 796 oculas
529 742 557 795 in
581 741 740 812 periclum,
762 767 806 781 -
829 741 973 800 Servesne
1001 757 1038 800 au
1067 740 1177 815 perdas
1207 748 1310 813 totum,

156 833 307 892 diuiduum
332 833 409 894 iace.
440 852 468 894 v.
492 837 548 896 40:
571 838 670 909 potins
693 855 779 911 qnam
803 838 865 897 litis
886 853 1003 913 sequor,
1026 839 1133 898 Meum
1149 839 1221 896 mihi
1242 840 1310 897 red·

156 931 255 990 datur.
287 927 346 1008 111,
370 940 399 1007 4,
425 935 479 994 5⁶2:
503 934 636 993 Animam
661 936 824 1009 relinquam
848 937 1054 1009 potiusquam
1080 937 1147 995 illas
1170 935 1311 996 deserum.

157 1024 218 1090 111.
236 1031 264 1089 2.
288 1032 319 1089 1:
342 1031 370 1089 si
391 1032 490 1090 omnia
512 1047 613 1090 omnes
630 1048 683 1090 sua
698 1033 825 1091 consilia
846 1032 1120 1107 consumensque
1143 1034 1211 1092 huic
1233 1035 1311 1093 malo

156 1127 284 1186 salntem
309 1131 463 1198 quaeram,
487 1129 576 1188 auxili
599 1129 641 1187 nil
664 1127 813 1199 adsonat.

249 1227 293 1285 15.
312 1241 336 1284 c.
384 1226 593 1285 c'onruncovos
615 1225 830 1297 imperatorius.
862 1224 922 1289 Hic
944 1226 1038 1305 item,
1061 1230 1098 1290 ut
1120 1224 1311 1305 potentialis,

156 1317 405 1398 postulationem
422 1327 456 1382 et
477 1320 699 1384 necessitatem
715 1322 873 1400 quandam
889 1323 1047 1403 exprimit,
1070 1325 1125 1387 sed
1141 1339 1222 1402 quac
1238 1339 1311 1401 non,

157 1423 197 1480 nt
218 1416 291 1494 illic,
314 1436 334 1480 a
356 1436 460 1480 rernm
486 1416 666 1481 conditione
688 1417 927 1497 proficiscatur,
952 1421 1008 1485 sed
1031 1420 1071 1486 ab
1094 1439 1132 1485 eo
1154 1421 1233 1500 ipso,
1257 1421 1312 1500 qni

157 1514 301 1594 loquitur
325 1513 454 1578 tEtzlcr.
479 1532 508 1594 p.
535 1518 618 1589 134).
662 1516 871 1598 Negationem
896 1518 976 1581 coni.
999 1518 1222 1598 imperatorius
1245 1517 1312 1597 pla·

158 1629 293 1691 rumque
321 1612 501 1676 adiunctam
530 1611 627 1676 habet
657 1633 708 1692 ae,
736 1614 921 1693 potentialis
950 1634 1017 1679 aaa.
1071 1614 1310 1695 Nonnumquam

158 1728 219 1789 pro
241 1710 420 1788 sumptione
444 1715 751 1791 usurpatum-saepe
775 1712 870 1776 etiarn
893 1730 994 1793 prope
1008 1713 1131 1778 accedit
1152 1713 1192 1776 ad
1215 1713 1312 1795 signi-

157 1805 342 1870 ficationem
367 1806 499 1887 rogandi
523 1808 732 1888 optandiqne,
759 1814 956 1890 quapropter
985 1827 1023 1873 ea
1046 1827 1172 1890 qnoque
1196 1828 1313 1892 genera

160 1905 351 1968 coniunctivi
374 1903 435 1967 huc
458 1905 635 1985 pertinent,
660 1924 740 1985 qnae
762 1907 961 1986 grammatici
988 1907 1152 1971 nominant
1180 1909 1314 1989 permis-

159 2002 280 2080 siurim,
304 2003 540 2080 concessivum,
563 2003 750 2081 optativum.
778 2003 814 2080 Q.
846 2004 963 2069 Fabius
985 2004 1094 2070 Pictor
1119 2023 1169 2085 ap.
1193 2006 1311 2087 Egger.

157 2119 191 2180 p.
221 2106 293 2163 101:
324 2103 470 2175 Capillum
496 2103 606 2176 Dialia,
638 2104 694 2162 nisi
720 2106 770 2178 qni
798 2105 875 2164 liber
903 2105 1067 2176 homoest,
1094 2122 1154 2163 aaa
1175 2105 1312 2168 menses.

159 2195 301 2263 Marcius
323 2216 373 2276 ap.
398 2198 515 2279 Eggcr.
544 2215 575 2277 p.
605 2204 661 2261 112
684 2204 786 2266 (anon.
810 2216 941 2278 gramm.
971 2217 1022 2278 ap.
1047 2199 1200 2281 Heusing.
1225 2200 1312 2265 Mall.

159 2297 280 2363 Theod.
309 2297 348 2360 de
377 2297 489 2359 metris
519 2314 548 2375 p.
578 2300 647 2367 art:
678 2299 849 2357 Postremus
882 2300 1028 2373 laquearia,
1062 2299 1174 2372 primun
1205 2305 1311 2361 taceas.

159 2396 240 2461 Calo
270 2396 305 2460 R.
333 2394 370 2457 R.
400 2412 425 2456 c.
459 2399 488 2457 l:
524 2413 577 2455 sua
605 2397 714 2454 virtute
744 2397 852 2458 noieot.
905 2393 965 2458 lb.:
993 2397 1047 2456 snb
1075 2396 1176 2456 radice
1205 2400 1312 2458 montis

158 2498 225 2564 siet,
242 2498 276 2555 ln
301 2495 455 2555 meridiem
476 2497 590 2566 spectet,
613 2496 680 2554 loco
696 2496 817 2568 salubri,
840 2496 1043 2568 operariorum
1060 2494 1146 2568 copia
1160 2493 1221 2555 siet
1248 2491 1311 2558 lb.:

159 2594 223 2655 siet
248 2596 277 2653 in
306 2596 342 2651 iis
370 2594 450 2666 agris
480 2595 553 2653 cett.
578 2588 611 2653 Ο.
637 2595 668 2654 2:
693 2593 869 2652 circumeat.
907 2589 968 2653 lb.:
998 2593 1144 2666 postridie
1166 2594 1229 2652 eius
1253 2593 1312 2652 diel

160 2695 277 2752 vilicum
301 2695 395 2767 vocet,
423 2688 687 2763 rouecestre:
716 2708 792 2765 qnae
822 2705 896 2764 opus
924 2690 1002 2749 nient
1032 2691 1143 2759 locato,
1174 2690 1313 2758 locentur,

161 2788 217 2853 nbi
241 2785 373 2850 offendit
395 2785 474 2849 banc
507 2784 606 2848 solam
634 2802 704 2848 esse
728 2784 980 2849 annunciationem
1012 2783 1167 2849 eiusmodi
1189 2785 1257 2850 sine
1280 2793 1314 2848 et

162 2885 290 2963 clatum,
313 2901 410 2963 quum
433 2883 626 2947 antecedant
640 2887 673 2945 et
687 2888 864 2962 sequantur
879 2881 1059 2962 complures
1075 2882 1313 2949 enunciationes

160 2983 271 3047 eadem
309 2977 539 3062 significatione
578 2979 717 3058 positae,
755 2996 837 3059 qnae
881 2987 916 3043 at
956 2979 1074 3046 habent
1116 2979 1311 3047 adiunctum.

159 3079 259 3143 Paulo
289 3078 386 3142 infra:
423 3097 516 3154 pecus
546 3079 714 3138 amoenare.
765 3073 825 3141 lb.:
863 3079 979 3139 Vendat
1015 3081 1111 3138 oleum
1144 3083 1218 3143 cett.
1251 3079 1313 3143 lb.:

163 3180 278 3240 Vendat
298 3180 388 3238 bovas
409 3180 525 3237 vetulos
548 3177 624 3238 cett.
648 3170 681 3234 C.
705 3177 737 3236 3:
759 3175 814 3233 Ito
835 3175 983 3237 aedifices.
1029 3171 1062 3238 C.
1087 3179 1120 3237 5:
1148 3178 1315 3252 Disciplina

159 3280 238 3338 bona
259 3279 373 3336 ututur.
424 3276 531 3334 Feriae
558 3276 718 3332 serventur.
767 3274 875 3332 Alieno
904 3290 1018 3332 manum
1048 3275 1202 3333 obstineat.
1254 3276 1314 3335 Sua

158 3378 253 3435 servet
276 3374 452 3448 deligenter.
498 3372 613 3431 Litibnu
636 3370 766 3430 familiae
787 3369 983 3443 aspersedeot.
1028 3370 1059 3430 Si
1081 3372 1147 3445 qnls
1169 3372 1238 3446 quid
1262 3372 1313 3432 de·

160 3474 291 3547 liquerit,
315 3488 370 3545 pru
392 3485 469 3529 noxa
491 3469 568 3529 bono
591 3469 677 3528 modo
698 3467 834 3527 madeat.
882 3468 1024 3527 Familiae
1047 3470 1123 3527 male
1146 3485 1183 3528 ae
1204 3470 1256 3535 sit,
1277 3484 1315 3528 ae

159 3571 290 3639 esuriet·
313 3585 403 3643 opere
428 3567 503 3626 bane
525 3570 666 3626 exerceat.
710 3561 775 3628 lb.:
809 3565 839 3623 Si
867 3583 972 3638 passus
996 3567 1071 3639 erit,
1102 3564 1236 3625 dominus
1260 3569 1313 3625 im·

160 3684 238 3742 pune
260 3684 297 3724 ae
317 3666 399 3725 siam
420 3680 496 3725 ease.
542 3665 599 3723 Pro
621 3662 767 3723 beneficio
789 3663 915 3738 gratiam
937 3662 1059 3734 referat.
1106 3660 1169 3725 lb.:
1201 3665 1315 3724 Vilicus

159 3780 196 3822 ae
218 3766 258 3823 sit
279 3764 455 3838 ambulatur,
479 3762 595 3821 subrina
616 3762 672 3821 siet
692 3777 819 3834 semper,
843 3759 881 3819 ad
904 3776 1026 3821 coenam
1040 3776 1077 3831 ae
1099 3779 1157 3835 qno
1172 3765 1227 3821 eat.
1256 3763 1314 3822 Fa-

160 3863 271 3921 miliam
294 3862 441 3921 samosat:
464 3857 638 3932 comederet,
662 3875 738 3932 quae
762 3858 896 3917 dominus
918 3859 1119 3931 imperauerit,
1143 3859 1223 3919 fiant.
1269 3859 1315 3918 Ne

159 3961 228 4034 plns
246 3961 361 4018 oensem
379 3973 485 4031 sapere
504 3973 547 4032 se,
571 3972 658 4031 quarn
675 3955 833 4016 dominum.
866 3956 983 4014 Amicus
996 3954 1117 4028 domini,
1141 3973 1192 4016 eos
1207 3956 1316 4016 luteae

161 4059 218 4116 sibi
231 4059 350 4116 amicos.
376 4055 430 4114 Cui
441 4056 539 4114 iussus
551 4055 617 4127 siet,
630 4054 782 4113 auscultet.
808 4053 879 4111 Rem
893 4052 1020 4111 divinam
1036 4055 1093 4112 nisi
1107 4055 1314 4128 compitalibus

161 4158 191 4214 in
216 4157 345 4230 compito
373 4159 424 4212 ant
445 4153 476 4211 in
499 4151 568 4213 ioco
593 4169 630 4212 oe
651 4151 754 4223 fumat.
800 4151 917 4210 lniussu
934 4151 1048 4209 domini
1072 4151 1176 4210 credat
1196 4153 1314 4214 nemini.

164 4254 249 4326 Quod
273 4252 408 4313 dominus
431 4249 602 4323 crediderit,
625 4249 733 4322 eeipat.
777 4248 862 4308 Sarni
892 4264 992 4307 semen
1016 4279 1057 4289 —
1079 4255 1208 4309 mutuum
1232 4250 1316 4311 dede-

159 4352 204 4408 rit
226 4351 343 4411 nemini.
389 4348 471 4408 Duas
501 4353 554 4408 ant
579 4354 643 4409 tren
671 4345 801 4406 familias
830 4345 937 4405 babeat
965 4346 1040 4409 cett.
1062 4342 1128 4408 lb.:
1157 4343 1315 4409 Rationem

214 4429 296 4475 noan,
310 4429 420 4480 syrma.
441 4428 461 4467 rr
1070 4433 1107 4491 10
