3125 5075
584 398 730 438 nocrarun
747 397 978 438 ennnrcuonauu.
1297 404 1358 465 379

204 588 258 648 vel
278 589 305 647 sl
327 606 395 647 oon.
440 589 520 652 Rud.
544 588 582 666 V,
606 594 641 666 3,
665 593 721 652 62:
749 596 951 665 spectatores,
979 607 1029 651 ros
1057 605 1170 663 qnoque
1195 588 1231 646 ad
1256 604 1357 644 cruam

206 703 325 753 uocem,
359 688 401 745 Ni
431 689 552 748 daturos
581 691 622 748 uil
650 690 704 747 siin
738 706 834 763 neque
869 690 908 746 sit
934 690 1088 762 quicquam
1120 686 1243 759 pollucti
1271 684 1358 756 domi,

208 783 288 842 Nloc
308 784 384 846 adeo
406 795 525 846 rocetos
550 787 668 847 credam
692 805 744 847 vos
768 805 834 846 erse
858 786 894 845 ad
918 803 1021 845 cenam
1045 783 1136 845 loros.

295 883 344 944 60.
390 882 426 945 Iu
449 881 660 947 disiunctione
682 881 813 963 ponitur
834 885 896 942 siue
924 882 1010 957 (sen).
1054 879 1103 943 De
1127 877 1358 960 significatione

207 974 303 1041 holus
334 980 562 1060 coniunctioms
591 980 737 1062 exposuit
764 978 1002 1059 Vogelmannus
1030 979 1068 1042 de
1103 976 1258 1041 coniunct.
1294 974 1358 1037 dis·

206 1074 304 1139 iunot.
333 1075 402 1140 Lat.
430 1078 462 1140 in
493 1076 594 1142 Iahuii
622 1077 725 1144 annal.
754 1076 909 1158 supplem·
938 1076 1001 1155 XI,
1034 1083 1110 1141 sect.
1138 1082 1158 1139 4
1185 1074 1295 1153 (1846)
1327 1090 1357 1151 p.

208 1176 270 1234 618
294 1190 361 1252 sqq.
410 1174 524 1240 Differt
552 1195 571 1240 a
602 1177 718 1242 ceteris
749 1173 914 1257 particulis
942 1174 1140 1238 disiunctivis
1175 1189 1228 1246 eo,
1263 1171 1357 1251 quod,

206 1288 278 1335 oum
303 1274 511 1352 compositum
539 1276 582 1339 sit
606 1294 643 1339 ex
665 1280 693 1335 oi
716 1280 747 1340 et
769 1293 818 1335 oe.
850 1273 1012 1353 periodum
1045 1270 1286 1336 conditionalem
1310 1271 1357 1333 in·

207 1368 326 1447 cipiens
351 1372 603 1437 enunciationem
626 1372 844 1437 secundariam
870 1370 1051 1449 constituit,
1081 1368 1228 1433 convenit
1250 1374 1355 1432 autem

206 1489 278 1535 curn
302 1491 336 1532 oe
365 1475 398 1534 et
426 1475 472 1533 oet
501 1490 551 1547 eo,
584 1471 668 1552 quod
697 1472 807 1535 itidem
842 1459 1001 1533 notionem
1035 1466 1173 1547 optionis
1206 1466 1355 1530 continet.

208 1568 312 1648 Saepe
335 1572 441 1632 tamen
465 1563 522 1650 per
548 1570 672 1650 ellipsin
705 1568 843 1633 conditio
873 1585 933 1630 non
958 1567 1113 1645 integram
1138 1560 1234 1629 elficit
1257 1581 1356 1627 enun-

206 1667 389 1744 ciat-ionem,
421 1683 482 1746 qno
505 1666 541 1732 lit
564 1673 600 1732 ιιι
621 1666 764 1747 singulae
793 1667 936 1728 notiones
959 1683 1018 1743 per
1039 1668 1099 1725 siue
1121 1661 1259 1742 disiungi
1283 1680 1355 1741 pos·

206 1765 282 1840 sint,
313 1765 365 1828 ubi
388 1770 416 1826 si
443 1783 503 1843 per
530 1765 746 1843 pleonasmnm
785 1764 913 1827 additur
941 1767 974 1825 ot
1002 1765 1062 1822 sive
1085 1760 1167 1825 idem
1199 1758 1357 1838 significat

205 1862 288 1941 quod
313 1882 346 1923 uo
369 1882 393 1926 s.
415 1866 468 1926 oet.
514 1863 680 1926 Ponuntur
700 1871 807 1926 autem
832 1863 863 1925 iu
886 1860 1096 1924 disiunctione
1117 1862 1201 1921 ei-
1221 1861 1283 1919 aire
1306 1861 1357 1937 (ut

204 1962 289 2039 apud
324 1961 463 2025 Graecos
493 1962 518 2023 εἰ
541 1994 584 2005 -
606 1960 661 2021 εἴτε
691 1978 748 2040 pro
779 1959 835 2021 riu
857 1994 898 2004 -
921 1957 1003 2037 sira),
1037 1960 1099 2019 sive
1124 1990 1167 2001 -
1188 1959 1263 2022 sive,
1299 1957 1355 2020 sed
1399 2002 1406 2017 .

205 2063 312 2139 potest
335 2059 430 2121 etiam
454 2049 541 2137 prius
564 2059 739 2123 membrum
761 2058 830 2122 sine
856 2056 1012 2137 particula
1042 2052 1148 2119 efferri
1175 2060 1209 2117 et
1228 2057 1289 2117 sive
1313 2053 1355 2118 ad

204 2155 340 2221 altorum
365 2163 488 2220 tantum
513 2158 688 2222 membrum
704 2157 788 2234 addi,
808 2156 855 2219 ita
869 2161 986 2231 tamen,
1010 2160 1046 2217 ut
1068 2152 1177 2216 itidem
1193 2148 1250 2215 liat
1268 2152 1356 2217 inter

202 2254 296 2318 ambo
319 2255 460 2319 membra
484 2254 660 2319 disiunctio.
692 2254 728 2317 ln
755 2253 885 2318 Catonis
906 2250 1094 2332 fragmentis
1118 2249 1277 2330 particula
1292 2253 1355 2313 sive

205 2353 308 2416 tribus
331 2351 407 2416 locis
430 2352 562 2433 legitur,
590 2352 629 2415 de
652 2370 688 2416 re
710 2351 841 2415 militari
865 2370 893 2431 p.
918 2354 975 2426 82,
1001 2355 1036 2426 1,
1059 2347 1156 2412 Iord.:
1184 2347 1254 2409 Sive
1275 2350 1353 2410 forto

203 2473 276 2529 opus
300 2454 339 2513 sit
362 2469 455 2513 cuneo
478 2458 530 2512 aut
552 2452 639 2527 globo
662 2454 735 2513 cett.
759 2448 848 2513 Orat.
871 2466 929 2529 pro
952 2449 986 2512 L.
1009 2445 1106 2510 Turio
1129 2464 1159 2525 p.
1189 2450 1229 2509 62
1252 2444 1353 2509 lond:

204 2555 302 2627 Atque
327 2570 382 2627 ego
405 2570 423 2611 a
446 2553 606 2612 maioribus
629 2552 771 2611 memoria
795 2552 837 2610 sic
861 2551 979 2624 accepi,
1007 2550 1098 2622 siquis
1121 2549 1191 2622 quid
1215 2549 1292 2606 alter
1316 2547 1352 2607 ab

202 2652 299 2709 altero
321 2657 470 2725 peterent,
494 2651 520 2711 si
542 2651 627 2712 ambo
649 2666 738 2725 pares
762 2656 879 2725 essent,
902 2649 964 2707 oioe
986 2648 1055 2707 boni
1076 2646 1138 2706 sior
1159 2647 1229 2704 mali
1253 2651 1353 2705 essent

203 2750 275 2806 cett.
303 2744 356 2808 Or.
379 2747 419 2810 de
446 2747 521 2813 dote
547 2765 579 2826 p.
607 2751 664 2826 68,
692 2744 834 2810 dlord.:
863 2749 891 2808 si
913 2748 1100 2806 adulterares
1126 2745 1188 2806 aire
1214 2753 1246 2805 ιιι
1269 2744 1353 2803 odul-

202 2851 347 2903 terarere.
394 2842 486 2921 Apud
509 2843 644 2907 Ennium
670 2844 768 2908 semel
789 2842 980 2913 slve-semel
1010 2861 1061 2904 seo
1089 2841 1215 2921 legitur.
1240 2837 1352 2904 Anual.

202 2937 222 3000 l.
247 2937 332 3016 XIl',
355 2936 393 3001 lr.
418 2943 459 3001 oz·
480 2943 564 3000 Nunc
588 2952 634 3001 est
656 2943 707 3003 ille
731 2945 794 3003 dies
818 2962 882 3004 cum
907 2947 1001 3018 gloria
1023 2945 1150 3002 maxima
1175 2958 1242 3003 sese
1259 2940 1351 3000 Nobis

203 3041 342 3098 ostendat
373 3041 541 3099 sivirimos
574 3041 637 3098 stoc
663 3043 813 3100 morimur.
859 3041 939 3102 Ann.
962 3039 1020 3102 inc.
1045 3038 1129 3101 sedis
1157 3036 1269 3117 fragm.
1297 3042 1351 3099 ll:

201 3137 256 3196 tibi
284 3138 345 3196 vita
372 3137 430 3196 Seu
456 3155 536 3197 nors
566 3139 594 3197 in
626 3140 734 3198 mundo
764 3145 819 3199 est.
866 3136 914 3199 Ad
937 3136 1086 3199 Plautum
1115 3139 1149 3199 et
1170 3133 1352 3199 Terentium

201 3232 284 3310 qnod
309 3234 434 3312 attinet,
457 3238 545 3298 extat
567 3234 606 3298 de
621 3233 681 3298 hac
697 3233 853 3314 particula
868 3242 941 3313 post
955 3231 1161 3297 Ritschelium
1178 3230 1351 3312 prolegom.

201 3329 232 3393 in
256 3330 428 3395 Trinumm.
458 3348 487 3410 p.
510 3335 550 3396 84
582 3350 648 3413 sqq.
676 3332 855 3412 disquisitio
885 3331 1035 3397 Muelleri
1061 3332 1092 3396 in
1118 3328 1220 3394 lohnii
1248 3326 1351 3393 annal.

205 3431 302 3497 1861,
325 3428 384 3492 ιοι.
409 3428 578 3493 LXXXIII
602 3439 635 3496 et
656 3429 830 3508 LXXXIV,
861 3439 937 3495 sect
960 3438 997 3506 4,
1026 3449 1055 3510 p.
1080 3431 1273 3503 noo-262,
1298 3425 1352 3505 qui

201 3525 303 3601 docet,
329 3527 515 3606 particulam
538 3533 599 3592 sine
612 3532 690 3607 (seu)
713 3529 798 3609 apud
814 3529 998 3594 'forentium
1016 3527 1133 3603 tribus,
1155 3524 1240 3605 apud
1255 3523 1350 3589 Plau-

201 3629 266 3686 tum
291 3630 398 3689 autem
422 3627 531 3691 decem
549 3632 582 3691 et
597 3633 718 3708 septem
735 3628 812 3694 locis
828 3627 971 3705 inveniri,
996 3631 1029 3690 et
1043 3623 1199 3689 Plautinis
1222 3621 1351 3704 quidem

201 3724 346 3787 ommibus
368 3727 395 3786 si
416 3758 457 3767 -
480 3728 540 3786 sive
561 3729 641 3800 (seo)
663 3727 816 3805 scripturn
839 3744 920 3804 esse,
942 3725 1067 3789 duobus
1092 3729 1213 3787 tantum
1236 3724 1352 3783 rice-

198 3825 259 3881 ⁸54⁶
288 3826 352 3895 (seu
374 3856 416 3867 -
437 3826 514 3901 sert),
542 3823 587 3887 ito
613 3830 650 3888 ut
676 3825 707 3888 iu
736 3824 785 3889 his
813 3823 938 3888 duobus
967 3822 1007 3887 de
1038 3822 1174 3886 veritate
1205 3818 1351 3886 lectionis

200 3918 340 3983 dubitari
363 3921 463 3986 liceat.
509 3924 673 4002 Apponam
697 3923 782 3988 locos
810 3923 972 4003 quosdam.
1000 3921 1104 3986 Plaut.
1132 3918 1246 4000 Amph.
1270 3915 1350 3997 prol.

200 4036 227 4081 v.
253 4023 291 4082 69
315 4034 397 4099 sqq:

371 4117 471 4194 [Nam]
495 4123 571 4196 siqui
594 4124 720 4196 palmam
735 4123 884 4182 ambissit
906 4123 1114 4182 histrionibus:
1138 4153 1180 4164 -

371 4216 405 4276 Si
427 4220 581 4293 quoiquam
607 4220 715 4280 artifici
735 4238 788 4280 seo
810 4239 866 4295 per
888 4222 1017 4295 scriptos
1040 4221 1144 4279 literas

371 4315 429 4376 Seu
452 4318 501 4391 qni
524 4320 588 4392 ipae
611 4320 745 4379 ambissit
766 4320 822 4379 acu'
839 4337 894 4394 per
916 4321 1143 4380 internuntium:

370 4411 440 4473 Sive
460 4415 535 4476 adeo
558 4417 670 4478 aediles
693 4418 852 4493 perfidiose
876 4420 950 4494 quoi·
967 4418 1070 4480 duintt·
1095 4447 1138 4461 -
