3125 5075
521 483 609 523 CASUS
624 485 893 529 sunsrnsrlvonuu.
910 509 933 517 -
947 490 1051 532 nabar.
1324 507 1364 565 67

220 659 280 718 stoa
307 671 434 734 quoque
460 658 653 738 permansit,
692 677 791 739 quum
820 659 852 725 in
878 664 993 730 tertiae
1020 665 1241 734 declinationis
1267 671 1366 735 nomi·

219 752 302 818 nibus
334 754 568 833 posterioribus
601 758 799 839 temporibus
838 777 898 840 pro
929 780 967 827 eo
996 763 1154 829 ablativus
1184 772 1367 845 poneretur.

217 850 347 916 Pluralis
379 857 488 916 autem
524 856 648 919 numeri
678 875 839 938 nunquam
868 855 930 923 fuit
961 858 1064 926 forma
1096 861 1225 929 locativi
1260 863 1368 945 singu·

216 947 284 1013 laris
305 954 338 1013 et
360 957 526 1032 separata,
560 953 615 1018 sed
646 955 678 1018 iu
701 954 761 1020 hoo
788 974 920 1021 numero
952 958 1019 1023 eius
1048 959 1116 1025 vioe
1145 978 1271 1042 semper
1297 960 1368 1027 iuu-

216 1059 278 1112 0100
308 1052 358 1112 est
386 1048 555 1115 ablativus.
599 1050 722 1117 Deinde
753 1052 815 1117 huc
847 1052 1006 1120 referendi
1041 1062 1117 1122 sunt
1144 1058 1211 1122 veri
1234 1058 1366 1124 ablativi

214 1144 267 1208 loci
294 1151 351 1209 aut
378 1146 438 1210 soli
465 1153 524 1212 aut
551 1149 709 1214 coniuncti
732 1168 804 1214 cum
827 1152 1118 1232 praepositionibus
1145 1160 1191 1226 in,
1221 1161 1288 1226 seb,
1318 1177 1366 1220 sn

212 1264 272 1318 prr,
308 1246 526 1324 inconpositi,
561 1264 599 1310 ex
626 1247 787 1314 adverbiis
814 1254 921 1313 autem
945 1268 999 1328 ea,
1034 1268 1115 1330 quae
1143 1253 1274 1319 ablativi
1301 1253 1366 1319 ior·

215 1362 288 1408 mam
310 1343 500 1421 induerunt,
531 1343 619 1409 velut
640 1366 713 1421 quo,
740 1349 811 1416 1100,
837 1351 905 1417 illo,
934 1350 1018 1418 illoc,
1049 1354 1136 1420 istoc,
1166 1355 1200 1416 et
1229 1352 1365 1430 quaein

216 1441 460 1521 praepositiones
490 1459 525 1505 se
553 1449 796 1523 converterunt,
836 1465 943 1521 aromo,
983 1451 1069 1509 lacto
1100 1454 1190 1529 cett,
1229 1449 1365 1530 denique

213 1559 306 1614 prope,
334 1559 469 1616 perepre.
515 1538 608 1604 Ratio
627 1538 752 1620 1000110,
780 1560 862 1622 quae
885 1548 935 1608 est
956 1544 1040 1609 inter
1062 1544 1172 1625 plures
1200 1566 1254 1613 res
1281 1547 1365 1613 inter

216 1655 244 1700 se
265 1637 462 1717 coniunctas,
497 1638 685 1718 exprimitur
707 1660 774 1702 enm
796 1641 1035 1721 praepositione
1058 1647 1092 1706 et
1113 1644 1264 1711 adverbio
1291 1665 1361 1709 urio.

214 1734 404 1799 Postremum
427 1734 528 1814 addo,
565 1735 662 1800 etiam
685 1737 770 1802 1111110
791 1737 969 1804 ablativum
997 1739 1057 1804 loci
1088 1757 1184 1822 saepe
1208 1742 1363 1810 translata

215 1831 435 1913 significatione
455 1834 612 1913 usurpari.

290 1929 401 1995 Naevii
436 1932 573 2011 elogium
607 1932 649 1996 ab
683 1933 753 2013 ipso
784 1934 937 2015 scriptum
971 1954 1020 2016 ap.
1048 1936 1190 2002 Kiussm.
1224 1954 1255 2016 p.
1284 1940 1362 2002 201:

214 2034 288 2094 obliti
318 2040 388 2093 sunt
410 2032 520 2091 Bomoi
550 2034 666 2107 loquier
694 2034 802 2093 Latina
832 2036 939 2110 lingua.
984 2034 1077 2099 Ennii
1107 2033 1364 2115 heduphagetita

212 2148 237 2209 p.
254 2135 324 2194 160:
347 2133 451 2191 liures
467 2139 535 2190 sunt
549 2130 638 2198 Aeni,
659 2134 756 2206 spissa
779 2140 879 2194 ostrea
894 2137 1023 2209 plurima
1038 2136 1148 2211 Aopai.
1182 2137 1240 2196 Est
1252 2142 1361 2210 pecten

210 2233 367 2306 Mitylenae
394 2263 433 2274 —
463 2230 636 2291 Brundusii
666 2239 792 2309 sergent
838 2230 901 2297 Ib.:
939 2235 1113 2307 Apriculum
1143 2236 1256 2309 piscem
1284 2235 1360 2295 scito

209 2331 327 2403 primum
350 2347 417 2390 esse
434 2329 567 2390 Tarenti.
598 2328 737 2390 Surrenti
760 2329 826 2390 iace
850 2348 930 2392 omas
953 2332 1100 2405 helopem,
1123 2333 1260 2408 glaucum
1284 2349 1358 2407 cape

209 2427 311 2487 Cumis.
358 2445 387 2489 v.
420 2431 474 2489 lli:
508 2427 637 2502 Polypus
670 2428 825 2504 Corcyrae.
871 2424 965 2490 Ennii
994 2426 1053 2490 iuc.
1083 2431 1165 2507 trag.
1193 2425 1305 2507 fragm.
1331 2433 1360 2505 7,

207 2542 230 2586 r.
252 2529 329 2589 425:
351 2527 431 2586 Deli.
474 2522 577 2587 Plaut.
600 2522 666 2588 Mil.
689 2545 717 2590 v.
742 2530 818 2590 654:
842 2528 929 2600 Post,
953 2527 1069 2600 Eplrcsi
1092 2545 1154 2588 sum
1178 2535 1279 2599 uatus,
1303 2543 1361 2587 non

205 2644 262 2685 snm
284 2628 315 2685 in
329 2627 445 2700 Apulis,
469 2626 708 2688 ronnei-motae.
754 2622 868 2688 Bacch.
891 2622 933 2704 ΙΙ,
959 2629 987 2702 3,
1014 2627 1090 2686 102:
1114 2627 1228 2685 nullust
1249 2625 1363 2698 Ephesi

204 2726 270 2797 quin
300 2726 384 2784 sciat.
429 2721 486 2798 IV,
510 2728 538 2800 9,
565 2726 640 2785 124;
672 2725 717 2783 Ne
741 2724 793 2783 ille
818 2724 924 2800 edepol
950 2724 1065 2797 Ja'piresr'
1087 2726 1180 2783 multo
1207 2724 1362 2782 mavellem

201 2820 286 2881 foret.
336 2819 428 2900 Epid.
452 2818 490 2898 V,
516 2825 622 2897 1,22;
649 2823 675 2880 E
699 2822 838 2896 Philippa
861 2828 955 2882 matre
980 2829 1098 2898 gnatam
1128 2822 1252 2893 Thebis,
1288 2820 1363 2893 Epi-

200 2920 288 2979 doorr'
312 2927 417 2980 satam.
461 2916 544 2980 lieu.
575 2916 654 2996 prol.
683 2936 712 2980 v.
737 2922 792 2981 20:
827 2921 965 2993 Tarenti,
1002 2918 1079 2980 item
1109 2936 1137 2981 v.
1170 2921 1219 2982 36.
1248 2935 1276 2979 v.
1305 2920 1362 2980 51:

200 3019 370 3093 Epidamni.
415 3015 543 3080 Terent.
574 3015 655 3078 Eun.
683 3014 709 3094 Ι,
733 3019 767 3094 2,
790 3019 845 3079 27;
883 3019 982 3078 Samia
1004 3019 1076 3077 mibi
1098 3024 1194 3077 mater
1216 3015 1287 3076 luit:
1326 3033 1363 3076 ea

203 3116 357 3175 habitabat
380 3116 489 3175 Rhodi.
534 3112 660 3176 Plrorm.
678 3111 716 3190 V,
732 3116 762 3192 8,
783 3117 838 3177 48:
862 3117 966 3190 quoius
990 3117 1034 3175 vir
1057 3134 1177 3176 uxorem
1193 3149 1235 3156 -
1250 3116 1358 3175 Lemni

200 3215 300 3274 babuit
325 3216 423 3275 aliam.

282 3313 382 3372 Dani.
418 3308 498 3374 Cato
522 3311 624 3374 oratio
648 3310 687 3373 dc
710 3308 812 3373 multa
837 3307 1149 3373 eontraL.Fu1·iu1n
1169 3327 1218 3389 ap.
1238 3306 1360 3373 Charis.

201 3425 229 3487 p.
257 3414 313 3472 101
341 3406 488 3472 Putseh.:
522 3410 613 3468 Domi
643 3427 723 3471 meac
750 3427 840 3484 saepo
869 3408 933 3468 fuit.
979 3405 1060 3469 Enn.
1086 3405 1193 3473 annal.
1217 3405 1236 3469 1.
1260 3405 1290 3483 I,
1321 3401 1337 3466 f
1353 3454 1361 3468 .

200 3510 247 3569 60.
292 3505 389 3569 Ennii
411 3505 545 3570 Medeae
568 3506 668 3569 exulis
691 3505 728 3569 ir.
754 3510 787 3583 b,
820 3506 891 3568 296.
937 3501 1041 3566 Plaut.
1070 3501 1167 3567 Stich.
1192 3502 1217 3581 1,
1246 3508 1275 3580 3,
1306 3506 1360 3567 38:

201 3608 226 3665 si
247 3608 380 3666 cenassit
402 3605 489 3666 11011ιὶ.
534 3602 629 3667 I’oen.
655 3602 692 3682 V,
715 3608 745 3683 2,
771 3608 827 3668 89:
863 3606 920 3664 Est
942 3620 997 3677 par
1024 3602 1133 3676 probe:
1169 3620 1236 3662 nam
1264 3603 1360 3662 habeo

202 3705 287 3765 domi.
335 3701 413 3765 eisc.
437 3700 479 3773 ΙΙ,
510 3707 536 3779 1,
564 3706 600 3765 21
635 3706 712 3764 lianc
745 3721 800 3778 ego
829 3704 865 3763 de
895 3720 941 3761 me
976 3702 1177 3762 coniecturam
1206 3701 1284 3760 110101·
1316 3698 1361 3760 fa·

202 3805 252 3875 cio,
277 3820 315 3862 ne
339 3800 413 3861 foris
436 3819 587 3876 quaeram,
611 3800 672 3864 vid.
695 3799 802 3862 adnot.
826 3797 973 3875 lauhun,
995 3796 1047 3877 qui
1073 3796 1226 3877 explicat:
1257 3794 1307 3876 „h.
1331 3813 1360 3860 e.

201 3906 324 3980 meopte
348 3897 493 3977 exemplo
515 3896 722 3978 comperior.“
768 3896 840 3960 Aul.
865 3896 907 3976 ll,
931 3902 960 3975 2,
984 3899 1041 3959 88:
1078 3898 1175 3958 Credo
1199 3914 1254 3971 ego
1276 3898 1360 3956 illum

202 4001 255 4058 iam
275 3999 470 4071 inaudivisse,
493 4000 533 4057 mi
556 4014 623 4058 esse
644 3998 837 4057 thensaurum
859 3997 937 4055 doctri
961 3993 1019 4067 (sic
1035 3992 1231 4057 Fleckeisen.
1254 4010 1355 4058 exerc.

200 4092 299 4159 Plaut.
323 4112 355 4174 p.
379 4099 443 4161 441.
489 4092 603 4158 Bacch.
627 4091 670 4171 ΙΙ,
693 4097 722 4170 3,
749 4096 818 4156 131.
843 4091 927 4156 lien.
945 4091 982 4169 V,
1006 4096 1035 4169 2,
1059 4094 1113 4154 92:
1138 4092 1283 4153 adducam
1306 4094 1355 4167 qui

201 4191 273 4255 banc
296 4195 366 4253 bine
389 4195 499 4254 tollant
520 4199 552 4253 et
574 4192 652 4251 domi
675 4193 854 4251 devinciant.
899 4188 983 4253 Men.
1006 4208 1035 4252 v.
1053 4191 1128 4253 699;
1151 4191 1256 4266 Neque
1278 4190 1357 4251 ami

202 4306 290 4367 oeque
321 4299 396 4366 aput
423 4292 548 4351 amicam
578 4291 649 4349 milri
678 4291 738 4349 iam
767 4290 924 4364 quidquam
952 4288 1093 4348 creditur.
1138 4283 1222 4350 Men.
1245 4284 1300 4368 IV,
1329 4290 1359 4363 2,

204 4390 272 4452 102;
299 4390 376 4449 nihil
400 4397 457 4463 est,
481 4389 560 4463 qnod
582 4387 715 4462 perdam,
738 4386 825 4445 dorni.
871 4384 955 4449 Men.
979 4382 1005 4461 1,
1031 4388 1058 4462 1,
1082 4386 1141 4446 29:
1176 4385 1267 4446 Domi
1289 4387 1356 4447 dum

200 4486 329 4549 dominas
352 4503 428 4548 sum.
473 4481 710 4562 biennale.
736 4488 793 4546 42:
830 4485 881 4558 qui
903 4482 1020 4545 dornisl.
1066 4477 1120 4557 IV,
1147 4485 1180 4563 1,
1204 4485 1239 4547 2:
1274 4487 1357 4561 quie-

1101 4583 1144 4643 5*
