3125 5075
437 669 530 711 0400!
544 671 811 713 sussrsurlvoauil.
831 693 857 704 -
876 674 981 716 nahar.
1247 691 1284 748 61

215 840 247 905 h.
284 793 389 909 Tun?
391 843 578 910 continuum
610 850 644 909 et
667 844 849 911 universum
872 853 999 930 tempus
1022 854 1169 930 notatur,
1190 869 1289 932 quum

143 938 259 1020 heum,
283 958 326 1005 ex
347 959 413 1022 quo
436 946 582 1020 tempore
603 940 645 1005 ad
664 940 750 1006 abud
774 960 876 1023 usque
898 962 950 1009 res
980 948 1210 1028 permanserit,
1232 955 1290 1016 aut

141 1039 212 1116 prod
233 1038 394 1118 temporis
416 1037 556 1118 spatium
578 1056 642 1102 nna
668 1040 983 1121 comprehendamus.
1027 1045 1080 1112 Sic
1106 1049 1176 1109 inde
1205 1065 1290 1112 com·
1376 1110 1382 1134 ,

140 1136 259 1217 ponitur
280 1153 343 1216 per
363 1134 631 1216 praepositionem
660 1140 697 1199 ab
725 1155 797 1201 cum
824 1139 1018 1222 nominibus,
1048 1160 1132 1223 quse
1160 1150 1289 1225 tempus

139 1232 594 1311 pertinacissimum
615 1236 653 1295 oh
674 1237 794 1297 iouente
815 1242 923 1307 aeuo,
945 1241 1015 1300 inde
1037 1245 1216 1317 apocrisia,
1238 1242 1290 1308 vel

138 1330 268 1397 initium:
290 1331 365 1393 inde
381 1333 566 1407 opriacipio.
589 1331 696 1411 Atque
710 1332 756 1396 its
768 1331 949 1399 detinctius
965 1336 1155 1402 describitur
1169 1337 1292 1420 lougin-

137 1429 235 1509 qums
256 1429 311 1493 rel
333 1428 527 1493 diuturnitas
547 1429 711 1508 temporis,
734 1446 818 1510 quac
838 1432 887 1497 vis
907 1433 1062 1499 orationis
1077 1441 1214 1515 augetur
1234 1435 1291 1501 ad·

139 1525 222 1592 lectis
243 1529 310 1587 sam
330 1531 366 1591 et
385 1545 486 1601 ussus
524 1524 629 1590 Pleni.
645 1525 762 1590 Pseud.
778 1527 834 1606 IV,
852 1533 882 1608 2,
909 1535 961 1593 14:
984 1532 1055 1592 Iam
1076 1532 1146 1593 inde
1167 1552 1188 1593 o
1208 1536 1291 1609 priu-

137 1629 207 1702 cipio
231 1628 338 1702 Probe.
385 1622 501 1687 Bacch.
522 1622 559 1701 V,
583 1627 613 1699 2,
636 1626 692 1687 89:
716 1626 757 1685 Hi
779 1645 867 1689 senes
888 1630 946 1689 uisi
969 1628 1097 1690 inissent
1117 1631 1204 1691 nihili
1230 1633 1293 1693 iota

136 1725 196 1785 inde
217 1726 258 1783 ab
281 1722 496 1783 adulescentis.
541 1719 638 1785 llere.
655 1720 715 1799 111,
734 1726 760 1799 1,
786 1726 836 1787 23.
880 1723 954 1788 Alis
975 1724 1120 1805 exempla
1142 1726 1214 1791 ride
1237 1744 1287 1807 ap.

135 1819 277 1900 llsmpm.
302 1817 342 1880 de
365 1820 418 1878 AB
440 1833 549 1896 praep.
572 1834 602 1897 p.
627 1821 656 1881 6.
701 1817 830 1883 Terent
854 1819 988 1899 Adelph.
1009 1820 1036 1900 Ι,
1061 1828 1089 1899 1,
1116 1825 1167 1886 16;
1191 1826 1287 1887 Dissi-

135 1921 192 1980 mili
213 1922 242 1980 is
263 1918 396 1981 studiosi
415 1917 479 1975 som
500 1915 569 1976 imis
590 1918 630 1976 ob
651 1918 866 1980 adulescentia.
910 1916 1027 1982 Heaut
1052 1917 1077 1996 l,
1101 1922 1130 1997 2,
1154 1924 1188 1983 9:
1223 1937 1291 1981 nam

134 2018 202 2076 nihi
223 2031 421 2089 magnacum
442 2031 481 2074 eo
501 2016 563 2072 iom
581 2014 650 2073 inde
668 2032 689 2074 o
710 2016 931 2089 propriassit
953 2033 1072 2092 semper
1093 2017 1291 2079 familiaritas.

214 2111 237 2174 i.
271 2112 349 2171 Inde
378 2125 437 2189 pro
460 2111 566 2171 deinde
589 2109 734 2190 ponitur,
753 2103 803 2174 'et
824 2116 862 2176 ut
883 2111 1026 2176 ordinem
1054 2117 1152 2192 atque
1180 2128 1291 2178 conss·

134 2207 291 2272 cntionem
307 2223 415 2270 rerum
431 2210 576 2285 tempore
598 2204 755 2273 iactuum
775 2208 903 2287 indicet,
926 2214 959 2273 et
979 2215 1015 2273 ut
1037 2206 1198 2289 significet
1218 2218 1293 2286 tum,

135 2315 246 2381 postes
268 2303 362 2369 Ennii
382 2303 488 2368 annal
511 2302 531 2368 L
554 2303 580 2381 Ι,
602 2301 641 2369 fr.
668 2309 716 2382 12,
739 2323 767 2368 v.
795 2311 850 2370 11:
881 2314 913 2368 et
933 2315 1003 2383 post
1023 2307 1093 2367 inde
1115 2310 1197 2370 venit
1218 2309 1291 2369 dirl-

135 2405 210 2463 uitus
233 2404 325 2479 pullis
347 2403 419 2478 lpsa
440 2403 545 2462 anima
591 2400 611 2465 l.
635 2400 699 2480 111,
722 2401 760 2466 ir.
787 2407 835 2466 ll.
859 2400 878 2467 l.
901 2401 963 2480 IX,
987 2402 1026 2466 fr.
1050 2407 1080 2483 2,
1102 2403 1158 2469 ubi
1180 2409 1290 2468 tamen

135 2497 227 2563 ch'am
253 2497 295 2563 de
321 2497 392 2564 loco
413 2497 533 2564 dictum
563 2516 634 2565 esse
657 2503 765 2579 potest
793 2503 908 2575 (Livius
936 2502 1006 2562 inde
1028 2500 1133 2575 redit).
1178 2498 1292 2566 Annal.

134 2596 189 2661 inc
220 2596 310 2662 sedis
335 2595 449 2677 fragm.
480 2603 537 2675 51,
571 2615 600 2662 r.
626 2601 697 2661 504.
743 2596 857 2661 Α1111
889 2598 949 2662 inc.
984 2597 1070 2662 sedis
1097 2595 1209 2677 fragm.
1240 2601 1292 2662 84.

136 2693 236 2759 eleut
256 2693 373 2759 Bacch.
396 2692 457 2773 ΠΙ,
481 2698 510 2772 3,
534 2699 589 2759 27:
622 2696 700 2756 Inde
727 2698 765 2757 de
788 2697 984 2772 hippodromo
1015 2704 1047 2756 et
1068 2696 1223 2772 palaestro
1244 2697 1295 2755 uhi

137 2797 303 2855 revenisses
322 2795 450 2855 domum.
462 2824 504 2836 —
517 2791 599 2856 Men.
615 2792 641 2870 1,
658 2797 687 2870 2,
704 2795 757 2856 62:
782 2795 860 2854 Inde
880 2811 973 2870 usque
997 2794 1036 2853 ad
1059 2795 1196 2854 diurnam
1220 2795 1293 2854 stel-

138 2893 191 2952 lsm
215 2894 379 2952 crastinam
402 2891 579 2966 potabimus.
624 2887 718 2954 Most
742 2909 770 2953 v.
797 2895 868 2954 744.
902 2888 991 2953 Pers.
1015 2887 1054 2967 V,
1079 2893 1106 2967 l,
1130 2893 1160 2952 8.

217 2990 310 3051 Hinc.
353 2986 476 3050 lterum
498 3003 616 3066 sequar
637 2985 896 3051 distributionem
918 2985 1044 3050 Handii.

217 3103 247 3150 a
281 3086 364 3146 Hirro
385 3084 427 3149 de
449 3083 528 3162 loco,
549 3085 581 3149 in
604 3099 682 3163 quo,
706 3084 760 3163 qni
782 3083 939 3163 loquitur,
962 3082 1122 3160 consistit,
1144 3081 1191 3146 ita
1211 3080 1289 3147 dici·

137 3186 196 3260 tur,
220 3187 258 3246 ut
281 3186 402 3246 motum
424 3198 463 3244 ex
492 3179 643 3247 hocloco
665 3177 832 3261 significet
876 3179 971 3244 Ennii
992 3178 1179 3261 Iphigeniae
1201 3178 1238 3242 h.
1261 3185 1293 3260 4,

136 3299 161 3345 r.
184 3284 257 3345 258.
303 3277 406 3343 Plsnt
430 3277 510 3344 Rnd.
527 3278 568 3354 11,
590 3283 620 3355 6,
644 3284 698 3345 34:
724 3281 802 3353 Quin
826 3286 858 3338 tu
881 3278 1017 3339 linceis
1040 3276 1099 3352 (sic
1113 3276 1295 3342 Fleckeise-

136 3395 192 3442 ous
216 3377 250 3440 in
272 3375 375 3440 Ishnii
401 3393 473 3440 nov.
496 3374 600 3440 annal.
623 3375 732 3457 philol.
756 3374 819 3439 vol.
841 3378 892 3452 61,
916 3379 993 3439 sect.
1020 3379 1053 3451 l,
1081 3378 1176 3453 1851,
1200 3391 1229 3454 p.
1256 3378 1295 3439 18

137 3491 192 3554 pro
214 3472 303 3553 vulg.
325 3476 366 3549 is)
389 3492 408 3535 a
428 3491 475 3535 me
498 3478 529 3535 iu
552 3491 717 3537 maxumam
741 3475 849 3535 malm
873 3489 1001 3535 crucem.
1047 3469 1162 3536 Bacch.
1186 3470 1242 3549 IV,
1266 3476 1296 3550 9,

140 3577 211 3638 137:
245 3573 312 3647 Ego
339 3572 378 3632 ad
404 3571 501 3633 iorum
531 3580 631 3633 autem
653 3574 723 3633 binc
748 3573 807 3632 ibo.
852 3566 967 3632 Bacch
992 3567 1018 3644 l,
1044 3570 1071 3644 l,
1102 3572 1160 3630 72:
1194 3587 1296 3631 eamus

138 3671 316 3731 111115.
362 3667 476 3734 Bacch
488 3668 514 3749 1,
540 3675 567 3744 1,
590 3674 645 3733 71:
668 3672 710 3732 Ut
732 3670 781 3730 hic
805 3669 937 3742 accipias
959 3667 1059 3740 potius
1082 3635 1191 3725 curum
1209 3683 1297 3741 quam

140 3768 205 3827 linc
227 3785 280 3828 eas
302 3784 369 3828 cum
389 3770 494 3828 mihte.
537 3765 632 3831 Most.
653 3763 712 3843 111,
736 3768 766 3843 2,
793 3765 870 3827 166:
892 3765 957 3838 Ego
980 3779 1016 3824 eo
1040 3761 1109 3823 binc
1131 3763 1169 3823 od
1188 3762 1295 3824 lorum

141 3858 233 3926 hiero.
258 3861 301 3940 Π,
323 3867 353 3942 2,
377 3868 411 3928 6:
445 3866 514 3926 ltu
537 3867 614 3926 bino
656 3862 771 3927 Pseud.
799 3858 855 3938 IV,
882 3863 912 3937 4,
943 3863 997 3923 ll:
1034 3861 1112 3934 Quin
1139 3860 1208 3920 binc
1236 3862 1298 3920 cito

143 3961 214 4023 imas
235 3962 378 4038 gradibus
399 3963 604 4026 militaribus?
645 3958 714 4024 llil.
736 3976 764 4023 v.
791 3959 887 4023 1422:
920 3960 1020 4020 Aliter
1048 3957 1118 4017 binc
1144 3974 1202 4017 non
1229 3957 1296 4017 ibis.

144 4055 225 4123 Pers.
247 4058 291 4137 11,
314 4064 344 4138 2,
372 4063 423 4124 35.
457 4057 512 4139 IV,
534 4065 566 4137 4,
590 4062 640 4123 29.
675 4057 773 4121 Mero.
796 4072 824 4118 v.
847 4057 919 4118 461.
953 4053 992 4129 V,
1013 4057 1042 4131 2,
1066 4056 1116 4116 86.
1149 4051 1234 4115 Meu.
1254 4049 1297 4128 Π,

147 4158 171 4235 Ι,
192 4159 240 4221 22.
279 4155 395 4222 Bacch
419 4153 475 4236 IV,
499 4160 529 4237 9,
554 4161 632 4222 ios:
667 4157 781 4217 abduce
804 4170 851 4214 me
879 4153 948 4213 leisc
978 4154 1016 4212 ab
1038 4153 1103 4213 hac.
1150 4147 1245 4236 Stich.
1271 4145 1298 4225 1,

146 4256 171 4331 2,
196 4260 244 4319 li.
269 4253 387 4320 Pseud.
402 4252 459 4332 IV,
483 4258 512 4332 7,
537 4260 585 4319 97.
609 4253 693 4318 bien
708 4250 751 4329 ll,
775 4253 806 4328 2,
830 4253 880 4313 51.
910 4247 996 4313 Men.
1011 4246 1050 4326 V,
1074 4252 1103 4324 2,
1128 4250 1183 4310 32:
1206 4247 1298 4307 Proin

146 4358 173 4412 iu
192 4354 492 4417 memorabimus.
537 4349 655 4418 Pseud.
678 4346 743 4426 111,
766 4352 796 4426 2,
819 4349 869 4411 67.
904 4344 999 4409 Most
1023 4341 1070 4421 Π,
1102 4348 1128 4417 l,
1153 4346 1210 4406 44:
1240 4343 1300 4404 Vos

144 4451 225 4514 modo
246 4453 319 4514 hinc
341 4452 422 4512 abite
445 4453 526 4512 intro
549 4457 638 4526 atque
662 4449 737 4508 haec
757 4461 889 4522 propere
912 4444 982 4504 binc
1003 4442 1174 4503 amolimint
1212 4436 1255 4515 ΙΙ,
1271 4441 1301 4518 l,

145 4548 195 4611 24:
214 4552 287 4611 Iuhe
310 4550 388 4611 haec
410 4549 481 4610 hine
503 4548 664 4611 amolirier.
707 4539 928 4619 Pseud.l,5,
953 4543 1023 4603 144.
1061 4535 1290 4601 hieronis?

144 4640 251 4710 Pseud.
274 4644 301 4727 Ι,
325 4650 355 4726 5,
381 4647 452 4709 158.
490 4642 586 4709 hlost
609 4641 651 4723 11,
677 4646 705 4721 1,
727 4642 779 4706 82.
816 4637 1081 4703 recubasse.
1117 4631 1234 4699 Pseud.
1257 4628 1302 4707 ΙΙ,
