3125 5075
432 389 519 431 CASUS
536 390 799 431 SUBSTANTIVORUH.
814 413 838 420 -
852 390 986 430 balivus.
1228 394 1289 450 307

120 565 229 626 anteo
250 567 366 624 amanti
388 568 483 628 amica
503 569 590 629 nimis
612 568 665 629 fiet
685 570 794 642 fidelis,
814 569 879 628 Nee
901 567 960 627 erit
980 564 1068 625 nimis
1090 559 1240 636 morigere
1261 567 1293 618 et

119 671 202 725 vota
223 665 388 740 quisquam.
435 662 514 728 Cato
530 663 567 729 R.
583 663 620 729 R.
645 683 669 729 c.
692 670 727 729 4:
753 666 866 727 Viciais
888 666 980 725 bonas
1000 668 1074 723 esto.
1120 652 1154 720 C.
1177 658 1210 719 6:
1235 657 1292 731 Qui

116 763 215 823 loeus
236 762 308 821 aina
329 764 456 836 optimus
477 764 596 826 dicetur
617 782 684 826 esse
707 771 738 825 et
760 770 896 825 ostentus
920 762 984 823 soli.
1021 755 1085 823 Ib.:
1108 761 1189 832 Ager
1211 757 1292 816 oleto

120 859 332 935 conserando,
368 863 418 936 qui
440 862 470 922 in
492 869 611 922 ventum
633 863 797 923 Favonium
827 861 993 936 spectabit,
1024 890 1067 899 —
1093 856 1169 915 alius
1196 855 1290 914 bouus

123 959 232 1019 nullus
255 960 323 1020 erit.
368 955 462 1020 Ennii
486 957 666 1023 Telamonis
687 957 725 1022 fr.
750 962 784 1021 6:
807 961 884 1020 Nom
906 960 949 1017 ita
972 956 1044 1016 mibi
1057 953 1226 1014 Telamonis
1249 984 1292 993 —

125 1058 225 1117 Grata
248 1064 296 1116 est
317 1058 423 1131 grstia.
468 1055 569 1121 Plaut.
582 1057 710 1138 Fragm.
726 1054 832 1120 Vidul.
856 1052 940 1118 ined.
963 1053 1043 1132 Aug.
1066 1048 1140 1112 Mai.
1163 1064 1195 1127 p.
1210 1051 1290 1112 496:

122 1155 192 1215 Tali
216 1157 243 1215 si
270 1171 306 1215 sc
328 1155 420 1215 tantis
444 1163 513 1216 tuae
537 1166 607 1218 sunt
630 1162 791 1217 consuetae
807 1173 911 1215 monus
927 1149 996 1233 (qui
1012 1156 1118 1213 tamen
1134 1163 1204 1210 esse
1218 1161 1292 1225 pos·

125 1250 167 1316 sit
189 1250 292 1315 etiam
315 1253 500 1332 ablativus).
545 1254 638 1318 Truc.
655 1252 696 1331 11,
723 1257 750 1329 l,
774 1255 829 1315 20:
852 1253 955 1326 Neque
980 1251 1038 1310 erit
1061 1248 1214 1323 quisquam
1236 1263 1289 1305 un·

127 1370 213 1427 quam
237 1354 352 1428 probus
374 1364 499 1430 amator,
522 1356 580 1415 uisi
602 1356 652 1429 qui
674 1371 707 1413 re
730 1353 882 1411 inimicust
904 1366 986 1411 suse.
1023 1344 1115 1408 Truc.
1128 1341 1171 1421 ΙΙ,
1188 1346 1218 1421 2,
1234 1345 1290 1404 61;

131 1452 167 1509 At
186 1454 241 1526 pol
267 1469 320 1513 ero
341 1454 521 1514 benevolens
543 1459 576 1512 ut
594 1453 620 1513 is
645 1458 690 1512 est
713 1469 775 1511 suo.
821 1444 888 1510 Mil.
912 1443 973 1524 111,
997 1445 1127 1521 1‚205:
1152 1442 1210 1515 Qui
1232 1442 1290 1501 nisi

132 1548 274 1608 scalmo
302 1552 449 1612 studiosus
477 1551 521 1610 rei
550 1552 627 1610 stalli
648 1550 757 1610 aliaest
780 1547 938 1623 inprobus,
969 1541 1009 1606 de
1037 1556 1099 1621 quo
1126 1539 1196 1605 loco
1218 1536 1291 1603 vide

131 1645 222 1709 etiam
257 1645 353 1711 Haas.
376 1648 416 1711 ad
439 1646 557 1728 Reisig.
580 1665 611 1727 p.
638 1650 706 1724 186,
728 1643 835 1710 adnot.
859 1648 929 1707 215.
974 1638 1088 1721 Amph.
1111 1637 1138 1718 Ι,
1163 1642 1191 1717 1,
1217 1639 1292 1701 132;

131 1746 207 1805 ilsec
245 1763 305 1805 uox
342 1747 446 1808 scitast
482 1747 648 1807 exercendo
686 1753 786 1807 scorto
821 1744 967 1805 conducto
998 1743 1086 1804 male.
1130 1736 1226 1800 Poen.
1250 1733 1290 1812 V,

133 1846 158 1915 5,
182 1845 237 1905 37:
277 1844 335 1916 Qui
366 1847 434 1905 buic
464 1864 496 1906 es
520 1849 671 1906 molestus.
714 1841 812 1906 Poen.
832 1840 871 1919 V,
893 1843 922 1919 3,
952 1842 1007 1903 15:
1043 1840 1168 1900 Oretum
1189 1837 1290 1896 ierunt

134 1939 220 2015 deam,
244 1948 279 2000 ut
302 1941 358 2001 sibi
381 1950 460 2002 esset
482 1946 622 2020 propitia.
665 1940 760 2005 Poen.
785 1938 823 2016 V,
846 1944 876 2019 4,
900 1941 1013 2001 20:.ut
1034 1939 1142 2012 volupe
1166 1942 1214 1997 est
1235 1933 1289 1993 bo·

134 2039 197 2098 uini
225 2040 302 2101 cett.
332 2038 469 2119 Aul.11,
493 2045 521 2119 2,
545 2045 600 2105 43;
635 2042 713 2101 baud
736 2040 877 2100 decorum
899 2036 1015 2098 focinus
1036 2038 1097 2097 tuis
1124 2033 1213 2095 iactis
1248 2031 1292 2093 la·

135 2136 180 2196 cis.
223 2133 340 2199 Bacch.
364 2156 392 2198 v.
407 2142 482 2201 660:
506 2141 605 2200 Bonus
629 2140 668 2199 sit
690 2140 786 2211 bonis,
809 2138 908 2197 Malus
931 2137 971 2197 sit
993 2137 1088 2195 malis.
1133 2129 1229 2194 Poen.
1252 2129 1292 2206 V,

135 2237 160 2307 4,
181 2235 235 2297 18:
270 2253 338 2295 nam
361 2238 432 2296 mibi
454 2243 500 2298 est
523 2238 676 2298 obnoxius.
721 2232 835 2299 Bacch.
858 2230 897 2311 V,
927 2235 956 2311 2,
979 2234 1034 2296 80:
1070 2232 1116 2291 Ne
1147 2231 1291 2291 obnoxius

135 2329 188 2391 filio
217 2333 273 2393 sim
302 2340 333 2393 et
359 2353 459 2409 servo,
493 2332 534 2398 ad
564 2351 592 2414 q.
620 2332 639 2396 l.
665 2331 784 2397 Schm.:
819 2330 866 2408 „si
895 2330 958 2394 mei
985 2326 1099 2409 flagitii
1126 2326 1192 2392 sint
1217 2342 1290 2388 con·

136 2425 212 2490 scii.“
259 2427 387 2495 Terent
418 2432 514 2496 Andr.
542 2430 568 2510 Ι,
593 2435 622 2510 5,
646 2435 700 2496 59;
739 2434 799 2493 Seu
822 2433 876 2491 tibi
898 2432 1048 2507 morigera
1069 2425 1126 2488 init
1147 2427 1179 2485 iu
1200 2425 1290 2486 rebus

138 2528 271 2589 cunibus.

212 2624 350 2691 Dativus
371 2627 419 2691 rei
435 2628 621 2693 coniunctus
638 2646 708 2694 cum
724 2627 832 2692 verbis
848 2647 916 2698 esce,
938 2628 1020 2696 dare,
1041 2627 1155 2694 ducere,
1177 2627 1290 2685 vertere

138 2719 221 2785 simil.
269 2721 349 2788 Cato
372 2737 422 2805 ap.
446 2724 588 2791 Bolhuis.
609 2744 639 2806 p.
663 2731 714 2805 29,
735 2724 773 2789 fr.
802 2731 854 2791 19:
893 2728 949 2802 Qui
972 2728 1120 2802 tantisper
1142 2725 1217 2784 nulli
1240 2723 1285 2781 rei

136 2822 198 2895 sies,
222 2822 292 2882 dum
315 2825 388 2885 nihil
416 2842 496 2901 ages.
542 2822 742 2888 Bolbuisius:
765 2827 878 2894 ‚,Nulli,
901 2829 937 2888 ut
959 2824 1005 2887 ait
1015 2821 1208 2899 Priscianus,
1228 2836 1288 2899 pro

133 2920 253 2987 audica,
275 2921 379 2999 possit
401 2926 506 2986 tamen
529 2920 559 2986 h.
582 2921 603 2984 l.
628 2940 699 2989 esse
722 2923 863 3002 dativus,
891 2925 968 2985 nulli
989 2925 1034 2984 rei
1055 2938 1114 3002 pro
1137 2920 1289 2982 ualitali.“

134 3010 209 3079 llibi
233 3034 359 3097 quoque
382 3018 601 3083 videturesse
624 3019 757 3085 dativus.
804 3019 882 3085 Cato
904 3020 941 3086 R.
964 3019 1002 3084 R.
1026 3038 1051 3084 c.
1076 3025 1109 3085 3:
1138 3027 1169 3081 et
1190 3021 1236 3080 rei
1258 3011 1291 3077 et

131 3115 230 3175 virtuti
254 3122 286 3175 et
305 3120 421 3194 gloriae
444 3121 510 3193 erit,
535 3119 568 3180 aa
591 3115 668 3180 toitt
691 3136 758 3201 pum
782 3114 924 3198 licrtbeit
947 3115 1064 3198 inmoti
1086 3116 1140 3180 bea
1163 3111 1289 3180 bermo

133 3212 205 3291 gend
231 3209 283 3274 alb
311 3218 384 3277 cett.
409 3249 449 3258 --
473 3213 629 3299 participes.
675 3215 709 3281 C.
735 3221 790 3281 38:
826 3221 923 3294 virgas
952 3227 984 3279 et
1014 3223 1177 3290 sarmenta,
1212 3230 1288 3290 quae

129 3311 180 3370 tibi
203 3313 304 3370 usioni
328 3323 514 3391 supererunt,
530 3349 569 3360 -
582 3318 756 3376 comburito.
780 3313 883 3377 Plaut.
905 3312 995 3395 Capt.
1013 3313 1072 3394 ΙΙΙ,
1088 3320 1119 3392 4,
1136 3316 1191 3377 231
1216 3313 1287 3385 Qui-

131 3407 180 3470 bus
203 3412 354 3484 insputari
378 3415 467 3472 saluti
489 3412 546 3473 luit
568 3421 656 3489 stque
679 3416 705 3475 is
728 3413 849 3490 profuit,
873 3412 927 3477 ubi
948 3415 1053 3488 quitus
1068 3410 1108 3475 ad
1123 3413 1214 3472 saluti
1228 3410 1290 3483 fait

128 3504 291 3581 pertinere
314 3512 404 3570 notat
426 3507 562 3574 Ursinus
584 3528 614 3590 p.
638 3515 699 3574 245
730 3529 780 3591 ap.
809 3509 912 3575 Rudd.
940 3530 971 3593 p.
998 3515 1067 3575 142.
1112 3507 1203 3589 Capt.
1226 3505 1287 3585 Ill,

129 3609 154 3678 l,
176 3608 233 3668 93:
264 3608 336 3680 quin
357 3607 430 3666 mibi
450 3609 492 3667 Et
511 3617 669 3685 parentum
692 3619 723 3669 et
746 3612 895 3672 libertatis
916 3618 988 3687 aput
1010 3618 1040 3670 ta
1064 3610 1194 3684 deliquio
1218 3608 1286 3668 siet.

129 3700 193 3765 Cas,
219 3699 262 3779 ΙΙ,
284 3709 314 3780 5,
340 3707 392 3766 19:
417 3707 561 3781 siquidem
585 3715 617 3767 tu
640 3725 672 3768 es
695 3707 773 3785 frugi
797 3710 903 3783 banse,
926 3705 1074 3770 :situ
1097 3704 1198 3769 virilis
1219 3720 1287 3767 ma·

130 3796 206 3863 litus
230 3817 275 3864 es.
320 3799 396 3866 cist.
420 3800 475 3882 IV,
498 3806 528 3882 2,
551 3807 607 3869 23;
630 3808 733 3866 usuist.
779 3803 847 3868 Mil.
869 3804 912 3885 Π,
936 3809 965 3885 6,
990 3808 1043 3869 12;
1072 3807 1176 3866 Metuo
1198 3805 1287 3863 illaec

130 3899 197 3958 nihi
221 3916 333 3961 resne
356 3903 435 3962 nralo
458 3920 563 3978 magno
583 3903 656 3964 luat.
701 3902 797 3968 Poen.
813 3902 867 3983 IV,
890 3908 919 3975 2,
943 3907 1017 3969 10οε
1040 3906 1099 3968 Uni
1121 3905 1220 3981 potius
1241 3903 1288 3960 iu·

132 4003 175 4057 tas
207 4013 262 4058 ero
285 3998 354 4059 odio
379 4016 465 4074 quam
488 4001 536 4061 hic
559 4002 614 4061 sim
636 4003 719 4064 vobis
742 4005 886 4067 omnibus.
927 4002 1024 4068 Poen.
1043 4001 1084 4082 V,
1101 4006 1131 4082 3,
1148 4004 1201 4065 18:
1223 4001 1288 4060 Tua

134 4095 228 4166 pietus
258 4099 348 4171 plane
377 4094 512 4172 nobis⁶·)
537 4100 646 4161 auxilio
675 4100 741 4164 luit.
787 4099 880 4167 Truc.
904 4100 959 4182 IV,
983 4106 1012 4183 3,
1035 4104 1089 4167 28:
1112 4107 1217 4175 mater,
1240 4102 1285 4159 iu·

137 4235 330 4251 ᾖ.

135 4317 239 4454 MR
255 4316 390 4376 SicBatb.
408 4324 482 4392 Aeg
499 4329 527 4378 et
545 4322 616 4394 vulg.
635 4324 715 4382 nobis
730 4328 823 4398 pm,
859 4328 938 4401 ΗΠΒ,
958 4330 1073 4401 deppam
1091 4327 1127 4385 „p
1144 4325 1284 4384 ,imm

987 4504 1051 4566 20*
