3125 5075
200 319 264 377 276
668 301 825 344 suasurus.
840 301 903 342 cnr.
929 299 971 344 ιιι.

198 483 239 564 V,
263 487 293 554 2,
315 485 371 546 86:
409 481 539 542 Ecastor
562 479 682 540 cenabis
704 479 802 548 hodie,
825 483 859 539 nt
881 479 986 552 diguus
1010 496 1060 555 es,
1082 493 1220 554 magnum
1243 477 1365 540 mulum.

199 579 298 646 Stich.
334 577 361 658 I,
385 581 414 656 2,
440 582 494 641 17;
531 576 717 651 Principium
740 594 795 653 ogo
823 594 881 651 quo
908 581 997 651 pacto
1021 591 1087 636 cum
1114 574 1177 635 illis
1200 575 1366 648 occeptum,

198 681 232 743 id
252 680 425 742 ratiooiuor.
470 671 558 737 Pers.
582 671 641 751 ΙΙΙ,
662 677 692 753 4,
716 676 771 736 67:
796 675 822 735 si
845 691 899 735 nos
923 691 960 733 ex
982 681 1012 734 te
1034 671 1284 750 percontabimur
1304 673 1367 732 Aut

198 779 330 856 patriam
357 781 438 834 tuam
466 779 518 832 aut
543 778 695 846 parentes.
738 767 807 833 Mil.
843 768 884 848 II,
909 772 938 848 2,
962 771 1016 833 67:
1052 769 1131 846 coge
1162 769 1194 829 iu
1216 767 1369 844 opsidium

199 872 376 953 perduellis.
400 866 515 932 Pseud.
537 865 563 945 Ι,
586 871 616 944 5,
632 869 688 930 81;
710 874 795 929 recte
818 884 872 946 ego
895 885 991 928 meam
1014 884 1078 928 rem
1100 865 1194 942 sapio,
1218 865 1381 942 Callipho,⁴

199 968 272 1049 ΙΙΙ,Ι
291 972 320 1046 2,
344 969 380 1030 9:
417 967 450 1026 Si
476 983 523 1026 me
547 966 734 1027 arbitrabare
763 968 841 1026 istoc
868 972 957 1041 pacto
985 973 1018 1025 ut
1044 963 1213 1042 praedices.
1259 957 1369 1026 Plauti

199 1065 313 1148 fragm.
337 1081 367 1144 p.
390 1065 463 1141 484,
488 1079 518 1126 v.
542 1065 576 1125 9:
598 1063 735 1124 Eiurarit
756 1063 902 1123 militiam.
925 1077 954 1122 ι.
979 1063 1036 1124 1οε
1059 1061 1109 1122 Sic
1131 1076 1178 1120 me
1201 1061 1292 1120 subes
1316 1073 1366 1120 eo-

200 1167 285 1240 tidie,
308 1163 394 1239 quasi
415 1160 491 1221 fiber
514 1161 645 1221 salicem.
691 1157 781 1240 Capi.
814 1156 876 1235 HI,
899 1161 928 1237 2,
951 1161 988 1222 4:
1024 1159 1279 1234 pratalaatnerque
1302 1172 1369 1215 eam

200 1275 272 1324 rem.
316 1257 415 1322 Mero.
437 1254 498 1334 III,
523 1259 551 1334 l,
576 1259 607 1319 1:
644 1259 759 1318 vicinas
782 1257 862 1330 prud
883 1258 1006 1332 rogavit,
1041 1258 1107 1317 Hoc
1129 1256 1188 1316 emi
1209 1254 1366 1314 mercimo-

201 1361 291 1421 nium.
325 1354 409 1419 Meu.
432 1352 476 1432 ΙΙ,
500 1357 529 1431 3,
551 1357 611 1418 49:
635 1372 731 1432 neque
750 1355 810 1415 buo
831 1356 977 1430 Umquam
999 1386 1043 1397 —
1065 1355 1146 1414 iutra
1167 1359 1290 1430 portam
1313 1370 1367 1428 pe-

200 1456 319 1517 netrasi
340 1453 455 1529 pedem.
483 1449 646 1531 (llampm.
669 1449 710 1514 de
732 1453 784 1513 AB
807 1467 838 1530 p.
862 1453 913 1530 24,
935 1449 1042 1514 adnot.
1072 1453 1107 1514 3:
1129 1452 1263 1528 miprore
1286 1467 1369 1514 uuu-

202 1557 299 1632 quam
331 1548 548 1624 transitivum,
586 1553 746 1623 pnauore
779 1545 992 1628 plemmquo.)
1036 1545 1133 1613 Poon.
1179 1544 1218 1626 V,
1248 1553 1279 1626 4,
1308 1551 1368 1612 93:

202 1651 366 1711 Multorum
389 1666 533 1709 annorum
564 1648 702 1708 miserias
730 1665 809 1707 nuno
836 1648 893 1706 bac
915 1649 1068 1721 voluptate
1091 1648 1172 1708 sedo.
1218 1641 1315 1708 Gurc.
1341 1641 1366 1723 1,

203 1751 233 1825 1,
257 1747 314 1808 592
336 1747 429 1805 Immo
445 1751 478 1803 ut
492 1746 575 1804 illam
598 1743 725 1804 censes?
748 1739 841 1806 Cure.
865 1739 907 1821 ΙΙ,
930 1747 959 1820 5,
984 1745 1039 1807 38:
1063 1745 1144 1805 Deos
1166 1744 1367 1820 sperabimus.

202 1843 291 1907 Deos
313 1856 445 1920 sperare
467 1861 510 1887 =
531 1837 592 1901 diis
615 1835 783 1903 confidere.
828 1837 921 1903 Truc.
951 1838 977 1918 Ι,
1001 1844 1030 1919 2,
1054 1843 1109 1904 58:
1156 1842 1214 1915 Qui
1238 1844 1368 1901 alterum

202 1944 323 2002 incusat
343 1939 464 2015 probri,
500 1953 534 1996 se
557 1953 678 2010 eumpse
702 1937 760 2010 (sie
782 1935 892 2014 Both,
930 1935 1016 2018 vulg.
1040 1957 1106 1999 eum
1129 1939 1226 2014 ipsum
1251 1935 1298 2010 se)
1323 1941 1371 1997 iu·

204 2037 284 2099 t'ueri
306 2040 434 2112 oportet.
478 2031 576 2096 Poen.
620 2029 680 2110 ΙΙΙ,
708 2037 738 2112 4,
767 2038 822 2098 27:
867 2037 962 2096 Homo
990 2033 1063 2098 furti
1092 2051 1159 2097 sese
1189 2035 1366 2110 adstringet.

202 2129 317 2212 Amph.
333 2129 376 2209 H,
392 2135 422 2198 2,
440 2133 515 2194 189;
539 2132 583 2191 Tu
606 2133 631 2191 si
646 2147 693 2191 me
715 2133 904 2206 inpudicitiai
928 2139 1041 2208 captas,
1065 2152 1174 2212 capere
1197 2151 1257 2195 nou
1274 2143 1368 2210 potes.

202 2227 329 2295 Bacch·
361 2225 416 2307 IV,
438 2232 470 2304 4,
492 2230 550 2290 45:
595 2229 688 2301 Quem
715 2231 853 2289 mendaci
879 2231 1021 2305 praeudlt
1050 2232 1251 2293 manufestum
1273 2231 1368 2292 modo.

204 2324 272 2391 llil.
296 2323 338 2404 II,
360 2329 391 2402 4,
419 2327 472 2387 18:
517 2342 604 2401 quem
626 2327 678 2399 pol
701 2343 755 2402 ego
779 2329 887 2402 capitis
910 2328 1055 2403 perdam?
1099 2327 1185 2392 Triu.
1218 2327 1257 2402 V,
1280 2331 1311 2406 2,
1334 2331 1368 2390 2:

205 2425 319 2499 Quoius
341 2423 416 2485 fides
444 2423 633 2498 fidelitasque
653 2425 787 2484 amioum
815 2441 887 2500 erga
913 2425 1084 2500 neqneiporat
1111 2432 1202 2489 taam.
1247 2423 1314 2488 lull.
1343 2422 1368 2500 Ι,

208 2525 237 2600 1,
263 2523 320 2583 12:
344 2523 541 2597 aequiperare
563 2538 635 2581 suan
657 2521 776 2583 virtutis
800 2523 839 2583 ad
861 2529 936 2583 tuas.
982 2519 1049 2586 Mil.
1072 2520 1115 2600 ll,
1139 2528 1168 2600 2,
1193 2526 1369 2587 68:1uter-

205 2620 294 2681 olnde
318 2624 504 2680 conmeatnm
526 2620 663 2680 inimicis.
709 2616 781 2681 nul.
805 2616 831 2698 Ι,
855 2621 884 2696 2,
908 2622 963 2683 30:
987 2622 1129 2682 Dividere
1152 2624 1271 2697 argenti
1294 2622 1368 2682 dixit

202 2732 308 2777 numos
331 2718 362 2775 iu
384 2717 472 2777 viros.
510 2712 595 2778 Triu.
620 2713 679 2786 ul,
703 2720 732 2794 2,
756 2720 815 2779 93;
839 2720 976 2791 clupeum
999 2719 1037 2778 ad
1060 2718 1178 2779 dorsum
1202 2720 1369 2781 adcommo-

204 2812 281 2873 dem.
320 2809 419 2890 upld.
442 2808 485 2889 II,
509 2815 538 2889 2,
561 2818 619 2876 41:
641 2815 714 2875 Utin
737 2816 899 2888 inpluvium
922 2813 1027 2875 induta
1049 2814 1162 2876 fuerit?
1191 2814 1308 2884 Pseud.
1330 2813 1368 2891 V,

207 2912 236 2986 1,
260 2909 315 2971 30:
335 2905 409 2984 [illi]
432 2911 620 2971 inclamitant
641 2928 688 2971 me
712 2916 745 2971 ut
767 2917 912 2972 revortar.
957 2909 1024 2973 llil.
1048 2908 1091 2990 II,
1113 2917 1143 2989 4,
1164 2915 1198 2976 3:
1236 2915 1369 2976 edocebo

203 3006 337 3067 Miunme
359 3009 453 3068 malos
475 3015 509 3068 ut
532 3008 592 3068 sint
614 3010 721 3069 malae.
742 3032 745 3037 ·
766 3005 865 3071 Stich.
911 3005 954 3087 ΙΙ,
981 3012 1008 3087 l,
1033 3012 1089 3073 50:
1136 3012 1215 3083 Quas
1239 3018 1272 3070 tu
1298 3011 1369 3072 edes

204 3103 353 3164 colubras.
398 3101 485 3166 Trin.
508 3100 565 3181 IV,
588 3108 618 3182 2,
645 3108 721 3168 145:
758 3107 835 3178 Quia
856 3106 940 3166 illum
963 3124 1051 3182 quom
1073 3104 1243 3168 ementitu's
1266 3109 1291 3169 is
1315 3124 1369 3183 ego

203 3214 269 3259 snm
291 3199 376 3275 ipsus
399 3202 582 3264 Charmides.
628 3199 719 3265 Cure.
736 3200 798 3279 III,
825 3207 852 3280 l,
875 3206 931 3265 49:
954 3204 1008 3263 Set
1029 3205 1118 3264 istum
1141 3221 1227 3279 quem
1250 3206 1370 3281 quaeris

202 3312 259 3371 ego
283 3314 357 3358 snm.
403 3294 495 3377 Capi.
518 3296 544 3377 1,
568 3302 596 3367 2,
621 3304 636 3362 1
657 3314 742 3378 squ:
765 3301 840 3361 istos
864 3302 998 3376 captiuos
1023 3302 1096 3362 duos
1117 3302 1192 3361 Heri
1213 3320 1288 3377 quos
1312 3302 1370 3363 emi

201 3393 240 3454 de
260 3395 376 3470 praeda
409 3412 428 3456 a
450 3398 672 3472 quaestoribus,
701 3397 757 3458 His
786 3398 880 3459 indito
904 3404 1026 3459 catenas
1049 3399 1236 3475 singularias.
1283 3395 1369 3462 Tria.

200 3487 257 3569 IV,
280 3494 311 3567 2,
334 3494 393 3556 27:
429 3496 543 3555 Hercle
572 3496 678 3569 opinor
707 3497 748 3554 mi
770 3496 942 3556 advenienti
968 3497 1025 3556 bac
1053 3501 1144 3556 noctu
1166 3496 1370 3572 agitandumst

200 3588 328 3664 vigilias.
369 3586 471 3660 Peon.
506 3589 532 3667 Ι,
556 3594 587 3668 2,
611 3595 663 3655 13:
694 3594 759 3653 Eae
781 3610 836 3652 nos
858 3594 994 3671 lavando,
1018 3594 1145 3661 eluendo
1168 3610 1293 3669 operam
1316 3594 1368 3656 de·

199 3684 317 3747 derunt.
362 3684 430 3749 Mil.
452 3685 496 3764 ΙΙ,
513 3692 543 3764 3,
567 3690 624 3750 76:
648 3691 724 3751 Nam
745 3707 801 3765 ego
824 3691 943 3765 quidem
966 3708 1049 3751 meos
1063 3692 1175 3751 oculos
1198 3693 1296 3759 habeo
1312 3710 1369 3753 uec

200 3798 274 3857 rogo
295 3785 423 3845 utendos
445 3784 528 3846 ioris.
573 3782 669 3849 Poon.
697 3785 736 3863 V,
760 3790 789 3863 2,
816 3786 891 3850 128;
927 3787 1067 3849 Profecto
1089 3791 1193 3864 uteris,
1215 3796 1250 3849 ut
1275 3791 1368 3867 noles,

200 3894 323 3954 operam
344 3898 450 3945 meam.
495 3880 585 3946 Pers.
613 3881 638 3961 1,
662 3888 692 3961 3,
715 3886 770 3946 38:
816 3885 914 3946 Dares
937 3887 1064 3968 utendos
1086 3894 1213 3947 mutuos.
1257 3902 1287 3948 u.
1310 3891 1367 3950 47:

199 3976 293 4038 filiam
315 3981 457 4040 utendam
479 3986 560 4040 tuom
582 3982 657 4041 Mihi
681 3983 728 4041 da.
755 3997 785 4044 v.
809 3984 866 4044 48:
889 3985 1055 4060 Numquam
1079 3984 1186 4059 edepol
1206 3986 1367 4060 quoiquam

200 4074 292 4135 etiam
314 4078 454 4137 utendam
477 4077 554 4138 dedi.
602 4076 673 4142 nul.
707 4076 734 4155 Ι,
759 4081 788 4157 2,
814 4081 869 4142 18;
913 4082 997 4157 Quae
1017 4082 1127 4141 retanda
1149 4096 1224 4141 oasa
1247 4098 1368 4157 semper

199 4172 294 4233 ricini
316 4180 431 4249 rogant.
476 4170 568 4237 Cure.
606 4173 644 4255 V,
667 4179 697 4252 2,
721 4179 759 4239 5;
805 4178 906 4237 Mater
928 4180 973 4238 illi
995 4178 1142 4239 utiendum
1165 4179 1303 4255 dederat,
1327 4178 1366 4243 cf.

200 4262 265 4331 Cic.
284 4266 319 4332 in
338 4268 428 4334 Verr.
452 4269 495 4348 ΙΙ,
517 4269 560 4350 Π,
586 4274 635 4335 18.
681 4271 767 4336 Trin.
790 4271 846 4349 IV,
873 4278 900 4352 1,
925 4278 961 4338 8:
986 4276 1062 4337 Nam
1084 4278 1135 4351 pol
1158 4278 1310 4351 placidum
1334 4284 1364 4339 te
