<?xml version="1.0" encoding="UTF-8"?>
<!DOCTYPE html PUBLIC "-//W3C//DTD XHTML 1.0 Transitional//EN"
    "http://www.w3.org/TR/xhtml1/DTD/xhtml1-transitional.dtd">
<html xmlns="http://www.w3.org/1999/xhtml" xml:lang="en" lang="en">
 <head>
  <title>
</title>
<meta http-equiv="Content-Type" content="text/html;charset=utf-8" />
  <meta name='ocr-system' content='tesseract 3.04.00' />
  <meta name='ocr-capabilities' content='ocr_page ocr_carea ocr_par ocr_line ocrx_word'/>
</head>
<body>
  <div class='ocr_page' id='page_1' title='image "./syntaxispriscor00holtgoog_0394.png"; bbox 0 0 3125 5075; ppageno 0'>
   <div class='ocr_carea' id='block_1_1' title="bbox 561 342 1360 408">
    <p class='ocr_par' dir='ltr' id='par_1_1' title="bbox 561 342 1360 408">
     <span class='ocr_line' id='line_1_1' title="bbox 561 342 1360 408; baseline 0.003 -29"><span class='ocrx_word' id='word_1_1' title='bbox 561 342 600 379; x_wconf 84' lang='grc' dir='ltr'>ΙΙΙ.</span> <span class='ocrx_word' id='word_1_2' title='bbox 630 342 789 381; x_wconf 75' lang='lat' dir='ltr'>l‘lrououuu</span> <span class='ocrx_word' id='word_1_3' title='bbox 805 343 980 381; x_wconf 68' lang='lat' dir='ltr'>unianturu.</span> <span class='ocrx_word' id='word_1_4' title='bbox 1300 348 1360 408; x_wconf 72' lang='lat'>375</span> 
     </span>
    </p>
   </div>
   <div class='ocr_carea' id='block_1_2' title="bbox 199 514 1396 4419">
    <p class='ocr_par' dir='ltr' id='par_1_2' title="bbox 199 514 1396 4419">
     <span class='ocr_line' id='line_1_2' title="bbox 218 514 1358 598; baseline 0 -20"><span class='ocrx_word' id='word_1_5' title='bbox 218 515 331 595; x_wconf 88' lang='lat' dir='ltr'>tn[me]</span> <span class='ocrx_word' id='word_1_6' title='bbox 352 519 470 578; x_wconf 82' lang='lat' dir='ltr'>inssisti</span> <span class='ocrx_word' id='word_1_7' title='bbox 490 518 597 578; x_wconf 88' lang='lat' dir='ltr'>omnia</span> <span class='ocrx_word' id='word_1_8' title='bbox 642 514 758 580; x_wconf 80' lang='lat' dir='ltr'><strong>Bacch.</strong></span> <span class='ocrx_word' id='word_1_9' title='bbox 782 516 838 593; x_wconf 87' lang='lat' dir='ltr'>lv,</span> <span class='ocrx_word' id='word_1_10' title='bbox 863 522 892 597; x_wconf 86' lang='lat'>9,</span> <span class='ocrx_word' id='word_1_11' title='bbox 918 521 974 582; x_wconf 83' lang='lat'>24:</span> <span class='ocrx_word' id='word_1_12' title='bbox 1006 520 1038 580; x_wconf 89' lang='lat' dir='ltr'>Is</span> <span class='ocrx_word' id='word_1_13' title='bbox 1058 517 1204 577; x_wconf 82' lang='lat' dir='ltr'>Helenam</span> <span class='ocrx_word' id='word_1_14' title='bbox 1226 517 1358 598; x_wconf 85' lang='lat' dir='ltr'>abduxit,</span> 
     </span>
     <span class='ocr_line' id='line_1_3' title="bbox 213 611 1360 693; baseline 0.002 -17"><span class='ocrx_word' id='word_1_15' title='bbox 213 617 290 693; x_wconf 81' lang='lat' dir='ltr'>quoia</span> <span class='ocrx_word' id='word_1_16' title='bbox 313 633 421 676; x_wconf 78' lang='lat' dir='ltr'>cumea</span> <span class='ocrx_word' id='word_1_17' title='bbox 443 632 520 676; x_wconf 93' lang='lat' dir='ltr'>nnnc</span> <span class='ocrx_word' id='word_1_18' title='bbox 543 614 622 676; x_wconf 85' lang='lat' dir='ltr'>facio</span> <span class='ocrx_word' id='word_1_19' title='bbox 644 616 791 689; x_wconf 90' lang='lat' dir='ltr'>opsidium</span> <span class='ocrx_word' id='word_1_20' title='bbox 813 618 877 678; x_wconf 85' lang='lat' dir='ltr'>llio.</span> <span class='ocrx_word' id='word_1_21' title='bbox 922 614 1005 679; x_wconf 84' lang='lat' dir='ltr'>unu.</span> <span class='ocrx_word' id='word_1_22' title='bbox 1028 611 1088 693; x_wconf 89' lang='grc' dir='ltr'>ΠΙ,</span> <span class='ocrx_word' id='word_1_23' title='bbox 1111 619 1141 690; x_wconf 83' lang='grc'>4,</span> <span class='ocrx_word' id='word_1_24' title='bbox 1163 617 1215 677; x_wconf 83' lang='lat' dir='ltr'>tu.</span> <span class='ocrx_word' id='word_1_25' title='bbox 1245 613 1360 679; x_wconf 83' lang='lat' dir='ltr'><strong>Pseud.</strong></span> 
     </span>
     <span class='ocr_line' id='line_1_4' title="bbox 209 709 1396 792; baseline -0.001 -15"><span class='ocrx_word' id='word_1_26' title='bbox 209 710 230 791; x_wconf 90' lang='grc' dir='ltr'>Ι,</span> <span class='ocrx_word' id='word_1_27' title='bbox 249 717 280 792; x_wconf 87' lang='grc'>2,</span> <span class='ocrx_word' id='word_1_28' title='bbox 303 717 358 779; x_wconf 83' lang='lat'>20:</span> <span class='ocrx_word' id='word_1_29' title='bbox 381 714 448 773; x_wconf 86' lang='lat' dir='ltr'>an</span> <span class='ocrx_word' id='word_1_30' title='bbox 471 713 610 774; x_wconf 85' lang='lat' dir='ltr'>adhibete</span> <span class='ocrx_word' id='word_1_31' title='bbox 635 715 715 774; x_wconf 88' lang='lat' dir='ltr'>auris</span> <span class='ocrx_word' id='word_1_32' title='bbox 738 731 815 789; x_wconf 87' lang='lat' dir='ltr'>quae</span> <span class='ocrx_word' id='word_1_33' title='bbox 839 731 894 790; x_wconf 87' lang='lat' dir='ltr'>ego</span> <span class='ocrx_word' id='word_1_34' title='bbox 916 717 1032 791; x_wconf 87' lang='lat' dir='ltr'>loquar.</span> <span class='ocrx_word' id='word_1_35' title='bbox 1076 711 1162 775; x_wconf 89' lang='lat' dir='ltr'>Men.</span> <span class='ocrx_word' id='word_1_36' title='bbox 1185 709 1224 791; x_wconf 95' lang='lat' dir='ltr'>V,</span> <span class='ocrx_word' id='word_1_37' title='bbox 1253 716 1282 790; x_wconf 89' lang='grc'>5,</span> <span class='ocrx_word' id='word_1_38' title='bbox 1308 717 1361 776; x_wconf 92' lang='lat' dir='ltr'>ll:</span> <span class='ocrx_word' id='word_1_39' title='bbox 1393 752 1396 755; x_wconf 96' lang='lat'>-</span> 
     </span>
     <span class='ocr_line' id='line_1_5' title="bbox 205 807 1361 889; baseline -0.001 -15"><span class='ocrx_word' id='word_1_40' title='bbox 205 813 297 874; x_wconf 81' lang='lat' dir='ltr'>Audin</span> <span class='ocrx_word' id='word_1_41' title='bbox 320 827 398 888; x_wconf 83' lang='lat' dir='ltr'>qnae</span> <span class='ocrx_word' id='word_1_42' title='bbox 420 811 572 885; x_wconf 81' lang='lat' dir='ltr'>loquitur?</span> <span class='ocrx_word' id='word_1_43' title='bbox 616 807 708 873; x_wconf 86' lang='lat' dir='ltr'>Cure.</span> <span class='ocrx_word' id='word_1_44' title='bbox 724 809 750 889; x_wconf 95' lang='grc' dir='ltr'>Ι,</span> <span class='ocrx_word' id='word_1_45' title='bbox 769 814 798 889; x_wconf 91' lang='lat' dir='ltr'>l,</span> <span class='ocrx_word' id='word_1_46' title='bbox 814 814 869 874; x_wconf 82' lang='lat'>55:</span> <span class='ocrx_word' id='word_1_47' title='bbox 892 814 919 873; x_wconf 86' lang='lat' dir='ltr'><strong>E</strong></span> <span class='ocrx_word' id='word_1_48' title='bbox 942 830 1017 873; x_wconf 90' lang='lat' dir='ltr'>nuce</span> <span class='ocrx_word' id='word_1_49' title='bbox 1041 813 1198 870; x_wconf 85' lang='lat' dir='ltr'>nuculeum</span> <span class='ocrx_word' id='word_1_50' title='bbox 1221 813 1270 886; x_wconf 90' lang='lat' dir='ltr'>qui</span> <span class='ocrx_word' id='word_1_51' title='bbox 1293 828 1361 873; x_wconf 87' lang='lat' dir='ltr'>esse</span> 
     </span>
     <span class='ocr_line' id='line_1_6' title="bbox 203 905 1362 988; baseline 0.001 -19"><span class='ocrx_word' id='word_1_52' title='bbox 203 912 268 983; x_wconf 85' lang='lat' dir='ltr'>rolt,</span> <span class='ocrx_word' id='word_1_53' title='bbox 293 908 409 983; x_wconf 80' lang='lat' dir='ltr'>hengit</span> <span class='ocrx_word' id='word_1_54' title='bbox 430 927 543 971; x_wconf 89' lang='lat' dir='ltr'>nucem.</span> <span class='ocrx_word' id='word_1_55' title='bbox 589 905 666 971; x_wconf 83' lang='lat' dir='ltr'>cist.</span> <span class='ocrx_word' id='word_1_56' title='bbox 683 906 707 986; x_wconf 94' lang='grc' dir='ltr'>Ι,</span> <span class='ocrx_word' id='word_1_57' title='bbox 731 913 760 987; x_wconf 88' lang='grc'>3,</span> <span class='ocrx_word' id='word_1_58' title='bbox 785 913 839 973; x_wconf 81' lang='lat'>36:</span> <span class='ocrx_word' id='word_1_59' title='bbox 862 912 947 986; x_wconf 86' lang='lat' dir='ltr'>siqua</span> <span class='ocrx_word' id='word_1_60' title='bbox 970 917 1060 986; x_wconf 81' lang='lat' dir='ltr'>queat</span> <span class='ocrx_word' id='word_1_61' title='bbox 1081 909 1227 983; x_wconf 88' lang='lat' dir='ltr'>Reperire</span> <span class='ocrx_word' id='word_1_62' title='bbox 1253 906 1362 988; x_wconf 89' lang='lat' dir='ltr'>(earn),</span> 
     </span>
     <span class='ocr_line' id='line_1_7' title="bbox 202 1005 1361 1085; baseline -0.001 -17"><span class='ocrx_word' id='word_1_63' title='bbox 202 1025 274 1084; x_wconf 85' lang='lat' dir='ltr'>quae</span> <span class='ocrx_word' id='word_1_64' title='bbox 298 1008 466 1068; x_wconf 78' lang='lat' dir='ltr'>sustulerit.</span> <span class='ocrx_word' id='word_1_65' title='bbox 511 1005 606 1069; x_wconf 85' lang='lat' dir='ltr'>Pacu.</span> <span class='ocrx_word' id='word_1_66' title='bbox 630 1005 684 1078; x_wconf 91' lang='lat' dir='ltr'>IV,</span> <span class='ocrx_word' id='word_1_67' title='bbox 715 1010 743 1085; x_wconf 85' lang='lat'>2,</span> <span class='ocrx_word' id='word_1_68' title='bbox 771 1009 845 1068; x_wconf 83' lang='lat'>106:</span> <span class='ocrx_word' id='word_1_69' title='bbox 880 1009 1010 1069; x_wconf 88' lang='lat' dir='ltr'>Remora</span> <span class='ocrx_word' id='word_1_70' title='bbox 1037 1009 1063 1067; x_wconf 88' lang='lat' dir='ltr'>si</span> <span class='ocrx_word' id='word_1_71' title='bbox 1091 1008 1145 1079; x_wconf 89' lang='lat' dir='ltr'>sit,</span> <span class='ocrx_word' id='word_1_72' title='bbox 1173 1007 1226 1080; x_wconf 79' lang='lat' dir='ltr'>qui</span> <span class='ocrx_word' id='word_1_73' title='bbox 1254 1009 1361 1067; x_wconf 88' lang='lat' dir='ltr'>malam</span> 
     </span>
     <span class='ocr_line' id='line_1_8' title="bbox 200 1103 1360 1184; baseline -0.002 -17"><span class='ocrx_word' id='word_1_74' title='bbox 200 1123 259 1167; x_wconf 86' lang='lat' dir='ltr'>rem</span> <span class='ocrx_word' id='word_1_75' title='bbox 283 1106 360 1164; x_wconf 91' lang='lat' dir='ltr'>mihi</span> <span class='ocrx_word' id='word_1_76' title='bbox 383 1105 444 1181; x_wconf 89' lang='lat' dir='ltr'>det,</span> <span class='ocrx_word' id='word_1_77' title='bbox 468 1107 573 1165; x_wconf 89' lang='lat' dir='ltr'>merito</span> <span class='ocrx_word' id='word_1_78' title='bbox 596 1103 713 1166; x_wconf 87' lang='lat' dir='ltr'>iecerit.</span> <span class='ocrx_word' id='word_1_79' title='bbox 750 1103 839 1168; x_wconf 87' lang='lat' dir='ltr'>Pers.</span> <span class='ocrx_word' id='word_1_80' title='bbox 862 1103 887 1181; x_wconf 93' lang='grc' dir='ltr'>Ι,</span> <span class='ocrx_word' id='word_1_81' title='bbox 911 1109 941 1184; x_wconf 91' lang='grc'>2,</span> <span class='ocrx_word' id='word_1_82' title='bbox 965 1109 1019 1167; x_wconf 78' lang='lat'>24:</span> <span class='ocrx_word' id='word_1_83' title='bbox 1041 1105 1100 1167; x_wconf 92' lang='lat' dir='ltr'>Ubi</span> <span class='ocrx_word' id='word_1_84' title='bbox 1123 1106 1183 1163; x_wconf 90' lang='lat' dir='ltr'>sint</span> <span class='ocrx_word' id='word_1_85' title='bbox 1204 1107 1360 1178; x_wconf 85' lang='lat' dir='ltr'>magistra·</span> 
     </span>
     <span class='ocr_line' id='line_1_9' title="bbox 199 1200 1361 1282; baseline 0 -19"><span class='ocrx_word' id='word_1_86' title='bbox 199 1212 252 1279; x_wconf 87' lang='lat' dir='ltr'>tns,</span> <span class='ocrx_word' id='word_1_87' title='bbox 277 1221 356 1279; x_wconf 87' lang='lat' dir='ltr'>quos</span> <span class='ocrx_word' id='word_1_88' title='bbox 383 1219 488 1262; x_wconf 90' lang='lat' dir='ltr'>curare</span> <span class='ocrx_word' id='word_1_89' title='bbox 509 1203 668 1277; x_wconf 85' lang='lat' dir='ltr'>oporteat?</span> <span class='ocrx_word' id='word_1_90' title='bbox 705 1200 785 1264; x_wconf 87' lang='lat' dir='ltr'>Rud.</span> <span class='ocrx_word' id='word_1_91' title='bbox 809 1201 868 1280; x_wconf 89' lang='grc' dir='ltr'>ΙΙΙ,</span> <span class='ocrx_word' id='word_1_92' title='bbox 895 1209 979 1282; x_wconf 85' lang='lat'>1,4:</span> <span class='ocrx_word' id='word_1_93' title='bbox 1003 1204 1093 1265; x_wconf 87' lang='lat' dir='ltr'>Velut</span> <span class='ocrx_word' id='word_1_94' title='bbox 1116 1220 1171 1277; x_wconf 89' lang='lat' dir='ltr'>ego</span> <span class='ocrx_word' id='word_1_95' title='bbox 1194 1203 1249 1263; x_wconf 92' lang='lat' dir='ltr'>hac</span> <span class='ocrx_word' id='word_1_96' title='bbox 1272 1208 1361 1263; x_wconf 88' lang='lat' dir='ltr'>nocte</span> 
     </span>
     <span class='ocr_line' id='line_1_10' title="bbox 202 1296 1362 1379; baseline -0.002 -16"><span class='ocrx_word' id='word_1_97' title='bbox 202 1321 273 1379; x_wconf 81' lang='lat' dir='ltr'>qnae</span> <span class='ocrx_word' id='word_1_98' title='bbox 297 1303 452 1378; x_wconf 87' lang='lat' dir='ltr'>processit</span> <span class='ocrx_word' id='word_1_99' title='bbox 473 1319 618 1376; x_wconf 86' lang='lat' dir='ltr'>proxuma</span> <span class='ocrx_word' id='word_1_100' title='bbox 640 1303 750 1360; x_wconf 88' lang='lat' dir='ltr'>Mirum</span> <span class='ocrx_word' id='word_1_101' title='bbox 777 1333 821 1344; x_wconf 97' lang='lat'>—</span> <span class='ocrx_word' id='word_1_102' title='bbox 849 1304 993 1362; x_wconf 78' lang='lat' dir='ltr'>somniavi</span> <span class='ocrx_word' id='word_1_103' title='bbox 1021 1303 1173 1364; x_wconf 90' lang='lat' dir='ltr'>somnium.</span> <span class='ocrx_word' id='word_1_104' title='bbox 1218 1296 1314 1363; x_wconf 88' lang='lat' dir='ltr'>Stich.</span> <span class='ocrx_word' id='word_1_105' title='bbox 1334 1296 1362 1378; x_wconf 93' lang='grc' dir='ltr'>Ι,</span> 
     </span>
     <span class='ocr_line' id='line_1_11' title="bbox 208 1398 1360 1476; baseline -0.008 -11"><span class='ocrx_word' id='word_1_106' title='bbox 208 1404 233 1476; x_wconf 88' lang='lat' dir='ltr'>l,</span> <span class='ocrx_word' id='word_1_107' title='bbox 250 1405 285 1464; x_wconf 77' lang='lat'>4:</span> <span class='ocrx_word' id='word_1_108' title='bbox 322 1402 445 1459; x_wconf 79' lang='lat' dir='ltr'>viri-</span> <span class='ocrx_word' id='word_1_109' title='bbox 469 1400 599 1472; x_wconf 83' lang='lat' dir='ltr'>Quorum</span> <span class='ocrx_word' id='word_1_110' title='bbox 622 1398 740 1474; x_wconf 88' lang='lat' dir='ltr'>quidem</span> <span class='ocrx_word' id='word_1_111' title='bbox 764 1417 818 1461; x_wconf 92' lang='lat' dir='ltr'>nos</span> <span class='ocrx_word' id='word_1_112' title='bbox 841 1402 969 1475; x_wconf 89' lang='lat' dir='ltr'>negotiis</span> <span class='ocrx_word' id='word_1_113' title='bbox 992 1406 1162 1475; x_wconf 91' lang='lat' dir='ltr'>apsentum,</span> <span class='ocrx_word' id='word_1_114' title='bbox 1191 1400 1234 1457; x_wconf 90' lang='lat' dir='ltr'>ita</span> <span class='ocrx_word' id='word_1_115' title='bbox 1255 1405 1288 1457; x_wconf 93' lang='lat' dir='ltr'>ut</span> <span class='ocrx_word' id='word_1_116' title='bbox 1311 1414 1360 1457; x_wconf 87' lang='lat' dir='ltr'>ae-</span> 
     </span>
     <span class='ocr_line' id='line_1_12' title="bbox 206 1491 1362 1574; baseline -0.003 -15"><span class='ocrx_word' id='word_1_117' title='bbox 206 1506 327 1574; x_wconf 84' lang='lat' dir='ltr'>quomst,</span> <span class='ocrx_word' id='word_1_118' title='bbox 354 1497 507 1557; x_wconf 88' lang='lat' dir='ltr'>Sollicitae</span> <span class='ocrx_word' id='word_1_119' title='bbox 531 1499 628 1556; x_wconf 91' lang='lat' dir='ltr'>noctis</span> <span class='ocrx_word' id='word_1_120' title='bbox 651 1504 683 1555; x_wconf 92' lang='lat' dir='ltr'>et</span> <span class='ocrx_word' id='word_1_121' title='bbox 704 1497 777 1569; x_wconf 90' lang='lat' dir='ltr'>dies,</span> <span class='ocrx_word' id='word_1_122' title='bbox 803 1516 897 1572; x_wconf 89' lang='lat' dir='ltr'>soror,</span> <span class='ocrx_word' id='word_1_123' title='bbox 921 1517 1019 1559; x_wconf 86' lang='lat' dir='ltr'>sumus</span> <span class='ocrx_word' id='word_1_124' title='bbox 1042 1513 1170 1573; x_wconf 86' lang='lat' dir='ltr'>semper.</span> <span class='ocrx_word' id='word_1_125' title='bbox 1192 1493 1285 1573; x_wconf 88' lang='lat' dir='ltr'>Epid.</span> <span class='ocrx_word' id='word_1_126' title='bbox 1300 1491 1362 1573; x_wconf 89' lang='grc' dir='ltr'>ΠΙ,</span> 
     </span>
     <span class='ocr_line' id='line_1_13' title="bbox 205 1591 1359 1673; baseline -0.007 -13"><span class='ocrx_word' id='word_1_127' title='bbox 205 1602 228 1673; x_wconf 81' lang='lat' dir='ltr'>l,</span> <span class='ocrx_word' id='word_1_128' title='bbox 250 1600 309 1659; x_wconf 84' lang='grc' dir='ltr'>2οε</span> <span class='ocrx_word' id='word_1_129' title='bbox 348 1602 382 1654; x_wconf 92' lang='lat' dir='ltr'>ut</span> <span class='ocrx_word' id='word_1_130' title='bbox 403 1595 481 1668; x_wconf 79' lang='lat' dir='ltr'>qaod</span> <span class='ocrx_word' id='word_1_131' title='bbox 502 1595 539 1653; x_wconf 91' lang='lat' dir='ltr'>ad</span> <span class='ocrx_word' id='word_1_132' title='bbox 562 1603 591 1652; x_wconf 91' lang='lat' dir='ltr'>te</span> <span class='ocrx_word' id='word_1_133' title='bbox 615 1598 700 1655; x_wconf 86' lang='lat' dir='ltr'>uenio</span> <span class='ocrx_word' id='word_1_134' title='bbox 729 1597 889 1670; x_wconf 86' lang='lat' dir='ltr'>intelligas.</span> <span class='ocrx_word' id='word_1_135' title='bbox 936 1592 1020 1657; x_wconf 91' lang='lat' dir='ltr'>Men.</span> <span class='ocrx_word' id='word_1_136' title='bbox 1043 1594 1098 1670; x_wconf 91' lang='lat' dir='ltr'>IV,</span> <span class='ocrx_word' id='word_1_137' title='bbox 1122 1598 1152 1669; x_wconf 85' lang='lat'>2,</span> <span class='ocrx_word' id='word_1_138' title='bbox 1176 1595 1230 1657; x_wconf 83' lang='lat'>38:</span> <span class='ocrx_word' id='word_1_139' title='bbox 1266 1591 1359 1653; x_wconf 88' lang='lat' dir='ltr'>Satin’</span> 
     </span>
     <span class='ocr_line' id='line_1_14' title="bbox 203 1684 1361 1770; baseline -0.005 -15"><span class='ocrx_word' id='word_1_140' title='bbox 203 1696 285 1755; x_wconf 81' lang='lat' dir='ltr'>audis</span> <span class='ocrx_word' id='word_1_141' title='bbox 309 1710 388 1769; x_wconf 88' lang='lat' dir='ltr'>quae</span> <span class='ocrx_word' id='word_1_142' title='bbox 412 1694 474 1752; x_wconf 90' lang='lat' dir='ltr'>illic</span> <span class='ocrx_word' id='word_1_143' title='bbox 496 1692 649 1767; x_wconf 86' lang='lat' dir='ltr'>loquitur?</span> <span class='ocrx_word' id='word_1_144' title='bbox 693 1690 758 1754; x_wconf 89' lang='lat' dir='ltr'>Mil.</span> <span class='ocrx_word' id='word_1_145' title='bbox 782 1690 838 1770; x_wconf 88' lang='lat' dir='ltr'>IV,</span> <span class='ocrx_word' id='word_1_146' title='bbox 862 1696 891 1770; x_wconf 90' lang='lat'>6,</span> <span class='ocrx_word' id='word_1_147' title='bbox 915 1698 948 1757; x_wconf 84' lang='lat'>7:</span> <span class='ocrx_word' id='word_1_148' title='bbox 981 1698 1080 1756; x_wconf 89' lang='lat' dir='ltr'>Audin</span> <span class='ocrx_word' id='word_1_149' title='bbox 1110 1711 1184 1769; x_wconf 88' lang='lat' dir='ltr'>quac</span> <span class='ocrx_word' id='word_1_150' title='bbox 1208 1684 1361 1767; x_wconf 79' lang='lat' dir='ltr'>loquitur?</span> 
     </span>
     <span class='ocr_line' id='line_1_15' title="bbox 202 1789 1359 1870; baseline -0.003 -15"><span class='ocrx_word' id='word_1_151' title='bbox 202 1791 282 1856; x_wconf 82' lang='lat' dir='ltr'>bien.</span> <span class='ocrx_word' id='word_1_152' title='bbox 298 1789 356 1867; x_wconf 89' lang='lat' dir='ltr'>IV,</span> <span class='ocrx_word' id='word_1_153' title='bbox 374 1794 403 1867; x_wconf 88' lang='grc'>2,</span> <span class='ocrx_word' id='word_1_154' title='bbox 419 1793 473 1852; x_wconf 79' lang='lat'>72:</span> <span class='ocrx_word' id='word_1_155' title='bbox 497 1809 555 1849; x_wconf 92' lang='lat' dir='ltr'>non</span> <span class='ocrx_word' id='word_1_156' title='bbox 578 1791 649 1849; x_wconf 90' lang='lat' dir='ltr'>mihi</span> <span class='ocrx_word' id='word_1_157' title='bbox 672 1793 815 1851; x_wconf 81' lang='lat' dir='ltr'>censebas</span> <span class='ocrx_word' id='word_1_158' title='bbox 839 1809 914 1865; x_wconf 91' lang='lat' dir='ltr'>esse,</span> <span class='ocrx_word' id='word_1_159' title='bbox 938 1796 989 1865; x_wconf 80' lang='lat' dir='ltr'>qui</span> <span class='ocrx_word' id='word_1_160' title='bbox 1011 1790 1110 1870; x_wconf 90' lang='lat' dir='ltr'>(Abl.)</span> <span class='ocrx_word' id='word_1_161' title='bbox 1134 1799 1164 1852; x_wconf 91' lang='lat' dir='ltr'>te</span> <span class='ocrx_word' id='word_1_162' title='bbox 1187 1792 1359 1851; x_wconf 87' lang='lat' dir='ltr'>ulciscerer.</span> 
     </span>
     <span class='ocr_line' id='line_1_16' title="bbox 204 1887 1359 1968; baseline -0.005 -16"><span class='ocrx_word' id='word_1_163' title='bbox 204 1887 265 1952; x_wconf 85' lang='lat' dir='ltr'>llil.</span> <span class='ocrx_word' id='word_1_164' title='bbox 292 1887 335 1961; x_wconf 92' lang='lat' dir='ltr'>II,</span> <span class='ocrx_word' id='word_1_165' title='bbox 360 1893 390 1964; x_wconf 90' lang='grc'>2,</span> <span class='ocrx_word' id='word_1_166' title='bbox 415 1892 471 1951; x_wconf 78' lang='lat'>79:</span> <span class='ocrx_word' id='word_1_167' title='bbox 502 1892 543 1947; x_wconf 82' lang='lat' dir='ltr'>At</span> <span class='ocrx_word' id='word_1_168' title='bbox 564 1896 597 1947; x_wconf 93' lang='lat' dir='ltr'>tu</span> <span class='ocrx_word' id='word_1_169' title='bbox 619 1890 740 1966; x_wconf 81' lang='lat' dir='ltr'>inperti,</span> <span class='ocrx_word' id='word_1_170' title='bbox 764 1892 875 1962; x_wconf 91' lang='lat' dir='ltr'>amice,</span> <span class='ocrx_word' id='word_1_171' title='bbox 899 1908 944 1950; x_wconf 89' lang='lat' dir='ltr'>me</span> <span class='ocrx_word' id='word_1_172' title='bbox 969 1892 1024 1964; x_wconf 88' lang='lat' dir='ltr'>(sc.</span> <span class='ocrx_word' id='word_1_173' title='bbox 1047 1888 1098 1968; x_wconf 91' lang='lat' dir='ltr'>eo)</span> <span class='ocrx_word' id='word_1_174' title='bbox 1122 1890 1200 1965; x_wconf 88' lang='lat' dir='ltr'>quod</span> <span class='ocrx_word' id='word_1_175' title='bbox 1221 1905 1359 1948; x_wconf 88' lang='lat' dir='ltr'>conmen-</span> 
     </span>
     <span class='ocr_line' id='line_1_17' title="bbox 204 1984 1361 2065; baseline -0.002 -16"><span class='ocrx_word' id='word_1_176' title='bbox 204 1988 266 2049; x_wconf 88' lang='lat' dir='ltr'>tn&#39;s.</span> <span class='ocrx_word' id='word_1_177' title='bbox 312 1984 411 2049; x_wconf 89' lang='lat' dir='ltr'>Poen.</span> <span class='ocrx_word' id='word_1_178' title='bbox 435 1984 489 2058; x_wconf 92' lang='lat' dir='ltr'>IV,</span> <span class='ocrx_word' id='word_1_179' title='bbox 515 1989 544 2062; x_wconf 92' lang='grc'>2,</span> <span class='ocrx_word' id='word_1_180' title='bbox 569 1987 623 2047; x_wconf 83' lang='lat'>62:</span> <span class='ocrx_word' id='word_1_181' title='bbox 658 1988 728 2061; x_wconf 88' lang='lat' dir='ltr'>quid</span> <span class='ocrx_word' id='word_1_182' title='bbox 756 1988 909 2061; x_wconf 91' lang='lat' dir='ltr'>estquod</span> <span class='ocrx_word' id='word_1_183' title='bbox 937 1987 1075 2050; x_wconf 83' lang='lat' dir='ltr'>metuas?</span> <span class='ocrx_word' id='word_1_184' title='bbox 1118 1984 1232 2050; x_wconf 83' lang='lat' dir='ltr'>Pseud.</span> <span class='ocrx_word' id='word_1_185' title='bbox 1256 1984 1299 2065; x_wconf 87' lang='lat'>11,</span> <span class='ocrx_word' id='word_1_186' title='bbox 1331 1988 1361 2063; x_wconf 88' lang='grc'>2,</span> 
     </span>
     <span class='ocr_line' id='line_1_18' title="bbox 204 2083 1359 2162; baseline -0.004 -14"><span class='ocrx_word' id='word_1_187' title='bbox 204 2090 253 2148; x_wconf 81' lang='lat' dir='ltr'>lt:</span> <span class='ocrx_word' id='word_1_188' title='bbox 288 2088 331 2148; x_wconf 89' lang='lat' dir='ltr'>Ut</span> <span class='ocrx_word' id='word_1_189' title='bbox 353 2087 384 2144; x_wconf 90' lang='lat' dir='ltr'>id</span> <span class='ocrx_word' id='word_1_190' title='bbox 407 2102 491 2159; x_wconf 86' lang='lat' dir='ltr'>agam</span> <span class='ocrx_word' id='word_1_191' title='bbox 515 2086 591 2158; x_wconf 88' lang='lat' dir='ltr'>quod</span> <span class='ocrx_word' id='word_1_192' title='bbox 615 2087 720 2145; x_wconf 88' lang='lat' dir='ltr'>missus</span> <span class='ocrx_word' id='word_1_193' title='bbox 745 2085 802 2143; x_wconf 88' lang='lat' dir='ltr'>buc</span> <span class='ocrx_word' id='word_1_194' title='bbox 825 2103 889 2144; x_wconf 91' lang='lat' dir='ltr'>snm</span> <span class='ocrx_word' id='word_1_195' title='bbox 911 2086 974 2144; x_wconf 74' lang='grc'>-2</span> <span class='ocrx_word' id='word_1_196' title='bbox 1017 2083 1168 2159; x_wconf 77' lang='lat' dir='ltr'>anniv,</span> <span class='ocrx_word' id='word_1_197' title='bbox 1192 2087 1222 2162; x_wconf 90' lang='grc'>8,</span> <span class='ocrx_word' id='word_1_198' title='bbox 1248 2088 1279 2145; x_wconf 91' lang='lat'>1:</span> <span class='ocrx_word' id='word_1_199' title='bbox 1312 2085 1359 2143; x_wconf 92' lang='lat' dir='ltr'>Pi-</span> 
     </span>
     <span class='ocr_line' id='line_1_19' title="bbox 206 2178 1360 2261; baseline -0.002 -18"><span class='ocrx_word' id='word_1_200' title='bbox 206 2188 242 2243; x_wconf 86' lang='lat' dir='ltr'>cis</span> <span class='ocrx_word' id='word_1_201' title='bbox 259 2184 384 2259; x_wconf 83' lang='lat' dir='ltr'>divitiis,</span> <span class='ocrx_word' id='word_1_202' title='bbox 407 2184 457 2257; x_wconf 91' lang='lat' dir='ltr'>qui</span> <span class='ocrx_word' id='word_1_203' title='bbox 473 2201 579 2243; x_wconf 86' lang='lat' dir='ltr'>aureos</span> <span class='ocrx_word' id='word_1_204' title='bbox 596 2185 705 2255; x_wconf 89' lang='lat' dir='ltr'>colunt,</span> <span class='ocrx_word' id='word_1_205' title='bbox 722 2184 787 2257; x_wconf 86' lang='lat' dir='ltr'>Ego</span> <span class='ocrx_word' id='word_1_206' title='bbox 804 2187 884 2245; x_wconf 90' lang='lat' dir='ltr'>solus</span> <span class='ocrx_word' id='word_1_207' title='bbox 901 2202 1008 2259; x_wconf 86' lang='lat' dir='ltr'>supero</span> <span class='ocrx_word' id='word_1_208' title='bbox 1024 2182 1081 2252; x_wconf 88' lang='lat' dir='ltr'>(sic</span> <span class='ocrx_word' id='word_1_209' title='bbox 1093 2179 1186 2245; x_wconf 89' lang='lat' dir='ltr'>Both.</span> <span class='ocrx_word' id='word_1_210' title='bbox 1203 2186 1236 2245; x_wconf 85' lang='lat' dir='ltr'>ei</span> <span class='ocrx_word' id='word_1_211' title='bbox 1248 2178 1360 2261; x_wconf 75' lang='lat' dir='ltr'>Guell,</span> 
     </span>
     <span class='ocr_line' id='line_1_20' title="bbox 208 2278 1360 2359; baseline -0.002 -18"><span class='ocrx_word' id='word_1_212' title='bbox 208 2284 239 2343; x_wconf 87' lang='lat' dir='ltr'>ut</span> <span class='ocrx_word' id='word_1_213' title='bbox 259 2281 343 2340; x_wconf 80' lang='lat' dir='ltr'>Picis</span> <span class='ocrx_word' id='word_1_214' title='bbox 365 2278 409 2342; x_wconf 86' lang='lat' dir='ltr'>sit</span> <span class='ocrx_word' id='word_1_215' title='bbox 428 2297 493 2342; x_wconf 90' lang='lat' dir='ltr'>acc.</span> <span class='ocrx_word' id='word_1_216' title='bbox 518 2278 653 2341; x_wconf 86' lang='lat' dir='ltr'>nominis</span> <span class='ocrx_word' id='word_1_217' title='bbox 675 2280 759 2353; x_wconf 71' lang='lat' dir='ltr'>Pu).</span> <span class='ocrx_word' id='word_1_218' title='bbox 806 2279 876 2344; x_wconf 93' lang='lat' dir='ltr'>Aul.</span> <span class='ocrx_word' id='word_1_219' title='bbox 900 2279 956 2357; x_wconf 88' lang='lat' dir='ltr'>lv,</span> <span class='ocrx_word' id='word_1_220' title='bbox 978 2285 1005 2359; x_wconf 93' lang='lat' dir='ltr'>l,</span> <span class='ocrx_word' id='word_1_221' title='bbox 1030 2285 1063 2344; x_wconf 86' lang='lat'>9:</span> <span class='ocrx_word' id='word_1_222' title='bbox 1088 2282 1181 2354; x_wconf 84' lang='lat' dir='ltr'>Quasi</span> <span class='ocrx_word' id='word_1_223' title='bbox 1202 2298 1286 2355; x_wconf 89' lang='lat' dir='ltr'>puer,</span> <span class='ocrx_word' id='word_1_224' title='bbox 1310 2281 1360 2355; x_wconf 93' lang='lat' dir='ltr'>qui</span> 
     </span>
     <span class='ocr_line' id='line_1_21' title="bbox 207 2377 1360 2457; baseline -0.002 -17"><span class='ocrx_word' id='word_1_225' title='bbox 207 2397 273 2440; x_wconf 86' lang='lat' dir='ltr'>nare</span> <span class='ocrx_word' id='word_1_226' title='bbox 299 2380 404 2451; x_wconf 83' lang='lat' dir='ltr'>discit,</span> <span class='ocrx_word' id='word_1_227' title='bbox 428 2379 547 2452; x_wconf 87' lang='lat' dir='ltr'>scirpea</span> <span class='ocrx_word' id='word_1_228' title='bbox 569 2380 702 2437; x_wconf 88' lang='lat' dir='ltr'>induitur</span> <span class='ocrx_word' id='word_1_229' title='bbox 725 2382 793 2441; x_wconf 88' lang='lat' dir='ltr'>rati.</span> <span class='ocrx_word' id='word_1_230' title='bbox 838 2377 924 2446; x_wconf 84' lang='lat' dir='ltr'>Asin.</span> <span class='ocrx_word' id='word_1_231' title='bbox 948 2377 972 2455; x_wconf 91' lang='lat' dir='ltr'>I,</span> <span class='ocrx_word' id='word_1_232' title='bbox 997 2383 1026 2457; x_wconf 88' lang='grc'>3,</span> <span class='ocrx_word' id='word_1_233' title='bbox 1048 2382 1104 2441; x_wconf 83' lang='grc'>65;</span> <span class='ocrx_word' id='word_1_234' title='bbox 1133 2379 1295 2439; x_wconf 88' lang='lat' dir='ltr'>Necessest</span> <span class='ocrx_word' id='word_1_235' title='bbox 1316 2378 1360 2438; x_wconf 88' lang='lat' dir='ltr'>ia-</span> 
     </span>
     <span class='ocr_line' id='line_1_22' title="bbox 209 2474 1360 2555; baseline 0.001 -20"><span class='ocrx_word' id='word_1_236' title='bbox 209 2495 272 2538; x_wconf 88' lang='lat' dir='ltr'>cere</span> <span class='ocrx_word' id='word_1_237' title='bbox 298 2487 447 2551; x_wconf 88' lang='lat' dir='ltr'>sumptum</span> <span class='ocrx_word' id='word_1_238' title='bbox 470 2478 520 2552; x_wconf 91' lang='lat' dir='ltr'>qni</span> <span class='ocrx_word' id='word_1_239' title='bbox 542 2479 660 2551; x_wconf 79' lang='lat' dir='ltr'>quaerit</span> <span class='ocrx_word' id='word_1_240' title='bbox 682 2479 807 2539; x_wconf 87' lang='lat' dir='ltr'>lucrum.</span> <span class='ocrx_word' id='word_1_241' title='bbox 852 2474 948 2541; x_wconf 83' lang='lat' dir='ltr'>Stich.</span> <span class='ocrx_word' id='word_1_242' title='bbox 972 2475 1015 2555; x_wconf 88' lang='grc' dir='ltr'>Η,</span> <span class='ocrx_word' id='word_1_243' title='bbox 1039 2479 1068 2555; x_wconf 97' lang='grc'>2,</span> <span class='ocrx_word' id='word_1_244' title='bbox 1093 2479 1147 2540; x_wconf 82' lang='lat'>38:</span> <span class='ocrx_word' id='word_1_245' title='bbox 1182 2477 1241 2536; x_wconf 85' lang='lat' dir='ltr'>Res</span> <span class='ocrx_word' id='word_1_246' title='bbox 1265 2477 1360 2536; x_wconf 88' lang='lat' dir='ltr'>omnis</span> 
     </span>
     <span class='ocr_line' id='line_1_23' title="bbox 209 2574 1361 2654; baseline 0.001 -20"><span class='ocrx_word' id='word_1_247' title='bbox 209 2577 327 2636; x_wconf 87' lang='lat' dir='ltr'>relictas</span> <span class='ocrx_word' id='word_1_248' title='bbox 350 2576 446 2634; x_wconf 89' lang='lat' dir='ltr'>babeo</span> <span class='ocrx_word' id='word_1_249' title='bbox 468 2593 540 2648; x_wconf 88' lang='lat' dir='ltr'>prae</span> <span class='ocrx_word' id='word_1_250' title='bbox 565 2577 643 2650; x_wconf 90' lang='lat' dir='ltr'>quod</span> <span class='ocrx_word' id='word_1_251' title='bbox 665 2582 697 2635; x_wconf 94' lang='lat' dir='ltr'>tu</span> <span class='ocrx_word' id='word_1_252' title='bbox 720 2580 802 2638; x_wconf 84' lang='lat' dir='ltr'>velis.</span> <span class='ocrx_word' id='word_1_253' title='bbox 832 2574 904 2639; x_wconf 89' lang='lat' dir='ltr'>Aul.</span> <span class='ocrx_word' id='word_1_254' title='bbox 927 2574 986 2654; x_wconf 92' lang='grc' dir='ltr'>ΙΙΙ,</span> <span class='ocrx_word' id='word_1_255' title='bbox 1010 2578 1039 2652; x_wconf 90' lang='grc'>2,</span> <span class='ocrx_word' id='word_1_256' title='bbox 1063 2578 1117 2638; x_wconf 82' lang='lat'>21:</span> <span class='ocrx_word' id='word_1_257' title='bbox 1141 2575 1211 2650; x_wconf 89' lang='lat' dir='ltr'>quid</span> <span class='ocrx_word' id='word_1_258' title='bbox 1234 2581 1280 2634; x_wconf 88' lang='lat' dir='ltr'>est</span> <span class='ocrx_word' id='word_1_259' title='bbox 1303 2591 1361 2650; x_wconf 90' lang='lat' dir='ltr'>qna</span> 
     </span>
     <span class='ocr_line' id='line_1_24' title="bbox 209 2669 1356 2751; baseline 0.001 -19"><span class='ocrx_word' id='word_1_260' title='bbox 209 2675 344 2748; x_wconf 80' lang='lat' dir='ltr'>prohibes</span> <span class='ocrx_word' id='word_1_261' title='bbox 369 2691 446 2731; x_wconf 92' lang='lat' dir='ltr'>nnnc</span> <span class='ocrx_word' id='word_1_262' title='bbox 469 2675 640 2747; x_wconf 89' lang='lat' dir='ltr'>gratianos</span> <span class='ocrx_word' id='word_1_263' title='bbox 664 2692 792 2750; x_wconf 81' lang='lat' dir='ltr'>coquere</span> <span class='ocrx_word' id='word_1_264' title='bbox 815 2677 863 2735; x_wconf 92' lang='lat' dir='ltr'>hic</span> <span class='ocrx_word' id='word_1_265' title='bbox 886 2674 1029 2734; x_wconf 86' lang='lat' dir='ltr'>coenam?</span> <span class='ocrx_word' id='word_1_266' title='bbox 1074 2670 1165 2751; x_wconf 85' lang='lat' dir='ltr'>Capt.</span> <span class='ocrx_word' id='word_1_267' title='bbox 1181 2669 1224 2751; x_wconf 89' lang='grc' dir='ltr'>Π,</span> <span class='ocrx_word' id='word_1_268' title='bbox 1248 2675 1277 2748; x_wconf 89' lang='grc'>2,</span> <span class='ocrx_word' id='word_1_269' title='bbox 1300 2673 1356 2734; x_wconf 84' lang='lat'>63:</span> 
     </span>
     <span class='ocr_line' id='line_1_25' title="bbox 209 2767 1357 2848; baseline 0.002 -18"><span class='ocrx_word' id='word_1_270' title='bbox 209 2772 260 2831; x_wconf 81' lang='lat' dir='ltr'>Est</span> <span class='ocrx_word' id='word_1_271' title='bbox 281 2770 420 2846; x_wconf 88' lang='lat' dir='ltr'>proiecto</span> <span class='ocrx_word' id='word_1_272' title='bbox 443 2771 525 2843; x_wconf 91' lang='lat' dir='ltr'>deus,</span> <span class='ocrx_word' id='word_1_273' title='bbox 550 2775 600 2847; x_wconf 90' lang='lat' dir='ltr'>qni</span> <span class='ocrx_word' id='word_1_274' title='bbox 624 2790 699 2846; x_wconf 83' lang='lat' dir='ltr'>qnae</span> <span class='ocrx_word' id='word_1_275' title='bbox 723 2792 776 2833; x_wconf 91' lang='lat' dir='ltr'>nos</span> <span class='ocrx_word' id='word_1_276' title='bbox 793 2776 922 2848; x_wconf 79' lang='lat' dir='ltr'>gerimus</span> <span class='ocrx_word' id='word_1_277' title='bbox 938 2772 1078 2848; x_wconf 83' lang='lat' dir='ltr'>auditque</span> <span class='ocrx_word' id='word_1_278' title='bbox 1095 2780 1126 2833; x_wconf 89' lang='lat' dir='ltr'>et</span> <span class='ocrx_word' id='word_1_279' title='bbox 1142 2772 1231 2831; x_wconf 81' lang='lat' dir='ltr'>videt.</span> <span class='ocrx_word' id='word_1_280' title='bbox 1263 2767 1357 2832; x_wconf 83' lang='lat' dir='ltr'>Truc.</span> 
     </span>
     <span class='ocr_line' id='line_1_26' title="bbox 210 2864 1358 2949; baseline -0.003 -18"><span class='ocrx_word' id='word_1_281' title='bbox 210 2864 242 2947; x_wconf 84' lang='lat' dir='ltr'>l,</span> <span class='ocrx_word' id='word_1_282' title='bbox 263 2886 291 2930; x_wconf 90' lang='lat' dir='ltr'>v.</span> <span class='ocrx_word' id='word_1_283' title='bbox 318 2871 374 2930; x_wconf 80' lang='lat'>02:</span> <span class='ocrx_word' id='word_1_284' title='bbox 410 2870 505 2941; x_wconf 86' lang='lat' dir='ltr'>Ubist,</span> <span class='ocrx_word' id='word_1_285' title='bbox 530 2870 607 2943; x_wconf 90' lang='lat' dir='ltr'>quod</span> <span class='ocrx_word' id='word_1_286' title='bbox 630 2877 662 2928; x_wconf 92' lang='lat' dir='ltr'>tn</span> <span class='ocrx_word' id='word_1_287' title='bbox 686 2870 761 2930; x_wconf 86' lang='lat' dir='ltr'>das?</span> <span class='ocrx_word' id='word_1_288' title='bbox 805 2869 919 2949; x_wconf 87' lang='lat' dir='ltr'>Amph.</span> <span class='ocrx_word' id='word_1_289' title='bbox 943 2867 969 2945; x_wconf 90' lang='lat' dir='ltr'>I,</span> <span class='ocrx_word' id='word_1_290' title='bbox 994 2875 1022 2947; x_wconf 86' lang='lat'>3,</span> <span class='ocrx_word' id='word_1_291' title='bbox 1045 2875 1099 2934; x_wconf 83' lang='lat'>39:</span> <span class='ocrx_word' id='word_1_292' title='bbox 1134 2872 1261 2930; x_wconf 84' lang='lat' dir='ltr'>Ecastor</span> <span class='ocrx_word' id='word_1_293' title='bbox 1288 2886 1358 2929; x_wconf 90' lang='lat' dir='ltr'>con-</span> 
     </span>
     <span class='ocr_line' id='line_1_27' title="bbox 208 2965 1359 3044; baseline 0.002 -18"><span class='ocrx_word' id='word_1_294' title='bbox 208 2967 323 3042; x_wconf 89' lang='lat' dir='ltr'>dignum</span> <span class='ocrx_word' id='word_1_295' title='bbox 347 2968 469 3038; x_wconf 90' lang='lat' dir='ltr'>donum,</span> <span class='ocrx_word' id='word_1_296' title='bbox 504 2970 614 3042; x_wconf 87' lang='lat' dir='ltr'>qualist</span> <span class='ocrx_word' id='word_1_297' title='bbox 644 2970 693 3043; x_wconf 90' lang='lat' dir='ltr'>qni</span> <span class='ocrx_word' id='word_1_298' title='bbox 722 2969 829 3028; x_wconf 90' lang='lat' dir='ltr'>donum</span> <span class='ocrx_word' id='word_1_299' title='bbox 858 2969 947 3031; x_wconf 89' lang='lat' dir='ltr'>dedit.</span> <span class='ocrx_word' id='word_1_300' title='bbox 993 2966 1119 3031; x_wconf 84' lang='lat' dir='ltr'>Terent.</span> <span class='ocrx_word' id='word_1_301' title='bbox 1151 2965 1231 3030; x_wconf 88' lang='lat' dir='ltr'>Eun.</span> <span class='ocrx_word' id='word_1_302' title='bbox 1260 2965 1301 3043; x_wconf 88' lang='lat' dir='ltr'>H,</span> <span class='ocrx_word' id='word_1_303' title='bbox 1330 2969 1359 3044; x_wconf 81' lang='lat'>2,</span> 
     </span>
     <span class='ocr_line' id='line_1_28' title="bbox 211 3052 1357 3142; baseline 0 -18"><span class='ocrx_word' id='word_1_304' title='bbox 211 3067 259 3126; x_wconf 82' lang='lat' dir='ltr'>ll:</span> <span class='ocrx_word' id='word_1_305' title='bbox 283 3073 331 3125; x_wconf 90' lang='lat' dir='ltr'>est</span> <span class='ocrx_word' id='word_1_306' title='bbox 346 3083 438 3140; x_wconf 88' lang='lat' dir='ltr'>genus</span> <span class='ocrx_word' id='word_1_307' title='bbox 453 3065 612 3141; x_wconf 86' lang='lat' dir='ltr'>hominnm,</span> <span class='ocrx_word' id='word_1_308' title='bbox 636 3069 687 3139; x_wconf 78' lang='lat' dir='ltr'>qut</span> <span class='ocrx_word' id='word_1_309' title='bbox 706 3084 772 3126; x_wconf 90' lang='lat' dir='ltr'>esse</span> <span class='ocrx_word' id='word_1_310' title='bbox 792 3071 905 3142; x_wconf 88' lang='lat' dir='ltr'>primos</span> <span class='ocrx_word' id='word_1_311' title='bbox 928 3085 960 3128; x_wconf 89' lang='lat' dir='ltr'>se</span> <span class='ocrx_word' id='word_1_312' title='bbox 982 3052 1109 3126; x_wconf 86' lang='lat' dir='ltr'>omnium</span> <span class='ocrx_word' id='word_1_313' title='bbox 1132 3085 1229 3126; x_wconf 90' lang='lat' dir='ltr'>rernm</span> <span class='ocrx_word' id='word_1_314' title='bbox 1245 3066 1357 3126; x_wconf 79' lang='lat' dir='ltr'>volunt.</span> 
     </span>
     <span class='ocr_line' id='line_1_29' title="bbox 208 3158 1359 3241; baseline 0.001 -18"><span class='ocrx_word' id='word_1_315' title='bbox 208 3158 284 3225; x_wconf 82' lang='lat' dir='ltr'>Eun</span> <span class='ocrx_word' id='word_1_316' title='bbox 307 3160 334 3241; x_wconf 90' lang='lat' dir='ltr'>l,</span> <span class='ocrx_word' id='word_1_317' title='bbox 358 3167 387 3240; x_wconf 89' lang='grc'>2,</span> <span class='ocrx_word' id='word_1_318' title='bbox 412 3166 465 3225; x_wconf 87' lang='grc'>39;</span> <span class='ocrx_word' id='word_1_319' title='bbox 490 3167 638 3237; x_wconf 87' lang='lat' dir='ltr'>camille,</span> <span class='ocrx_word' id='word_1_320' title='bbox 662 3183 787 3239; x_wconf 91' lang='lat' dir='ltr'>quocum</span> <span class='ocrx_word' id='word_1_321' title='bbox 810 3174 871 3223; x_wconf 90' lang='lat' dir='ltr'>tnm</span> <span class='ocrx_word' id='word_1_322' title='bbox 894 3183 952 3224; x_wconf 92' lang='lat' dir='ltr'>nno</span> <span class='ocrx_word' id='word_1_323' title='bbox 974 3182 1037 3223; x_wconf 92' lang='lat' dir='ltr'>rem</span> <span class='ocrx_word' id='word_1_324' title='bbox 1060 3165 1213 3223; x_wconf 88' lang='lat' dir='ltr'>habebam.</span> <span class='ocrx_word' id='word_1_325' title='bbox 1241 3161 1359 3225; x_wconf 89' lang='lat' dir='ltr'>Heaut.</span> 
     </span>
     <span class='ocr_line' id='line_1_30' title="bbox 209 3255 1360 3338; baseline -0.002 -18"><span class='ocrx_word' id='word_1_326' title='bbox 209 3255 241 3337; x_wconf 87' lang='lat' dir='ltr'>V,</span> <span class='ocrx_word' id='word_1_327' title='bbox 266 3264 293 3338; x_wconf 91' lang='lat' dir='ltr'>l,</span> <span class='ocrx_word' id='word_1_328' title='bbox 317 3264 373 3322; x_wconf 82' lang='lat'>40:</span> <span class='ocrx_word' id='word_1_329' title='bbox 398 3280 610 3336; x_wconf 85' lang='lat' dir='ltr'>quemquamne</span> <span class='ocrx_word' id='word_1_330' title='bbox 634 3268 693 3322; x_wconf 87' lang='lat' dir='ltr'>tam</span> <span class='ocrx_word' id='word_1_331' title='bbox 716 3265 793 3321; x_wconf 92' lang='lat' dir='ltr'>comi</span> <span class='ocrx_word' id='word_1_332' title='bbox 816 3263 913 3321; x_wconf 76' lang='lat' dir='ltr'>altimo</span> <span class='ocrx_word' id='word_1_333' title='bbox 937 3280 1003 3323; x_wconf 90' lang='lat' dir='ltr'>esse</span> <span class='ocrx_word' id='word_1_334' title='bbox 1027 3270 1078 3322; x_wconf 87' lang='lat' dir='ltr'>aut</span> <span class='ocrx_word' id='word_1_335' title='bbox 1100 3262 1161 3320; x_wconf 91' lang='lat' dir='ltr'>leui</span> <span class='ocrx_word' id='word_1_336' title='bbox 1181 3267 1277 3335; x_wconf 88' lang='lat' dir='ltr'>putas,</span> <span class='ocrx_word' id='word_1_337' title='bbox 1302 3260 1360 3333; x_wconf 81' lang='lat' dir='ltr'>Qui</span> 
     </span>
     <span class='ocr_line' id='line_1_31' title="bbox 205 3357 1359 3436; baseline -0.001 -19"><span class='ocrx_word' id='word_1_338' title='bbox 205 3377 235 3418; x_wconf 87' lang='lat' dir='ltr'>se</span> <span class='ocrx_word' id='word_1_339' title='bbox 259 3361 379 3418; x_wconf 82' lang='lat' dir='ltr'>ridente</span> <span class='ocrx_word' id='word_1_340' title='bbox 403 3362 526 3418; x_wconf 90' lang='lat' dir='ltr'>amicam</span> <span class='ocrx_word' id='word_1_341' title='bbox 550 3363 684 3434; x_wconf 88' lang='lat' dir='ltr'>patiatur</span> <span class='ocrx_word' id='word_1_342' title='bbox 707 3360 810 3420; x_wconf 80' lang='lat' dir='ltr'>sunm?</span> <span class='ocrx_word' id='word_1_343' title='bbox 855 3357 951 3420; x_wconf 86' lang='lat' dir='ltr'>Andr.</span> <span class='ocrx_word' id='word_1_344' title='bbox 976 3357 1000 3436; x_wconf 94' lang='lat' dir='ltr'>I,</span> <span class='ocrx_word' id='word_1_345' title='bbox 1027 3362 1053 3435; x_wconf 89' lang='lat' dir='ltr'>l,</span> <span class='ocrx_word' id='word_1_346' title='bbox 1079 3361 1155 3420; x_wconf 89' lang='lat'>113:</span> <span class='ocrx_word' id='word_1_347' title='bbox 1187 3359 1268 3430; x_wconf 83' lang='lat' dir='ltr'>Quae</span> <span class='ocrx_word' id='word_1_348' title='bbox 1292 3373 1359 3417; x_wconf 85' lang='lat' dir='ltr'>sese</span> 
     </span>
     <span class='ocr_line' id='line_1_32' title="bbox 204 3453 1359 3534; baseline 0 -19"><span class='ocrx_word' id='word_1_349' title='bbox 204 3459 232 3515; x_wconf 89' lang='lat' dir='ltr'>in</span> <span class='ocrx_word' id='word_1_350' title='bbox 261 3462 362 3534; x_wconf 87' lang='lat' dir='ltr'>ignem</span> <span class='ocrx_word' id='word_1_351' title='bbox 391 3459 505 3516; x_wconf 88' lang='lat' dir='ltr'>inicere</span> <span class='ocrx_word' id='word_1_352' title='bbox 529 3460 639 3530; x_wconf 81' lang='lat' dir='ltr'>voluit,</span> <span class='ocrx_word' id='word_1_353' title='bbox 674 3460 822 3533; x_wconf 90' lang='lat' dir='ltr'>prohibui.</span> <span class='ocrx_word' id='word_1_354' title='bbox 869 3455 964 3519; x_wconf 84' lang='lat' dir='ltr'>Andr.</span> <span class='ocrx_word' id='word_1_355' title='bbox 988 3453 1013 3534; x_wconf 88' lang='grc' dir='ltr'>Ι,</span> <span class='ocrx_word' id='word_1_356' title='bbox 1042 3461 1070 3532; x_wconf 89' lang='lat'>5,</span> <span class='ocrx_word' id='word_1_357' title='bbox 1099 3459 1153 3519; x_wconf 87' lang='lat'>38:</span> <span class='ocrx_word' id='word_1_358' title='bbox 1190 3473 1276 3530; x_wconf 90' lang='lat' dir='ltr'>qnam</span> <span class='ocrx_word' id='word_1_359' title='bbox 1304 3472 1359 3531; x_wconf 89' lang='lat' dir='ltr'>ego</span> 
     </span>
     <span class='ocr_line' id='line_1_33' title="bbox 207 3553 1359 3632; baseline -0.001 -18"><span class='ocrx_word' id='word_1_360' title='bbox 207 3558 304 3615; x_wconf 87' lang='lat' dir='ltr'>animo</span> <span class='ocrx_word' id='word_1_361' title='bbox 329 3558 447 3632; x_wconf 80' lang='lat' dir='ltr'>egregie</span> <span class='ocrx_word' id='word_1_362' title='bbox 472 3573 571 3615; x_wconf 89' lang='lat' dir='ltr'>caram</span> <span class='ocrx_word' id='word_1_363' title='bbox 594 3574 649 3631; x_wconf 94' lang='lat' dir='ltr'>pro</span> <span class='ocrx_word' id='word_1_364' title='bbox 672 3574 763 3615; x_wconf 84' lang='lat' dir='ltr'>uxore</span> <span class='ocrx_word' id='word_1_365' title='bbox 787 3557 948 3615; x_wconf 90' lang='lat' dir='ltr'>habuerim.</span> <span class='ocrx_word' id='word_1_366' title='bbox 993 3553 1118 3617; x_wconf 87' lang='lat' dir='ltr'>Phcrm.</span> <span class='ocrx_word' id='word_1_367' title='bbox 1142 3553 1167 3631; x_wconf 92' lang='lat' dir='ltr'>I,</span> <span class='ocrx_word' id='word_1_368' title='bbox 1191 3558 1220 3629; x_wconf 88' lang='grc'>3,</span> <span class='ocrx_word' id='word_1_369' title='bbox 1247 3561 1276 3616; x_wconf 87' lang='lat' dir='ltr'>l:</span> <span class='ocrx_word' id='word_1_370' title='bbox 1308 3556 1359 3630; x_wconf 91' lang='lat' dir='ltr'>qui</span> 
     </span>
     <span class='ocr_line' id='line_1_34' title="bbox 203 3651 1360 3729; baseline 0 -17"><span class='ocrx_word' id='word_1_371' title='bbox 203 3655 275 3713; x_wconf 90' lang='lat' dir='ltr'>mihi</span> <span class='ocrx_word' id='word_1_372' title='bbox 299 3657 465 3714; x_wconf 85' lang='lat' dir='ltr'>consultum</span> <span class='ocrx_word' id='word_1_373' title='bbox 489 3663 608 3728; x_wconf 85' lang='lat' dir='ltr'>optume</span> <span class='ocrx_word' id='word_1_374' title='bbox 631 3656 704 3713; x_wconf 84' lang='lat' dir='ltr'>velit</span> <span class='ocrx_word' id='word_1_375' title='bbox 727 3673 802 3716; x_wconf 90' lang='lat' dir='ltr'>esse.</span> <span class='ocrx_word' id='word_1_376' title='bbox 848 3652 906 3716; x_wconf 87' lang='lat' dir='ltr'>Ad.</span> <span class='ocrx_word' id='word_1_377' title='bbox 922 3651 963 3727; x_wconf 90' lang='grc' dir='ltr'>ΙΙ,</span> <span class='ocrx_word' id='word_1_378' title='bbox 987 3659 1014 3729; x_wconf 88' lang='grc'>1,</span> <span class='ocrx_word' id='word_1_379' title='bbox 1035 3658 1089 3716; x_wconf 82' lang='lat'>43:</span> <span class='ocrx_word' id='word_1_380' title='bbox 1114 3655 1243 3713; x_wconf 90' lang='lat' dir='ltr'>Minume</span> <span class='ocrx_word' id='word_1_381' title='bbox 1268 3655 1360 3712; x_wconf 91' lang='lat' dir='ltr'>miror</span> 
     </span>
     <span class='ocr_line' id='line_1_35' title="bbox 205 3750 1358 3832; baseline -0.001 -20"><span class='ocrx_word' id='word_1_382' title='bbox 205 3755 253 3827; x_wconf 90' lang='lat' dir='ltr'>qni</span> <span class='ocrx_word' id='word_1_383' title='bbox 276 3754 410 3812; x_wconf 88' lang='lat' dir='ltr'>insanire</span> <span class='ocrx_word' id='word_1_384' title='bbox 434 3755 586 3826; x_wconf 89' lang='lat' dir='ltr'>occipiunt</span> <span class='ocrx_word' id='word_1_385' title='bbox 605 3771 641 3809; x_wconf 86' lang='lat' dir='ltr'>ex</span> <span class='ocrx_word' id='word_1_386' title='bbox 663 3754 781 3813; x_wconf 90' lang='lat' dir='ltr'>iniuria.</span> <span class='ocrx_word' id='word_1_387' title='bbox 827 3750 925 3814; x_wconf 85' lang='lat' dir='ltr'>Andr.</span> <span class='ocrx_word' id='word_1_388' title='bbox 942 3751 967 3832; x_wconf 90' lang='lat' dir='ltr'>I,</span> <span class='ocrx_word' id='word_1_389' title='bbox 992 3757 1018 3828; x_wconf 91' lang='lat'>1,</span> <span class='ocrx_word' id='word_1_390' title='bbox 1035 3756 1089 3814; x_wconf 78' lang='lat' dir='ltr'>tu:</span> <span class='ocrx_word' id='word_1_391' title='bbox 1113 3755 1220 3812; x_wconf 83' lang='lat' dir='ltr'>Ferme</span> <span class='ocrx_word' id='word_1_392' title='bbox 1243 3754 1272 3811; x_wconf 94' lang='lat' dir='ltr'>in</span> <span class='ocrx_word' id='word_1_393' title='bbox 1296 3752 1358 3811; x_wconf 93' lang='lat' dir='ltr'>die·</span> 
     </span>
     <span class='ocr_line' id='line_1_36' title="bbox 204 3849 1358 3926; baseline 0.002 -18"><span class='ocrx_word' id='word_1_394' title='bbox 204 3849 257 3910; x_wconf 87' lang='lat' dir='ltr'>bns</span> <span class='ocrx_word' id='word_1_395' title='bbox 279 3851 401 3926; x_wconf 86' lang='lat' dir='ltr'>paucis,</span> <span class='ocrx_word' id='word_1_396' title='bbox 437 3851 541 3926; x_wconf 93' lang='lat' dir='ltr'>quibus</span> <span class='ocrx_word' id='word_1_397' title='bbox 565 3851 638 3909; x_wconf 91' lang='lat' dir='ltr'>haec</span> <span class='ocrx_word' id='word_1_398' title='bbox 662 3858 730 3910; x_wconf 87' lang='lat' dir='ltr'>acta</span> <span class='ocrx_word' id='word_1_399' title='bbox 753 3857 835 3924; x_wconf 90' lang='lat' dir='ltr'>sunt,</span> <span class='ocrx_word' id='word_1_400' title='bbox 865 3852 987 3926; x_wconf 87' lang='lat' dir='ltr'>Chrysis</span> <span class='ocrx_word' id='word_1_401' title='bbox 1009 3852 1106 3910; x_wconf 86' lang='lat' dir='ltr'>vicina</span> <span class='ocrx_word' id='word_1_402' title='bbox 1129 3853 1202 3911; x_wconf 90' lang='lat' dir='ltr'>haec</span> <span class='ocrx_word' id='word_1_403' title='bbox 1224 3852 1358 3910; x_wconf 90' lang='lat' dir='ltr'>moritur.</span> 
     </span>
     <span class='ocr_line' id='line_1_37' title="bbox 205 3945 1359 4027; baseline -0.001 -17"><span class='ocrx_word' id='word_1_404' title='bbox 205 3946 303 4011; x_wconf 89' lang='lat' dir='ltr'>Andr.</span> <span class='ocrx_word' id='word_1_405' title='bbox 325 3946 404 4027; x_wconf 87' lang='lat' dir='ltr'>prul.</span> <span class='ocrx_word' id='word_1_406' title='bbox 428 3964 454 4009; x_wconf 85' lang='lat' dir='ltr'>v.</span> <span class='ocrx_word' id='word_1_407' title='bbox 480 3950 535 4010; x_wconf 84' lang='lat'>20:</span> <span class='ocrx_word' id='word_1_408' title='bbox 560 3949 690 4020; x_wconf 82' lang='lat' dir='ltr'>Quorum</span> <span class='ocrx_word' id='word_1_409' title='bbox 713 3951 858 4007; x_wconf 88' lang='lat' dir='ltr'>aemulari</span> <span class='ocrx_word' id='word_1_410' title='bbox 881 3956 1003 4023; x_wconf 84' lang='lat' dir='ltr'>exoptat</span> <span class='ocrx_word' id='word_1_411' title='bbox 1025 3951 1251 4024; x_wconf 88' lang='lat' dir='ltr'>neglegentiam.</span> <span class='ocrx_word' id='word_1_412' title='bbox 1282 3945 1359 4010; x_wconf 86' lang='lat' dir='ltr'>Heu.</span> 
     </span>
     <span class='ocr_line' id='line_1_38' title="bbox 204 4043 1360 4124; baseline -0.001 -17"><span class='ocrx_word' id='word_1_413' title='bbox 204 4043 258 4123; x_wconf 85' lang='lat' dir='ltr'>lv,</span> <span class='ocrx_word' id='word_1_414' title='bbox 285 4050 312 4123; x_wconf 95' lang='lat' dir='ltr'>l,</span> <span class='ocrx_word' id='word_1_415' title='bbox 336 4049 390 4109; x_wconf 79' lang='lat'>32:</span> <span class='ocrx_word' id='word_1_416' title='bbox 424 4048 528 4106; x_wconf 87' lang='lat' dir='ltr'>Adeon</span> <span class='ocrx_word' id='word_1_417' title='bbox 551 4064 597 4104; x_wconf 88' lang='lat' dir='ltr'>me</span> <span class='ocrx_word' id='word_1_418' title='bbox 621 4064 687 4106; x_wconf 91' lang='lat' dir='ltr'>esse</span> <span class='ocrx_word' id='word_1_419' title='bbox 710 4047 897 4121; x_wconf 87' lang='lat' dir='ltr'>pervicacem</span> <span class='ocrx_word' id='word_1_420' title='bbox 921 4065 1039 4124; x_wconf 87' lang='lat' dir='ltr'>censes,</span> <span class='ocrx_word' id='word_1_421' title='bbox 1072 4050 1140 4123; x_wconf 92' lang='lat' dir='ltr'>qnoi</span> <span class='ocrx_word' id='word_1_422' title='bbox 1168 4054 1263 4107; x_wconf 87' lang='lat' dir='ltr'>mater</span> <span class='ocrx_word' id='word_1_423' title='bbox 1285 4048 1360 4106; x_wconf 88' lang='lat' dir='ltr'>siem</span> 
     </span>
     <span class='ocr_line' id='line_1_39' title="bbox 207 4140 1360 4223; baseline -0.002 -18"><span class='ocrx_word' id='word_1_424' title='bbox 207 4147 280 4206; x_wconf 82' lang='lat' dir='ltr'>cett</span> <span class='ocrx_word' id='word_1_425' title='bbox 304 4140 437 4222; x_wconf 87' lang='lat' dir='ltr'>Adelph.</span> <span class='ocrx_word' id='word_1_426' title='bbox 462 4141 540 4223; x_wconf 89' lang='lat' dir='ltr'>prol.</span> <span class='ocrx_word' id='word_1_427' title='bbox 558 4160 586 4206; x_wconf 91' lang='lat' dir='ltr'>v.</span> <span class='ocrx_word' id='word_1_428' title='bbox 604 4149 640 4206; x_wconf 90' lang='lat'>3:</span> <span class='ocrx_word' id='word_1_429' title='bbox 664 4146 782 4218; x_wconf 85' lang='lat' dir='ltr'>Rapere</span> <span class='ocrx_word' id='word_1_430' title='bbox 806 4147 837 4204; x_wconf 94' lang='lat' dir='ltr'>in</span> <span class='ocrx_word' id='word_1_431' title='bbox 859 4147 993 4220; x_wconf 88' lang='lat' dir='ltr'>peiorem</span> <span class='ocrx_word' id='word_1_432' title='bbox 1014 4152 1132 4220; x_wconf 91' lang='lat' dir='ltr'>partem</span> <span class='ocrx_word' id='word_1_433' title='bbox 1155 4163 1240 4221; x_wconf 90' lang='lat' dir='ltr'>quam</span> <span class='ocrx_word' id='word_1_434' title='bbox 1263 4146 1360 4204; x_wconf 88' lang='lat' dir='ltr'>acturi</span> 
     </span>
     <span class='ocr_line' id='line_1_40' title="bbox 210 4236 1357 4319; baseline 0.002 -19"><span class='ocrx_word' id='word_1_435' title='bbox 210 4259 318 4316; x_wconf 84' lang='lat' dir='ltr'>snmus,</span> <span class='ocrx_word' id='word_1_436' title='bbox 341 4258 382 4305; x_wconf 85' lang='lat' dir='ltr'>sc.</span> <span class='ocrx_word' id='word_1_437' title='bbox 404 4238 556 4304; x_wconf 81' lang='lat' dir='ltr'>fabulam.</span> <span class='ocrx_word' id='word_1_438' title='bbox 602 4238 727 4303; x_wconf 86' lang='lat' dir='ltr'>Phcrm.</span> <span class='ocrx_word' id='word_1_439' title='bbox 752 4236 807 4318; x_wconf 89' lang='lat' dir='ltr'>IV,</span> <span class='ocrx_word' id='word_1_440' title='bbox 833 4246 861 4319; x_wconf 89' lang='lat'>3,</span> <span class='ocrx_word' id='word_1_441' title='bbox 886 4247 922 4304; x_wconf 82' lang='lat'>7:</span> <span class='ocrx_word' id='word_1_442' title='bbox 961 4244 997 4303; x_wconf 89' lang='lat' dir='ltr'>de</span> <span class='ocrx_word' id='word_1_443' title='bbox 1024 4244 1195 4318; x_wconf 86' lang='lat' dir='ltr'>Antiphone</span> <span class='ocrx_word' id='word_1_444' title='bbox 1225 4244 1357 4303; x_wconf 88' lang='lat' dir='ltr'>audistin</span> 
     </span>
     <span class='ocr_line' id='line_1_41' title="bbox 210 4337 1359 4419; baseline 0.003 -21"><span class='ocrx_word' id='word_1_445' title='bbox 210 4339 402 4412; x_wconf 79' lang='lat' dir='ltr'>quaefacta?</span> <span class='ocrx_word' id='word_1_446' title='bbox 446 4337 524 4404; x_wconf 87' lang='lat' dir='ltr'>Hec.</span> <span class='ocrx_word' id='word_1_447' title='bbox 547 4338 573 4418; x_wconf 92' lang='lat' dir='ltr'>I,</span> <span class='ocrx_word' id='word_1_448' title='bbox 596 4343 625 4417; x_wconf 91' lang='grc'>2,</span> <span class='ocrx_word' id='word_1_449' title='bbox 650 4342 706 4419; x_wconf 77' lang='lat'>22:</span> <span class='ocrx_word' id='word_1_450' title='bbox 740 4341 800 4400; x_wconf 88' lang='lat' dir='ltr'>Sed</span> <span class='ocrx_word' id='word_1_451' title='bbox 822 4341 892 4415; x_wconf 91' lang='lat' dir='ltr'>quid</span> <span class='ocrx_word' id='word_1_452' title='bbox 915 4341 970 4401; x_wconf 91' lang='lat' dir='ltr'>hoc</span> <span class='ocrx_word' id='word_1_453' title='bbox 993 4342 1137 4417; x_wconf 80' lang='lat' dir='ltr'>negotist,</span> <span class='ocrx_word' id='word_1_454' title='bbox 1171 4342 1259 4403; x_wconf 91' lang='lat' dir='ltr'>modo</span> <span class='ocrx_word' id='word_1_455' title='bbox 1281 4342 1359 4416; x_wconf 77' lang='lat' dir='ltr'>quod</span> 
     </span>
    </p>
   </div>
   <div class='ocr_carea' id='block_1_3' title="bbox 0 0 1576 5075">
    <p class='ocr_par' dir='ltr' id='par_1_3' title="bbox 0 0 1576 5075">
     <span class='ocr_line' id='line_1_42' title="bbox 0 0 1576 5075; baseline 0 0"><span class='ocrx_word' id='word_1_456' title='bbox 0 0 1576 5075; x_wconf 95' lang='lat' dir='ltr'> </span> 
     </span>
    </p>
   </div>
  </div>
 </body>
</html>
