3125 5075
613 338 763 378 DOCTRIM
791 338 824 376 ΡΑ
830 337 1022 377 RTICULARUH.
1298 345 1356 405 301

200 533 384 611 spectarat,
411 526 599 592 mirabunda
628 526 727 591 dicat:
758 509 875 602 bat'iit
897 525 966 602 bech
992 525 1103 605 sublici>
1131 524 1245 589 armai
1268 524 1363 604 mebi·

202 626 297 709 ΜΗ
352 626 445 691 True.
469 624 517 701 ΙΙ,
545 630 576 702 Ι,
599 628 656 688 27ε
690 629 763 687 Nam
801 629 851 702 qui
883 629 961 686 male
992 644 1046 687 uos
1079 630 1192 701 agium
1225 627 1363 686 unam?

205 725 337 791 Terent.
360 722 486 787 Phorm.
510 721 556 801 ΙΙ,
583 727 614 801 l,
639 727 669 786 1:
704 727 789 785 itane
820 724 938 784 tandm
965 742 1086 785 uxorem
1118 727 1201 786 duxit
1230 726 1362 799 Antipho

204 828 322 887 iniussa
344 821 435 884 meo?
480 823 640 895 aarum
661 820 764 885 Plaut.
787 819 854 885 Mil.
878 819 933 898 IV,
958 825 993 897 2,
1018 825 1072 885 31:
1102 840 1156 898 ego
1187 824 1291 884 astabo
1314 823 1363 881 hia

204 925 356 997 tantisper
386 936 452 980 eum
482 922 538 979 bae
566 921 663 980 forma
685 931 716 980 et
738 919 827 980 iactis
850 922 894 980 sie
923 918 1072 992 frustrat,
1107 919 1148 983 ad
1178 937 1207 999 q.
1238 918 1258 982 l.
1291 918 1364 1004 Lm?

206 1020 308 1085 dem:
330 1041 401 1096 ‚‚=
416 1015 546 1080 tamdiu.
591 1014 704 1080 Omnia
733 1016 815 1079 enim
845 1014 997 1079 adverbia
1025 1015 1170 1081 similiter
1194 1017 1365 1081 terminata

205 1121 285 1183 sunt
318 1115 447 1195 proprie
482 1114 652 1193 temporis,
681 1119 716 1177 ut
734 1115 906 1193 paullisper
927 1132 985 1193 per
1007 1113 1104 1178 breve
1136 1122 1277 1194 tempus,
1307 1117 1365 1176 ate·-

203 1217 386 1291 wespa
413 1228 471 1291 per
498 1210 693 1291 aliquantum
723 1211 890 1290 temporis,
924 1215 1097 1287 quantisper
1126 1230 1184 1291 per
1211 1218 1365 1292 quantum

207 1309 394 1393 temporis.“
438 1308 566 1372 Terent.
598 1308 711 1372 Heaut.
736 1307 764 1386 1,
792 1314 823 1383 1,
848 1315 902 1373 54:
937 1312 1000 1385 Ego
1031 1319 1061 1370 te
1093 1317 1189 1371 meum
1216 1330 1282 1372 esse
1306 1314 1365 1371 diei

208 1412 359 1485 tueamur
380 1410 462 1484 reio,
486 1410 562 1467 Dum
585 1410 662 1483 quod
686 1416 715 1467 te
740 1410 889 1484 dignumst
911 1409 1013 1469 iacies.
1045 1409 1256 1486 lit-:quum
1279 1412 1366 1488 post·

211 1524 319 1589 quam.
341 1506 443 1570 Plana
459 1503 570 1585 Amph.
589 1504 625 1579 V,
645 1510 672 1580 l,
691 1510 739 1567 10.
755 1522 782 1566 u.
801 1510 851 1567 15:
884 1506 925 1567 Ut
944 1509 1022 1565 iacui
1045 1525 1164 1582 exurge.
1187 1504 1254 1569 Mil.
1268 1504 1322 1580 lv,
1335 1513 1365 1582 4,

207 1612 270 1671 40:
292 1611 326 1666 ut
339 1610 419 1666 intro
443 1605 517 1664 haee
539 1605 656 1665 abierit.
681 1601 774 1666 Truc.
795 1601 818 1678 1,
840 1607 868 1676 2,
882 1606 915 1664 6:
939 1611 972 1663 ut
995 1606 1094 1664 simitu
1108 1627 1152 1656 =
1166 1602 1367 1682 simulatque.

298 1706 349 1767 28.
394 1698 639 1779 Compleetimur
661 1699 720 1764 hac
743 1698 945 1779 paragrapho
968 1698 1031 1763 alia
1045 1699 1207 1779 adverbia,
1231 1718 1366 1779 quorum

210 1819 291 1867 usus
314 1804 364 1864 est
378 1795 559 1877 singularis.
589 1798 718 1871 Arreti-m
733 1796 800 1860 Liv.
818 1796 989 1862 Andronis.
1015 1797 1074 1862 ine.
1098 1798 1236 1862 comoed.
1252 1796 1366 1878 fragm.

215 1906 246 1963 1:
272 1900 389 1973 affatim
413 1899 460 1957 edi
484 1898 549 1956 Bibi
573 1899 638 1956 lusi.
685 1893 789 1958 eraut.
815 1894 911 1959 Poen.
935 1893 994 1965 ΙΙΙ,
1021 1901 1049 1974 Ι,
1073 1898 1123 1960 31.
1147 1897 1196 1961 De
1219 1916 1274 1972 ape
1296 1895 1368 1960 vide

210 1995 384 2061 Raudium.
406 1993 510 2057 Plaut·
533 1991 627 2056 Most.
652 1992 711 2061 ΙΙΙ,
736 1996 765 2070 2,
793 1996 867 2057 163;
891 1996 979 2055 Mane
1003 1998 1044 2055 sie
1068 1996 1192 2064 uideam,
1216 2014 1253 2056 ne
1278 2000 1368 2056 cunis.

207 2093 282 2157 ΤΗ.
309 2093 447 2167 Agedum
476 2092 552 2153 uide.
605 2088 733 2154 Terent.
763 2089 860 2156 andr.
889 2090 951 2166 IV,
982 2096 1017 2165 2,
1047 2095 1102 2156 3οε
1137 2093 1216 2169 Ape,
1244 2097 1369 2154 veniam.

209 2193 313 2254 Ater
343 2188 544 2268 eoniuugitur
570 2205 642 2252 aum
670 2187 831 2266 particula
857 2207 907 2256 ae,
941 2194 1037 2262 utque.
1095 2187 1220 2252 Terent.
1253 2188 1368 2254 Heaut.

211 2288 264 2366 11,
287 2293 323 2368 3,
347 2292 405 2351 23:
437 2288 526 2346 aliter
548 2297 628 2345 tuom
658 2304 788 2346 amorem
811 2292 897 2360 utque
923 2296 970 2347 est
992 2290 1115 2361 aeeipis.
1161 2285 1369 2366 Pisonum,

215 2392 247 2464 2,
269 2391 330 2451 45:
352 2404 408 2461 ego
430 2387 481 2446 isti
504 2386 565 2445 uilo
589 2402 652 2443 sum
674 2384 760 2442 auter
781 2401 818 2443 ee
839 2383 890 2445 iui.
937 2381 1070 2461 Adelph.
1095 2381 1149 2463 IV,
1174 2390 1202 2462 3,
1227 2388 1263 2448 6:
1286 2405 1369 2448 uum·

215 2503 304 2563 quam
327 2492 357 2546 te
379 2484 578 2556 aureaeque
600 2498 632 2543 es
655 2484 685 2541 in
708 2484 837 2541 animum
866 2484 968 2542 induxi
996 2499 1100 2544 meum.
1146 2482 1195 2548 De
1217 2485 1306 2545 aliter
1328 2517 1370 2528 -

208 2602 321 2659 guma,
343 2581 428 2661 qued
451 2597 513 2643 nou
537 2578 689 2643 debebam
714 2577 863 2643 omittere
886 2578 945 2643 vol.
971 2578 1003 2648 Ι,
1031 2596 1060 2659 p.
1085 2583 1161 2656 230,
1188 2581 1261 2645 vide
1284 2581 1370 2647 Hau·

215 2681 312 2745 dium.
359 2680 407 2743 De
431 2680 499 2740 aedo
521 2677 592 2741 vide
615 2675 784 2740 Haudium.
808 2675 912 2741 Plaut.
936 2676 1050 2756 Amph.
1073 2675 1115 2756 ΙΙ,
1140 2683 1168 2752 2,
1196 2682 1269 2743 146:
1295 2681 1371 2741 Cedo

214 2783 266 2843 mi.
312 2775 403 2856 Capt.
431 2775 491 2850 lv,
515 2780 552 2854 2,
581 2780 638 2839 58:
675 2775 751 2836 Cedo
779 2794 905 2836 manum.
951 2774 1078 2839 Terent.
1110 2775 1169 2840 Ad.
1193 2775 1226 2855 Ι,
1251 2785 1283 2851 2,
1311 2780 1370 2842 43;

212 2880 372 2939 Postremo
394 2883 447 2937 aut
469 2876 571 2936 desine
594 2883 646 2934 aut
668 2875 737 2935 cedo
759 2876 892 2949 quemvis
915 2875 1068 2934 arbitrum.
1099 2871 1165 2951 111,
1188 2880 1219 2954 4,
1243 2878 1297 2939 38;
1321 2896 1371 2938 eo·

216 2992 283 3037 ram
306 2978 401 3050 ipsam
424 2973 501 3033 aedo.
544 2969 671 3034 Phorm.
695 2967 742 3042 Π,
766 2973 804 3046 2,
832 2974 886 3033 15:
918 2972 995 3032 Cedo
1016 2972 1098 3046 dum,
1128 2990 1303 3049 enumquam
1327 2978 1371 3035 in·

213 3075 360 3134 iuriarum
383 3072 492 3131 audisti
514 3072 586 3129 mihi
609 3073 752 3144 scriptam
775 3068 892 3128 dicam?
937 3068 1022 3128 elam
1045 3066 1147 3131 Plaut.
1168 3067 1235 3133 Mil.
1257 3069 1318 3149 ΙΙΙ,
1341 3075 1371 3148 3,

217 3176 256 3235 9:
280 3172 374 3244 Quam
397 3186 468 3229 sane
491 3170 591 3242 magni
613 3166 737 3242 referat,
761 3166 833 3223 mibi
857 3166 970 3227 elamet.
1015 3162 1112 3228 Mers.
1136 3164 1161 3241 Ι,
1180 3172 1208 3244 1,
1230 3172 1289 3233 43;
1312 3172 1371 3230 Res

214 3271 366 3329 exulatum
390 3277 422 3326 at
443 3267 525 3327 illam
548 3266 625 3324 dam
646 3264 747 3323 abibat
769 3263 875 3339 patris,
899 3260 938 3325 de
960 3277 1023 3341 quo
1047 3262 1187 3342 genitivu
1210 3282 1237 3326 v.
1263 3264 1320 3330 vol.
1346 3265 1371 3343 Ι,

215 3382 249 3446 p.
274 3367 346 3428 340.
390 3363 483 3427 Nunc
511 3360 623 3425 dubito
646 3366 769 3437 tamen,
800 3362 907 3422 utrum
931 3359 1090 3440 genitivus
1112 3364 1213 3435 putris
1233 3362 1273 3425 ud
1296 3364 1372 3424 etam

215 3480 262 3527 an·
280 3460 387 3543 patius
409 3460 519 3524 adres
541 3457 709 3538 pertineat.
741 3456 834 3520 True
857 3455 900 3531 Π,
923 3462 952 3536 5,
977 3463 1005 3522 7.
1036 3457 1250 3539 coniungitur
1264 3465 1372 3525 autem

215 3577 239 3624 a
261 3558 377 3623 Planta
399 3573 463 3622 nou
486 3573 558 3621 aum
580 3552 737 3633 ablativo,
767 3553 825 3619 sed
854 3572 926 3631 cum
949 3554 1017 3619 solo
1039 3572 1120 3632 aue,
1152 3556 1192 3620 de
1214 3573 1277 3636 quo
1299 3557 1372 3622 vide

222 3657 282 3722 rol.
306 3655 332 3735 I,
354 3673 385 3736 p.
409 3659 480 3720 213.
525 3651 665 3718 Ablativi
687 3658 795 3716 autem
818 3652 972 3732 exempla,
994 3670 1076 3733 quae
1099 3653 1173 3717 olim
1196 3653 1373 3720 affereban-

218 3759 289 3833 tur,
312 3772 332 3818 a
354 3751 584 3819 recentioribus
606 3749 784 3816 editoribus
806 3750 912 3814 omnia
933 3751 1102 3815 emendate
1117 3757 1199 3817 sunt.
1245 3752 1372 3818 Terent.

215 3851 316 3917 Andr.
335 3850 389 3931 11,
412 3855 447 3929 6,
473 3855 529 3914 13:
564 3859 625 3910 tum
653 3852 682 3910 id
712 3852 798 3910 dam.
821 3847 881 3911 Ad.
910 3847 941 3918 Ι,
976 3853 1084 3927 1,46:
1117 3853 1150 3911 Si
1177 3860 1280 3926 eperat
1308 3852 1373 3913 iore

212 3952 442 4018 damtunam
471 3950 508 4010 ad
539 3951 687 4023 ingenium
711 3950 798 4008 redit.
831 3948 894 4009 Cur
917 3945 1031 4022 (Plaut.
1054 3946 1147 4027 Epid.
1163 3947 1217 4025 lv,
1242 3953 1275 4024 2,
1299 3953 1318 4011 6
1342 3949 1373 4011 iu

215 4049 268 4128 Ap
284 4047 437 4126 scriptum
453 4050 504 4112 eat
519 4048 604 4123 Qu).
634 4042 739 4109 Plaut.
757 4043 838 4108 aud.
856 4041 898 4120 ΙΙ,
915 4051 946 4121 4,
963 4049 1016 4108 21;
1040 4046 1123 4122 Quor
1137 4055 1175 4107 tu·
1185 4064 1289 4122 aquam
1306 4066 1374 4121 gra-

219 4165 290 4208 rure
313 4147 419 4206 amabo
441 4145 506 4206 -i
550 4141 643 4206 True.
664 4139 720 4220 lv,
738 4145 766 4216 8,
792 4143 848 4205 23:
875 4141 937 4203 Our
959 4161 1026 4203 eum
1048 4145 1215 4220 accepisti?
1245 4141 1374 4206 Terent.

216 4243 315 4307 Andr.
341 4241 381 4321 V,
405 4246 437 4316 3,
464 4247 516 4305 15:
556 4243 615 4302 Sed
645 4241 715 4316 qnid
742 4240 818 4316 ego?
843 4257 926 4312 uuor
957 4259 1003 4301 me
1034 4241 1196 4302 excrucia?
1227 4257 1301 4314 quer
1326 4256 1374 4302 me

218 4341 359 4404 masere?
403 4343 486 4418 Quor
507 4357 601 4400 metm
626 4344 810 4400 seduntatem
834 4339 921 4399 huius
943 4341 1074 4400 sollicito
1097 4339 1250 4399 amentia?
1294 4340 1374 4400 Cum
