3125 5075
392 380 409 419 L
425 378 991 432 stoctonamnunnonnnnn‚nosms1vn,
1006 383 1180 427 nnrnnxnrt.
1310 395 1373 454 360

213 571 300 617 m
320 556 407 617 ontio.
450 551 540 617 Pers.
563 550 619 631 lv,
640 556 672 631 4,
695 556 752 618 38:
783 557 851 617 Tua
873 574 957 618 merx
979 566 1041 622 est:
1064 566 1118 623 tuso
1138 561 1314 623 ludlostlost
1335 582 1377 612 =

210 654 309 718 tm
330 655 385 716 unt
402 649 556 716 indiesre.
599 649 716 716 Bacch.
740 651 766 730 I,
792 658 820 733 l,
844 656 899 719 65:
943 657 1059 720 Furere
1081 666 1230 735 sumptum
1257 659 1294 718 du
1317 662 1376 736 tuo,

205 747 288 813 i.o.
309 751 371 814 ino
388 764 436 813 ro.
479 745 608 812 'forent
630 746 748 813 Heunt
772 748 798 828 Ι,
824 756 852 830 l,
876 756 931 817 23:
974 756 1141 817 Tutunus
1169 757 1207 817 uls
1236 774 1270 817 re
1293 759 1379 817 tuost

200 849 255 909 oti
276 847 358 921 tibi,
380 849 491 909 Alieno
512 853 546 906 nt
567 846 676 908 cures?
722 846 782 912 Ad.
805 846 860 927 IV,
884 851 914 927 6,
940 856 973 915 1:
1016 851 1163 914 Defessus
1189 872 1253 915 sum
1276 853 1377 914 ombu-

201 944 323 1007 nuno:
350 951 393 1019 ut,
423 946 508 1019 Syre,
539 950 571 1005 to
593 961 660 1005 cnm
682 949 736 1007 luc
758 949 978 1010 Monstratione
1001 967 1124 1025 mugnus
1146 950 1255 1026 pordot
1276 947 1377 1025 Iuppi·

198 1044 280 1104 tort
303 1038 432 1106 Phoron.
455 1039 511 1118 IV,
535 1044 562 1119 l,
586 1045 642 1104 21:
670 1044 745 1104 Nom
769 1062 824 1120 ego
845 1063 977 1107 meorum
999 1051 1080 1109 solus
1103 1067 1166 1109 sun
1188 1065 1283 1125 mess,
1305 1044 1368 1109 io

201 1155 362 1203 meorum
388 1136 593 1203 familiarium
615 1155 675 1219 ego
698 1138 787 1205 solus
814 1158 884 1205 sum
907 1159 997 1208 meus
1020 1142 1154 1224 amicus,
1182 1143 1245 1219 vel,
1267 1161 1285 1206 e
1309 1145 1380 1208 totu

203 1253 289 1302 unes
314 1235 439 1302 iumiliu
466 1253 561 1301 nemo
590 1254 670 1300 vere
699 1236 776 1302 mihi
804 1239 925 1304 amicus
957 1246 1008 1305 est
1034 1245 1166 1321 prueter
1195 1257 1245 1304 me
1273 1238 1378 1320 ipsum

205 1334 332 1410 (num
355 1352 385 1416 p.
409 1340 461 1413 57,
483 1333 590 1399 adnot.
614 1338 678 1411 34).
723 1335 840 1400 Heant.
863 1335 924 1416 111,
946 1342 976 1416 2,
1000 1342 1055 1402 38:
1097 1342 1165 1401 Non
1188 1346 1236 1401 est
1256 1338 1380 1399 mentiri

203 1451 320 1496 m.
348 1431 449 1498 Andr.
468 1431 523 1511 IV,
549 1437 576 1511 l,
601 1438 656 1497 64:
680 1436 813 1504 munst,
836 1438 932 1511 siquid
954 1444 1078 1512 proeter
1099 1455 1184 1512 spem
1206 1438 1315 1510 evenit,
1337 1436 1379 1495 rni

207 1534 383 1609 ignoscere.
429 1529 547 1594 Heuut.
576 1530 656 1612 prol.
689 1549 719 1596 v.
742 1536 799 1598 41:
843 1536 916 1595 1199
938 1552 1038 1596 muse.
1084 1532 1183 1598 Andr.
1206 1532 1244 1612 V,
1269 1537 1297 1609 3,
1323 1536 1377 1596 12;

214 1632 296 1690 olim
317 1633 407 1706 istuc,
430 1632 509 1703 oiim,
534 1648 621 1706 quom
649 1634 693 1692 ite
718 1634 848 1692 onimnm
870 1632 987 1692 induxti
1008 1637 1097 1695 mom.
1142 1630 1378 1709 Nonnunquam

209 1727 370 1807 aduren.
395 1727 612 1807 possessivum
642 1726 767 1792 accedit
796 1728 965 1808 genitivus.
1015 1726 1068 1794 Sic
1095 1727 1199 1793 Plout.
1229 1727 1313 1792 Men.
1337 1725 1377 1809 V,

219 1827 249 1901 2,
272 1829 350 1890 118:
372 1828 535 1902 Imperium
556 1832 641 1887 tuum
660 1827 795 1888 demutat
817 1835 906 1903 utque
930 1827 1060 1888 edictum
1072 1826 1235 1903 Apollinis,
1258 1825 1298 1889 de
1314 1840 1378 1905 qun

214 1939 254 1987 re
287 1922 392 1988 Rudd.
422 1940 454 2003 p.
475 1928 534 1989 49:
579 1921 780 2002 „Schmidius
814 1923 939 2005 hypom.
974 1941 1005 2003 p.
1030 1928 1093 1989 295
1123 1928 1158 1987 et
1183 1922 1321 1988 Ursinus
1345 1940 1378 2003 p.

225 2025 282 2085 119
302 2018 385 2087 hunc
406 2020 676 2087 constructionem
699 2021 740 2083 od
763 2020 963 2085 intellectum
986 2017 1165 2086 relerentes
1187 2021 1220 2086 in
1235 2020 1285 2085 his
1300 2037 1376 2101 pro·

220 2120 347 2185 nonius
374 2118 558 2201 possessiva
588 2119 658 2183 vice
684 2117 897 2199 genitivorum
925 2136 945 2183 u
977 2118 1148 2198 primitivis
1181 2119 1378 2183 venientium

215 2213 305 2299 iungi
327 2216 449 2296 volunt,
472 2220 569 2295 utque
590 2215 671 2280 odeo
693 2215 772 2280 illud
794 2215 919 2294 Plauti,
946 2214 1025 2295 Imp.
1056 2220 1078 2278 t.
1102 2215 1183 2280 dem.
1207 2220 1304 2295 utque
1327 2214 1376 2279 ed.

223 2314 292 2395 lp,
315 2314 403 2379 idem
424 2332 497 2379 esse
518 2331 570 2379 oc:
600 2312 766 2394 imperium
792 2319 889 2394 atque
912 2313 1051 2379 edictum
1072 2311 1119 2376 tui
1141 2311 1311 2393 Apollinis:
1334 2346 1378 2356 -

224 2412 401 2478 Gronovius
424 2412 561 2491 denique
582 2418 676 2492 puter
697 2411 737 2475 ad
761 2411 864 2476 Plnut.
887 2409 1003 2476 Pseud.
1029 2410 1054 2488 Ι,
1080 2415 1107 2490 1,
1131 2409 1245 2475 3hnec
1267 2410 1312 2474 sio
1330 2409 1378 2474 in·

223 2515 339 2593 tcgrut:
362 2509 465 2575 Tuum
476 2510 655 2591 imperium,
678 2509 846 2592 imperinm
862 2506 1048 2591 Apollinis.“
1074 2507 1202 2573 Terent.
1220 2506 1334 2572 Heuut.
1351 2505 1378 2589 I,

225 2614 250 2688 l,
270 2613 311 2675 76
335 2627 399 2689 sq:
424 2613 511 2688 Hem,
534 2617 662 2671 1911999
684 2609 784 2672 Solius
806 2612 928 2672 solliciti
951 2611 1011 2670 sint
1034 2626 1133 2669 causo.

302 2705 539 2785 Nonnunquam
547 2723 722 2787 pronomen
732 2707 951 2787 possessivum
967 2706 1071 2769 minus
1085 2704 1127 2769 ud
1141 2705 1377 2770 substantivum

222 2810 355 2887 spectet.
379 2804 430 2869 cui
452 2808 503 2869 cst
525 2804 717 2883 appositum,
740 2821 836 2883 quarn
860 2804 900 2867 ad
923 2804 1116 2869 adiectivum
1139 2802 1190 2867 vel
1206 2802 1379 2883 genitivum

221 2904 377 2984 quendam
400 2921 473 2968 curn
495 2901 550 2965 illo
572 2900 774 2965 substantivo
797 2902 1018 2982 coniunctum,
1046 2900 1111 2980 vel,
1140 2906 1178 2965 ut
1197 2899 1378 2967 accuratius

221 3018 284 3065 rem
307 3001 495 3081 exprimam,
518 2999 598 3064 hoec
620 2999 695 3064 bino
717 2999 825 3080 potius
848 3016 944 3063 unam
966 2999 1128 3063 notionem
1152 2998 1303 3078 efficiunt,
1327 2997 1379 3063 cni

221 3099 334 3164 deinde
355 3098 571 3179 possessivum
595 3114 683 3176 pron.
708 3097 889 3178 appositum
913 3101 972 3161 est.
1010 3096 1062 3161 Sic
1084 3096 1242 3161 dicituro
1264 3095 1379 3159 Plauto

222 3195 295 3262 cist.
320 3195 365 3276 Π,
388 3202 418 3276 3,
441 3201 500 3262 43:
525 3199 578 3258 sed
600 3199 689 3257 illaec
712 3214 744 3257 se
768 3197 914 3273 quendum
938 3197 1021 3255 uibnt
1041 3197 1194 3256 mulierem
1217 3194 1310 3256 Suum
1333 3196 1379 3254 to-

219 3299 398 3359 moram
419 3297 577 3357 convenire
600 3298 689 3355 etium
714 3297 807 3370 prius,
833 3291 900 3369 ubi,
924 3296 962 3354 ut
983 3296 1071 3355 recte
1093 3290 1171 3356 dicit
1191 3290 1378 3355 Perizonius

221 3395 257 3459 ud
272 3395 384 3461 Senot.
399 3391 475 3456 Min.
488 3410 518 3471 p.
535 3396 604 3470 121,
627 3410 714 3454 soom
735 3388 903 3454 manifeste
926 3388 1065 3455 refertur
1080 3406 1143 3452 non
1164 3392 1231 3452 tam
1253 3386 1293 3450 nd
1315 3404 1379 3447 mu-

222 3495 331 3563 lim.
353 3508 449 3571 quom
471 3489 512 3553 sd
535 3493 759 3566 immolestum,
787 3488 871 3567 quod
894 3505 965 3552 curn
989 3505 1066 3552 voce
1087 3489 1240 3548 9991199999
1261 3518 1304 3529 -
1326 3502 1380 3550 co·

221 3591 307 3656 uinit-
333 3588 488 3655 Similiter
509 3586 594 3651 Trin.
619 3585 658 3663 V,
682 3589 711 3662 2,
736 3591 797 3650 23;
820 3589 1029 3663 Megaronides
1052 3588 1206 3648 conmunis
1223 3587 1278 3645 hoc
1294 3602 1377 3645 mens

221 3697 249 3750 ot
276 3699 349 3750 tuns
371 3690 558 3749 Benevolens
582 3695 778 3749 conmentust.
824 3683 892 3748 Mil.
914 3684 959 3764 ΙΙ,
984 3690 1011 3763 1,
1036 3689 1093 3747 57:
1120 3689 1202 3760 Aput
1220 3687 1380 3758 paternum

222 3804 307 3850 m
329 3787 481 3864 mopsos,
502 3810 546 3839 =
569 3782 658 3863 hosp.
681 3783 784 3862 patris
806 3783 864 3847 sui.
909 3782 994 3847 Trin.
1017 3781 1076 3860 111,
1100 3786 1129 3860 2,
1153 3785 1186 3845 2:
1209 3783 1240 3841 Si
1264 3784 1293 3840 in
1317 3796 1380 3840 rem

223 3889 311 3954 19991,
333 3887 511 3958 Lesbonico,
535 3902 602 3946 esse
625 3885 770 3956 videatur,
793 3883 910 3956 gloriae
923 3889 975 3943 unt
990 3882 1099 3959 samoe,
1123 3883 1226 3956 sinum,
1249 3875 1280 3941 h.
1297 3894 1323 3941 e.
1347 3878 1380 3940 in

223 3998 288 4048 rem
311 3981 434 4063 gloriae
455 3986 541 4045 tuoe.
586 3978 715 4043 Terent.
738 3978 815 4043 Hec.
840 3977 896 4057 IV,
920 3983 950 4058 2,
975 3985 1031 4044 19;
1075 3997 1142 4040 meo
1164 3979 1379 4119 Longinquitas

225 4084 330 4143 1911111
351 4108 396 4131 ==
418 4077 633 4160 longinquitas
655 4095 747 4142 mese
768 4076 894 4141 aetatis.

305 4179 473 4240 9119911999
495 4173 735 4258 significationis
758 4174 903 4255 exemplo
924 4173 1004 4238 hoec
1026 4178 1108 4238 sunt
1131 4170 1211 4236 Coto
1233 4186 1284 4248 up.
1301 4114 1378 4233 Gel-¹

226 4271 299 4339 lium
321 4272 396 4355 vll,
420 4280 454 4341 3:
477 4293 579 4337 ne-
601 4278 631 4336 in
654 4278 799 4336 servitute
824 4284 929 4335 nostru
951 4281 1061 4348 essent,
1085 4271 1115 4336 h.
1131 4288 1159 4335 e.
1175 4285 1270 4349 qnam
1286 4264 1378 4331 nobit

228 4372 374 4439 uniunt
419 4372 524 4439 Plaut.
546 4371 661 4452 Amph.
687 4371 725 4451 V,
751 4377 779 4449 1,
805 4376 859 4447 143
903 4381 1020 4434 terrore
1043 4389 1124 4448 nreo,
1148 4366 1179 4431 11.
1203 4382 1230 4431 e.
1252 4365 1324 4443 moi,
1346 4381 1377 4427 v.
