3125 5075
288 345 328 405 50
731 332 858 373 VERBUH.
887 330 949 373 CAP.
964 328 989 370 Χ.

286 531 395 588 aetate
417 522 535 588 iactum
559 527 609 587 est
629 528 666 586 nt
687 522 728 586 ad
750 524 887 596 fcturum
908 527 1020 596 tempta
1034 516 1086 582 vel
1101 518 1207 597 potius
1223 518 1432 586 inchoandam

287 622 441 686 actionem
468 619 570 684 forma
596 621 631 684 in
654 624 731 683 adca
760 617 1000 683 transferretur.
1025 650 1064 661 -
1089 615 1295 681 Grammatici
1326 622 1433 683 auten

286 718 335 783 aui
358 718 510 797 temporis
533 736 623 781 usum
647 718 748 782 secut-i
772 753 813 762 -
830 718 1024 791 participium
1042 716 1141 787 parurn·
1161 718 1274 789 passivi
1294 714 1435 796 appella·

285 821 400 879 verunt
428 832 614 894 omnemque
642 815 725 880 hunc
755 815 858 879 locum
881 816 1005 877 nomine
1028 812 1082 875 ilio
1105 811 1213 875 multis
1236 810 1434 879 difficultati·

288 913 349 979 bus
374 913 613 993 impediverunt.
674 912 774 977 Multo
797 912 927 994 propius
950 911 1017 973 sive
1042 908 1241 988 participium
1266 911 1346 976 dicis
1368 913 1434 976 sive

285 1011 485 1093 participiale
508 1011 573 1073 sive
596 1010 787 1074 adiectivum
810 1008 947 1083 verbale,
978 1007 1009 1070 id
1033 1007 1115 1087 quod
1139 1007 1272 1071 Linacer
1294 1015 1329 1072 et
1353 1009 1437 1074 Haa-

289 1110 355 1174 sius
378 1109 597 1182 observarunt,
620 1125 640 1170 a
662 1110 861 1173 coniunctivo
883 1106 984 1175 abest
1008 1109 1041 1168 et
1063 1106 1168 1168 omnia
1190 1105 1257 1168 iere
1274 1122 1359 1184 quae
1374 1106 1436 1173 hoc

286 1207 380 1271 modo
411 1206 451 1270 ab
480 1224 517 1269 eo
545 1206 598 1285 qui
625 1206 766 1285 loquitur
789 1205 838 1270 vei
861 1203 1052 1284 cogitatione
1076 1201 1125 1265 vel
1149 1203 1314 1268 voluntate
1338 1205 1436 1286 signi-

285 1302 380 1369 ficata
402 1306 441 1368 ad
464 1293 888 1385 praedicatum'afferuntun
910 1302 965 1365 iila
987 1300 1089 1365 forma
1110 1302 1155 1365 ita
1178 1300 1386 1366 declarantur
1401 1311 1437 1367 nt

284 1404 317 1470 in
341 1422 375 1466 re
398 1403 437 1465 ad
461 1420 554 1482 quam
579 1401 717 1466 refertur
737 1404 851 1478 inesse,
874 1417 936 1463 non
960 1398 1128 1479 cogitando
1151 1399 1224 1463 addi
1245 1397 1435 1467 affirmetur.

288 1500 340 1585 [ci.
375 1501 477 1577 etiam,
505 1518 586 1578 quae
618 1500 695 1563 dicit
721 1519 750 1580 p.
784 1504 836 1577 sl,
870 1499 975 1562 adnot.
1010 1493 1095 1576 102}
1130 1532 1170 1540 —
1205 1489 1312 1573 Quam
1343 1500 1437 1563 modo

290 1598 414 1664 ostendi
443 1602 566 1660 abacis
594 1603 742 1659 notwucm
762 1600 865 1678 ipsum
889 1594 1033 1677 gerundii
1056 1593 1200 1659 suffixum
1228 1614 1286 1659 sua
1309 1597 1341 1659 vi
1364 1614 1436 1677 pro·

288 1698 390 1778 priam
413 1695 529 1759 habere
551 1703 625 1775 post
647 1695 840 1762 Priscianum
863 1700 984 1758 tautum
1009 1712 1070 1757 non
1094 1712 1202 1757 omnes
1225 1695 1256 1757 in
1277 1712 1316 1759 eo
1332 1696 1437 1761 inesse

288 1799 521 1869 concesserunt,
544 1798 577 1856 et
598 1812 635 1855 ne
658 1792 679 1855 ii
703 1792 840 1871 quidem,
864 1792 917 1872 qui
933 1791 1114 1855 nominativi
1132 1797 1292 1871 potestate
1308 1792 1436 1874 decepti

290 1891 436 1957 omnibns
465 1890 589 1954 casibus
616 1891 836 1955 necessitatem
867 1889 1093 1968 obtruderunt,
1126 1907 1244 1969 negare
1276 1892 1436 1955 sustinue-

288 1994 372 2054 runt.
411 1987 560 2051 Eandem.
574 1994 681 2053 autem
703 2006 742 2052 ne
763 1988 807 2052 ab
827 1987 981 2052 adiectivu
1003 1987 1129 2067 quidem
1146 1988 1246 2051 forma
1262 1987 1436 2053 abhorrere

287 2104 351 2151 non
372 2103 481 2150 omnes
505 2093 742 2166 perspexerunt,
765 2102 955 2165 quamquam
978 2091 1066 2150 rente
1083 2086 1263 2150 Priscianus
1285 2087 1327 2150 de
1350 2105 1389 2151 ea
1404 2105 1437 2151 re

288 2193 452 2249 statuerat.
497 2182 579 2246 Nam
602 2185 655 2248 ubi
677 2184 717 2248 ad
740 2184 974 2249 substantivum
997 2182 1110 2263 copula
1132 2202 1193 2248 non
1217 2183 1434 2248 intercedente

286 2283 478 2348 adiectivum
506 2288 563 2348 aut
592 2282 793 2361 participium
820 2282 1018 2361 adiungitur,
1052 2280 1111 2345 hoc
1138 2283 1183 2345 ita
1205 2283 1373 2362 praevalet
1399 2289 1434 2346 ut

288 2380 367 2444 iliud
398 2381 586 2444 obscuretur
614 2385 711 2459 atque
739 2379 818 2443 adeo
841 2379 944 2442 omitti
974 2380 1083 2459 possit.
1128 2380 1188 2444 Ubi
1212 2380 1313 2460 igitur
1337 2380 1436 2443 forma

289 2478 321 2542 in
343 2481 419 2540 adca
441 2478 556 2542 cadens
578 2477 723 2542 attributi
745 2477 847 2543 locum
869 2475 975 2556 habet,
1005 2494 1068 2556 ouo
1090 2496 1127 2543 ea
1150 2484 1225 2542 nota
1247 2478 1381 2543 additur
1402 2486 1436 2542 nt

290 2594 342 2640 res
377 2574 502 2640 efficere
536 2576 585 2639 vel
615 2575 732 2639 habore
760 2577 917 2639 actionem
947 2577 1084 2656 dicutur,
1118 2596 1180 2640 non
1209 2584 1339 2656 poterat
1376 2596 1436 2642 non

293 2675 424 2738 aemonis
454 2674 539 2737 notio
566 2681 687 2736 tantum
718 2673 866 2753 ponderis
888 2673 1022 2753 habere,
1055 2682 1090 2739 ut
1112 2687 1249 2740 mentem
1272 2695 1291 2739 a
1316 2696 1364 2753 re,
1400 2676 1438 2739 ad

296 2790 391 2851 quum
419 2776 489 2834 erat
516 2771 653 2843 adiecta,
683 2772 855 2835 abduceret
882 2777 914 2835 et
943 2772 973 2835 in
1004 2791 1038 2836 se
1068 2773 1168 2853 ipsam
1192 2775 1283 2852 quasi
1307 2791 1437 2838 conver

294 2873 387 2932 teret.
447 2868 514 2932 Hoc
550 2870 682 2931 rrraxime
715 2868 808 2932 modo
842 2868 940 2933 latina
973 2870 1078 2950 lingua
1112 2870 1204 2950 plane
1243 2872 1437 2950 singularem

296 2977 389 3028 nacta
411 2972 460 3029 est
481 2965 624 3043 formam,
647 2985 728 3045 quae
752 2968 893 3059 quamvis
915 2987 1013 3048 prope
1036 2969 1076 3031 ad
1098 2968 1286 3032 infinitivum
1310 2969 1437 3033 accede

291 3070 351 3134 rete
375 3069 480 3128 tamen
504 3072 537 3128 et
558 3082 677 3145 genera
698 3071 731 3128 ot
753 3083 917 3129 numerum
941 3073 1084 3131 servaret
1107 3074 1139 3130 et
1158 3068 1201 3129 ad·
1215 3084 1325 3130 omnes
1341 3069 1437 3132 actio·

292 3179 368 3224 uum
402 3162 570 3228 relationes
604 3162 816 3243 designandas
850 3172 937 3228 esset
969 3164 1301 3228 accommodatissima.
1350 3165 1436 3242 Quae

296 3259 378 3322 ratio
402 3278 471 3323 cnm
495 3260 584 3324 latini
607 3262 769 3339 sermondo,
793 3277 858 3339 quo
878 3279 929 3325 res
951 3263 1039 3343 ipsae
1061 3263 1255 3327 conditiones
1271 3262 1437 3343 designan-

295 3361 357 3434 tur,
388 3357 486 3422 indoli
515 3362 601 3423 esset
622 3358 801 3438 aptissima,
831 3365 862 3422 et
885 3361 1102 3439 antiquissimo
1125 3367 1267 3440 ternpore
1291 3361 1436 3436 obtinuit,

294 3457 328 3517 et
351 3456 466 3518 sensim
489 3457 534 3520 ita
555 3456 697 3534 invaluit,
721 3462 757 3520 ut
779 3457 927 3541 gerundii
949 3477 1019 3522 cum
1042 3459 1220 3523 accusativo
1243 3461 1436 3524 constructio

294 3567 482 3631 quamquam
506 3554 626 3618 nullum
650 3555 776 3618 videtur
798 3562 924 3636 tempus
946 3554 1058 3634 fuisse,
1088 3574 1150 3635 quo
1172 3574 1305 3636 prorsus
1330 3559 1362 3621 in
1385 3558 1436 3623 ob

293 3648 440 3714 livionem
471 3653 607 3729 veniret,
636 3653 738 3716 rarius
764 3658 872 3717 tamen
894 3655 1118 3717 admitteretur
1141 3659 1174 3716 et
1196 3656 1291 3718 certis
1315 3661 1437 3720 tantum

295 3749 420 3812 casibus
443 3750 692 3814 reservaretur.“
732 3751 797 3814 Iam
823 3772 841 3816 a
864 3770 892 3831 p.
921 3757 1085 3815 lib-liti
1107 3754 1287 3819 accrvi-atius
1311 3755 1437 3835 exponit

293 3845 435 3926 singulos
458 3866 548 3913 casus
571 3866 770 3928 porcensem,
792 3850 905 3928 quibus
922 3849 1047 3913 casibus
1063 3850 1206 3928 gerundii
1222 3853 1437 3916 accusativum

298 3943 478 4008 addiderint
504 3952 645 4024 veteres,
680 3947 793 4026 quibus
820 3949 926 4027 potius
953 3948 1139 4028 gerundium
1169 3949 1199 4011 in
1230 3951 1438 4028 gerundivum

298 4045 505 4121 mutaverint,
547 4044 585 4107 de
619 4063 751 4124 quarum
786 4045 918 4108 duarum
955 4045 1219 4109 constructionum
1259 4048 1438 4112 discrimine

295 4154 325 4216 p.
353 4143 411 4203 115
436 4140 512 4206 haec
534 4142 634 4205 addit:
660 4142 725 4222 „Re
748 4143 874 4223 quidem
897 4143 966 4222 ipsa
989 4178 1028 4188 -
1053 4162 1114 4207 non
1137 4145 1285 4208 videntur
1300 4145 1437 4216 differre,

296 4235 353 4299 sed
375 4240 581 4316 grammatica
603 4241 738 4319 ratione,
762 4259 832 4304 cum
856 4241 942 4303 etin
964 4241 1120 4305 obiectiva
1143 4248 1176 4305 et
1198 4241 1229 4303 in
1252 4244 1439 4308 attributiva

296 4339 529 4401 constructione
566 4339 699 4403 actionis
728 4341 821 4403 notio
845 4339 962 4403 inesset
988 4347 1021 4402 et
1043 4340 1203 4403 emineret.
1249 4339 1357 4416 Quare
1390 4341 1438 4404 vei
