3125 5075
281 377 346 442 216
573 365 637 407 ΟΔΡ.
649 365 696 408 XV.
709 364 860 407 Docfflss
872 361 1122 407 memnonem

281 558 496 635 sycophantam
524 563 555 618 et
582 556 747 633 subdolum,
776 571 820 619 ιι.
847 571 920 619 esse
953 557 1094 634 oportet.
1131 549 1217 616 Bud.
1243 548 1291 627 11,
1321 554 1341 613 7
1352 597 1361 625 ,
1387 552 1438 613 12:

282 655 368 717 Intro
397 672 531 729 rumpam
558 654 618 714 iam
645 653 703 713 huc
733 654 764 713 in
795 654 923 714 Veneris
947 651 1057 714 ianam.
1110 646 1178 715 GH.
1210 651 1247 710 ln
1271 650 1439 711 barathrum

282 755 430 819 mavelim,
457 766 499 815 sc.
528 755 568 812 ut
592 766 732 829 rumpas.
777 748 834 828 IV,
865 753 896 827 3,
923 752 980 813 29:
1008 752 1094 811 Hunc
1123 751 1212 811 homo
1240 767 1335 811 uerno
1362 765 1441 810 cna

282 848 378 912 ieret:
400 866 438 909 na
461 855 494 909 tu
515 839 674 922 torpores
696 851 779 910 ocius
802 843 860 931 (sc.
883 844 1025 909 laturum
1047 849 1139 922 esse).
1162 850 1194 925 4,
1218 850 1278 934 30:
1305 848 1393 924 Quid,
1413 852 1441 905 tu

282 947 363 1008 idem
386 948 429 1008 ιιι
451 946 586 1006 mihimet
607 944 682 1016 fieri,
706 946 785 1020 quod
808 962 878 1006 erus
908 947 1062 1006 consuevit
1091 945 1166 1006 tihi?
1189 960 1233 1008 sc.
1256 941 1379 1009 facere
1408 940 1441 1020 Ι,

282 1047 315 1118 4,
337 1048 392 1107 57:
414 1060 470 1117 ego
492 1043 599 1104 haheo.
645 1040 712 1105 GR.
737 1040 807 1119 [Tu]
830 1044 950 1103 hercle:
974 1053 1006 1103 at
1028 1059 1084 1120 ego
1104 1059 1152 1102 me
1174 1044 1312 1118 mavolo,
1334 1058 1378 1106 sc.
1393 1038 1441 1104 ha·

282 1140 372 1207 bere.
416 1136 511 1202 True.
539 1137 583 1218 11,
610 1142 640 1217 2,
664 1142 721 1202 27:
754 1141 933 1215 comprime.
981 1137 1042 1201 ST.
1073 1140 1168 1215 Spero
1199 1157 1302 1199 meam
1330 1138 1442 1215 qnidam

282 1240 397 1314 hercle,
419 1253 463 1300 se.
488 1253 743 1316 compressurum
767 1252 840 1301 esse
862 1252 974 1301 vocem
996 1242 1053 1299 aut
1079 1235 1159 1299 iram
1187 1234 1263 1311 (sed
1292 1234 1377 1316 hacc
1401 1234 1444 1297 ita

284 1334 434 1415 ambigue
461 1332 547 1399 dicta
576 1338 665 1410 sunt,
691 1338 730 1397 ut
758 1332 855 1397 etiam
882 1333 1016 1398 amicam
1043 1330 1225 1413 intelligere
1258 1332 1377 1413 possis.
1407 1329 1442 1394 da

283 1449 349 1513 qua
370 1449 405 1495 re
427 1429 500 1494 vide
522 1429 688 1511 lipsium).
733 1429 764 1495 S.
780 1426 815 1493 O.
839 1428 880 1493 de
902 1428 1036 1493 Bacch:
1064 1432 1108 1492 ita
1129 1432 1352 1493 exdeiccndnm
1378 1449 1441 1492 een·

284 1549 371 1595 suere
398 1561 435 1572 -
460 1531 511 1590 Sei
533 1546 606 1603 quea
629 1538 724 1596 esent,
747 1530 816 1604 quei
838 1529 914 1587 sibei
936 1528 1092 1589 deicerent
1118 1543 1246 1591 naccsus
1276 1547 1330 1591 ase
1361 1530 1442 1589 hacc

283 1631 335 1691 nal
363 1629 484 1699 hahere,
512 1629 574 1688 caia
602 1628 657 1702 (sc.
685 1623 894 1690 exdicendum
921 1622 1017 1704 esse),
1049 1627 1112 1685 utci
1147 1625 1185 1685 ad
1213 1627 1264 1690 Pr.
1304 1626 1442 1687 urbanum

284 1727 409 1787 Romam
432 1725 579 1786 venirem.
624 1722 753 1786 Terent.
777 1720 875 1785 Andr.
898 1720 941 1795 Π,
965 1726 994 1798 2,
1021 1723 1073 1784 10:
1096 1723 1138 1782 Et
1158 1724 1230 1798 quid
1263 1730 1309 1794 tu,
1339 1735 1382 1786 sc.
1407 1720 1441 1783 u·-

284 1838 385 1887 meus
430 1819 487 1897 IV,
514 1824 545 1899 4,
573 1824 629 1883 45:
656 1822 766 1892 Audivi
797 1822 855 1881 iam
887 1822 993 1881 omnia.
1047 1819 1116 1883 DA.
1145 1824 1231 1881 Anne
1262 1829 1300 1881 tn
1329 1818 1443 1879 omnia?

286 1935 332 1985 se.
366 1916 526 1981 audivisti.
550 1922 580 1992 5,
606 1920 661 1979 10:
696 1919 756 1978 iam
789 1918 838 1978 hic
868 1936 938 1979 snos
961 1920 1095 1992 parentis
1122 1917 1282 1994 repperit?
1317 1918 1441 1979 Utinam.

285 2012 348 2079 CR.
370 2019 417 2078 An
439 2034 498 2076 non
521 2016 590 2077 dnm
612 2014 725 2076 etiam?
747 2013 829 2077 Eun.
852 2011 912 2092 ΙΙΙ,
938 2019 964 2092 ι,
988 2019 1043 2077 54:
1066 2016 1098 2075 Si
1121 2016 1256 2076 laudabit
1272 2017 1349 2075 haec
1366 2015 1442 2073 illius

206 2095 266 2194 θ
283 2112 425 2177 formam:
448 2120 482 2174 tn
510 2114 597 2175 huius
627 2122 742 2186 contra,
770 2127 813 2176 sc.
840 2108 975 2175 formem
1009 2109 1148 2176 laudato:
1195 2110 1303 2176 Plane
1333 2109 1441 2174 similia

283 2208 396 2277 attam
417 2207 533 2274 Bernh.
557 2226 575 2273 e
598 2207 732 2273 Graecis
754 2228 783 2286 p.
807 2211 870 2273 456
893 2214 975 2273 extr.
1019 2207 1075 2287 lv,
1101 2211 1199 2287 1,12:
1222 2213 1258 2270 lu
1283 2211 1439 2271 convivium

285 2308 408 2386 iliani,
431 2305 486 2370 uhi
509 2322 571 2370 sec.
602 2306 765 2369 Donatum
792 2323 832 2370 ex
858 2323 1049 2385 praegresso
1077 2326 1191 2369 arcesse
1217 2313 1329 2371 mente
1356 2322 1441 2384 repe

284 2404 417 2470 tendum
439 2407 491 2469 est
511 2420 650 2466 arcessas.
695 2400 812 2466 fleant.
836 2401 862 2482 Ι,
885 2405 915 2482 2,
942 2408 995 2467 17:
1019 2406 1105 2466 Nnnc
1134 2409 1285 2468 servolum
1315 2407 1353 2467 ad
1382 2420 1439 2463 ean

284 2506 317 2566 in
339 2506 443 2565 urbem
466 2500 561 2578 misit,
585 2505 691 2581 etego
715 2508 850 2563 nostrum
873 2520 932 2562 una
954 2501 1068 2578 Syrum.
1090 2499 1152 2581 .V‚
1178 2507 1206 2582 1,
1230 2505 1290 2566 76:
1319 2505 1376 2564 Ηιι
1397 2503 1436 2560 ιιι

285 2611 320 2664 ut
342 2605 453 2663 liberos
476 2610 523 2662 est
546 2618 670 2676 aequom
693 2605 747 2672 (ιι.
771 2595 949 2668 confutari),
967 2601 1055 2662 dictis
1070 2601 1286 2664 confutabitur.
1310 2596 1438 2678 Adelph.

284 2697 345 2776 ΙΙΙ,
369 2704 399 2778 4,
423 2701 456 2761 8:
479 2699 546 2758 Nisi
568 2697 690 2775 iaciant,
714 2716 790 2772 quae
813 2700 881 2757 ilios
904 2707 1059 2774 aequomst
1083 2699 1140 2775 (se.
1159 2696 1292 2775 fucere),
1308 2699 1387 2760 haud
1403 2699 1440 2756 ιιι

285 2796 433 2859 coierent.
476 2792 604 2857 Phorm.
628 2792 671 2873 11,
695 2798 724 2872 3,
747 2797 804 2857 36:
840 2795 986 2855 Nossem?
1021 2792 1088 2857 PH.
1119 2799 1174 2859 lta.
1197 2797 1267 2860 DE.
1309 2801 1374 2872 Ego
1399 2812 1440 2854 me

285 2911 373 2969 nego,
398 2910 441 2956 ιι.
466 2908 537 2955 eum
560 2908 663 2956 nosse.
708 2896 739 2969 4,
762 2894 799 2954 8:
823 2893 889 2966 Dic,
914 2893 1046 2954 Cratino.
1091 2890 1154 2956 CR
1185 2898 1276 2956 Mene
1308 2893 1374 2957 vis?
1402 2908 1439 2955 sc

285 2987 394 3054 dicere
417 3007 520 3053 meam
543 2988 743 3052 sententiam.
788 2985 924 3067 Adelph.
947 2986 1003 3064 lv,
1027 2993 1056 3067 ι,
1087 2994 1142 3056 29:
1172 2995 1252 3054 idem
1285 2993 1365 3070 quod
1392 3009 1441 3064 ego

288 3093 391 3149 suasit.
422 3120 461 3132 -
490 3092 585 3167 Quasi
610 3091 639 3150 si
667 3085 767 3166 igitur
794 3103 858 3149 nou
887 3092 938 3150 ast
963 3085 1165 3165 pleonasmus
1194 3087 1238 3168 (v.
1264 3089 1386 3170 Reisig.
1413 3106 1439 3167 p.

285 3187 371 3261 803),
393 3202 457 3249 non
479 3186 581 3267 magis
603 3201 699 3264 quarn
721 3176 822 3262 ὥσπερ
844 3176 881 3244 ἂν
903 3183 928 3242 ιι
949 3183 1035 3263 apud
1056 3185 1208 3265 Graecos,
1232 3186 1274 3251 de
1298 3205 1362 3268 quo
1376 3186 1441 3250 vide

283 3281 403 3347 Bernh.
431 3300 461 3362 p.
489 3289 562 3348 456.
613 3281 664 3347 Sic
691 3279 796 3344 Plaut.
824 3277 894 3344 Cas.
922 3279 1002 3361 proh
1031 3300 1061 3346 v.
1083 3287 1141 3346 46:
1170 3287 1315 3347 educavit
1342 3303 1440 3362 magna

284 3381 444 3455 industria,
467 3384 561 3459 Quasi
582 3382 611 3442 ai
632 3389 715 3442 esset
736 3398 774 3440 ex
797 3397 829 3440 se
852 3388 932 3441 nata.

371 3484 400 3540 4.
445 3477 589 3542 Tertium
612 3494 714 3558 genus
735 3474 1007 3554 breviloquentiae
1035 3484 1085 3540 est
1110 3497 1248 3558 caupona,
1281 3480 1375 3545 cuins
1399 3479 1440 3542 ιιι

282 3572 319 3638 iu
340 3590 378 3637 eo
400 3574 508 3654 posita
530 3580 590 3654 est,
614 3579 650 3639 ut
672 3592 768 3638 uuum
793 3573 926 3637 verbum
952 3574 994 3638 ad
1019 3574 1146 3656 singula
1173 3577 1323 3642 membra
1351 3595 1440 3641 enun-

285 3669 432 3735 tiationis
456 3671 625 3737 referatur.
670 3671 774 3735 Plaut.
798 3668 951 3748 nul.111‚
976 3675 1005 3750 6,
1030 3677 1085 3739 24;
1110 3677 1183 3734 Tum
1208 3679 1368 3737 obsonium
1394 3695 1440 3737 an·

283 3775 353 3830 tem.
397 3767 497 3833 Recte
521 3768 722 3834 Dissuldeus:
749 3767 972 3847 „subaudiunt
993 3773 1101 3832 misisti
1122 3771 1182 3849 [sic
1205 3769 1368 3853 Taubm.]‚
1391 3771 1441 3837 sed

282 3872 372 3931 recte
395 3866 696 3948 subintelligendum
719 3871 769 3930 est
792 3866 844 3944 [ex
867 3867 1046 3945 antecedd.]
1070 3880 1171 3944 potest
1192 3873 1356 3934 absumere
1379 3875 1440 3933 tihi·

280 3971 359 4042 cina,
383 3970 420 4026 ιιι
442 3962 560 4030 iontem
581 3966 787 4031 interbibere.
832 3964 1010 4045 Propterea
1038 3965 1211 4045 respondet
1233 3966 1434 4049 Megadorus,

279 4081 346 4128 non
367 4078 472 4142 posse,
497 4063 622 4127 etiamsi
645 4064 689 4127 ιιι
703 4063 840 4127 maxima
865 4064 1020 4143 esitatrir,
1042 4063 1117 4143 quia
1132 4064 1219 4143 quod
1240 4066 1331 4131 misit
1350 4067 1439 4131 etiam

279 4158 399 4241 legioni
422 4161 501 4225 satis
525 4177 597 4226 esso
618 4160 751 4241 possit.“
796 4160 889 4226 Most
912 4161 951 4241 V,
978 4167 1005 4240 ι,
1030 4165 1087 4226 31:
1111 4164 1188 4236 Quia
1211 4175 1306 4240 negat
1329 4167 1438 4226 novisse

279 4278 342 4323 vos.
386 4258 450 4322 TR.
474 4259 594 4336 Negat?
629 4257 785 4324 THEUR.
834 4262 898 4321 Nec
932 4279 984 4322 vos
1021 4262 1078 4321 sibi
1112 4262 1271 4322 Nummum
1308 4280 1435 4339 nmquam

280 4361 418 4433 argentei
441 4360 571 4441 dedisse,
595 4358 651 4423 uhi
672 4360 746 4420 ἀιιιι
766 4374 825 4438 pro
847 4363 937 4433 nepot
958 4359 1147 4438 expectatur
1169 4357 1237 4423 sive
1260 4365 1367 4440 et-pro
1382 4376 1436 4434 nec,
