3125 5075
197 355 222 409 4
642 333 794 374 huntedun.
823 334 887 375 ΟΔΡ.
902 334 920 373 Ι.

204 517 378 578 suduculum
401 513 502 587 flagri,
530 541 572 552 -
599 512 792 586 pristinorum
815 511 930 570 ciritae.
966 504 1062 568 Most.
1085 500 1124 579 V,
1148 504 1182 578 2,
1204 503 1247 564 45
1271 504 1365 561 lutum

205 612 245 675 de
267 609 412 679 homine,
434 608 513 672 item
534 604 600 669 Mil.
625 604 672 684 II,
696 608 730 682 3,
754 608 809 667 54:
839 607 915 679 Quia
937 606 1007 663 ludo
1030 605 1102 661 luto.
1147 596 1241 662 Truc.
1265 596 1314 675 11,
1338 602 1367 674 7,

205 712 260 772 31:
283 710 366 768 Tune
389 708 433 768 nis
456 723 502 766 me
525 706 717 780 inpudentem
741 720 818 776 eese,
841 704 909 778 ipse
929 718 1004 776 quee
1028 701 1069 760 sis
1083 699 1234 761 stabulum
1247 701 1368 774 depici?

204 803 300 868 True.
324 801 370 880 11,
395 806 427 878 6,
460 805 500 865 20
521 800 553 864 in
575 817 671 864 versu
693 798 933 879 corruptissimo
957 800 1007 860 est
1027 812 1089 858 see.
1114 795 1369 860 emendationem

206 899 314 964 Bothii
337 905 371 963 et
385 898 565 978 Kempunni
589 896 628 960 de
650 899 700 957 AB
723 912 832 975 praep.
855 912 884 974 p.
910 899 963 959 24;
990 895 1067 969 Quid
1090 895 1128 954 ed
1151 896 1207 954 hoe
1230 904 1369 970 egente,

205 1000 333 1065 mulum,
362 995 578 1058 admonitrice?
621 992 716 1056 Most.
739 991 771 1070 I,
799 997 826 1069 l,
850 996 890 1056 39
924 1009 1065 1068 germane
1092 993 1219 1051 inluvies
1248 989 1290 1053 de
1313 989 1371 1053 ho·

207 1094 301 1157 mine.
347 1091 418 1157 Ceu.
441 1089 500 1170 III,
524 1097 555 1168 4,
578 1094 614 1154 2:
639 1093 697 1165 Qui
721 1108 766 1151 me
791 1099 879 1167 utque
903 1108 1025 1150 uxorem
1047 1089 1241 1162 ludificatust,
1265 1088 1367 1150 larua.

208 1188 290 1255 Cum
314 1187 497 1253 Camerario
521 1194 607 1251 lerna
630 1186 770 1268 positum
792 1186 939 1251 existimo
962 1203 1020 1266 pro
1041 1184 1167 1249 homine
1190 1184 1315 1247 larvam
1339 1189 1373 1248 et

210 1288 333 1351 insuuo.
377 1283 459 1349 Men.
482 1284 514 1364 Ι,
538 1289 574 1360 2,
598 1288 656 1348 24;
694 1286 751 1346 hoc
774 1286 812 1345 ed
834 1285 976 1346 munuum
998 1284 1168 1356 deleretur,
1202 1281 1289 1359 qnod
1312 1285 1372 1358 est,

213 1388 251 1448 nt
272 1383 381 1448 Lumb.
407 1380 501 1462 expl,
523 1398 581 1461 pro
604 1385 711 1446 scorto
733 1379 893 1445 damnoso.
938 1377 1035 1444 Bech.
1057 1378 1113 1458 IV,
1136 1384 1167 1458 9,
1192 1383 1268 1443 131:
1293 1382 1372 1441 Scivi

210 1500 266 1558 ego
281 1484 340 1543 iem
355 1481 463 1542 dudum
479 1479 544 1542 lore
560 1498 607 1541 me
623 1480 748 1539 exitium
762 1480 916 1555 Pergamo.
962 1476 1054 1540 Truc.
1068 1475 1110 1554 11,
1132 1482 1160 1555 l,
1182 1481 1239 1540 50:
1262 1481 1372 1539 Meone

209 1597 279 1654 ero,
301 1578 443 1653 inprobe,
470 1584 503 1637 tu
525 1577 706 1637 maledicere
728 1577 836 1648 eudes,
864 1575 932 1646 sone
953 1576 1213 1650 deceperint?
1256 1572 1372 1639 Bacch.

210 1673 254 1753 11,
278 1678 307 1753 3,
333 1678 375 1738 49
398 1674 505 1749 fungus
528 1671 569 1735 de
591 1670 718 1734 homine
740 1669 867 1751 inepto,
891 1672 968 1735 item
988 1671 1026 1748 V,
1053 1675 1079 1750 1,
1104 1674 1132 1734 2.
1162 1707 1204 1717 -
1232 1669 1325 1737 Cure.
1348 1670 1372 1750 I,

168 1764 172 1772 ’
213 1777 242 1850 1,
262 1774 306 1835 78
327 1769 369 1835 de
385 1769 556 1834 meretrice
572 1768 714 1834 ebriosa:
739 1770 831 1842 Quuei
854 1778 886 1829 tu
907 1770 1064 1842 lupueuam
1086 1770 1179 1845 dices,
1202 1772 1253 1831 nbi
1276 1773 1372 1831 vinnm

209 1871 293 1931 eolet
313 1870 420 1929 Chium
443 1886 518 1931 esee.
565 1865 635 1933 Ces.
659 1865 701 1947 11,
727 1871 754 1945 l,
781 1870 834 1930 12:
865 1868 972 1929 lucium
995 1874 1041 1942 nt,
1064 1870 1190 1944 proinde
1213 1876 1247 1930 ut
1270 1870 1371 1945 dignus

213 1972 276 2042 eet,
304 1969 395 2029 vitum
426 1970 528 2046 Colat,
557 1970 738 2032 Achuuutis
758 1969 911 2043 palicium.
955 1963 1037 2030 Rud.
1059 1964 1118 2044 ΙΙΙ,
1141 1970 1172 2045 4,
1195 1968 1250 2030 28:
1286 1969 1371 2028 etium

213 2065 381 2139 opprobrue
403 2067 475 2143 vim,
502 2070 599 2143 aupiti
620 2067 803 2142 liuprande?
846 2063 942 2128 Poen.
965 2063 1004 2142 V,
1028 2068 1057 2142 5,
1082 2067 1136 2128 30:
1173 2066 1284 2139 lpum,
1313 2067 1371 2125 ih

212 2164 324 2223 melem
347 2179 483 2238 emeem,
505 2179 589 2243 qnae
611 2167 661 2228 est
679 2160 867 2244 significatio
884 2162 944 2226 viri
965 2159 1073 2242 pusilli
1094 2165 1127 2225 et
1147 2161 1369 2227 contemnendi

212 2256 304 2323 Pers.
327 2255 388 2334 IV,
414 2263 448 2337 3,
477 2263 532 2325 64:
570 2280 729 2337 numquam
757 2279 812 2335 ego
839 2269 869 2322 te
897 2269 958 2322 tum
986 2280 1052 2323 esee
1080 2265 1225 2325 mutulam
1252 2265 1369 2324 credidi

211 2352 303 2419 Peru
318 2353 362 2434 Π,
387 2359 415 2435 2,
440 2359 497 2421 56:
520 2361 611 2419 Merx
633 2363 666 2420 tu
687 2358 801 2421 mula'e.
845 2356 959 2423 Peeud.
976 2357 1031 2437 IV,
1058 2364 1085 2438 l,
1108 2364 1164 2424 44:
1187 2362 1278 2422 Maza
1297 2380 1370 2421 mere

211 2460 271 2514 eet.
319 2450 389 2517 Ces.
412 2452 478 2533 111,
501 2457 535 2533 6,
559 2459 619 2519 22:
658 2458 727 2517 novi
755 2458 852 2517 malae
882 2475 937 2532 ego
967 2459 1036 2518 illue
1062 2459 1167 2519 mercis
1190 2456 1369 2535 (mulieres)

211 2548 308 2616 Trnc.
325 2549 368 2629 II,
383 2557 413 2628 4,
438 2556 496 2615 55:
519 2549 547 2614 Ο
562 2570 671 2616 mercae
685 2554 805 2614 malae!
841 2553 955 2619 Bacch.
970 2553 1008 2632 V,
1032 2558 1062 2633 2,
1086 2560 1142 2620 33:
1167 2558 1367 2634 Quemqnume

213 2654 337 2710 mortem
367 2651 532 2726 amplexari
560 2648 654 2725 (he.
684 2666 793 2713 senem
821 2651 1042 2731 decrepitum).
1087 2653 1182 2717 Poen.
1212 2651 1243 2731 Ι,
1276 2657 1313 2732 2,
1338 2657 1369 2718 6(

212 2747 392 2821 propudium
415 2761 474 2824 pro
496 2743 623 2812 homine
646 2747 797 2826 scelesto,
827 2749 904 2814 item
927 2748 1041 2813 Bacch.
1065 2749 1120 2827 IV,
1143 2757 1170 2829 l,
1194 2755 1230 2813 7:
1254 2755 1292 2813 ut
1313 2756 1366 2827 pul

215 2851 264 2905 sut
286 2846 478 2920 propudium.
529 2845 645 2912 Pseud.
674 2846 703 2920 Ι,
733 2853 767 2926 2,
798 2851 854 2911 7οε
888 2850 965 2922 Quin
993 2849 1193 2910 conveniunt?
1228 2853 1298 2925 quin
1322 2869 1369 2910 unt

213 2959 319 3003 omnes
329 2949 411 3017 peste
426 2946 482 3006 hee
502 2947 644 3021 populum
660 2946 812 3008 liberent?
856 2944 927 3008 Aul.
944 2943 970 3016 1,
990 2949 1017 3022 1,
1042 2948 1060 3008 6
1085 2949 1270 3008 stimulorum
1294 2966 1366 3023 sege

214 3036 256 3100 ul>
270 3037 424 3104 Eucliene
447 3040 629 3120 appelletur
644 3041 797 3125 Staphyla
819 3061 909 3107 unus.
938 3040 1019 3105 Rnd.
1043 3041 1087 3121 ΙΙ,
1115 3045 1145 3120 2,
1170 3048 1225 3106 21:
1251 3048 1368 3106 sceleri

216 3154 329 3198 semen.
374 3137 461 3201 Asin.
484 3136 528 3215 V,
552 3130 585 3215 2',
607 3143 666 3203 42:
700 3144 781 3202 Perii
804 3144 943 3202 miserm.
965 3147 997 3201 ut
1024 3144 1197 3201 ensculutnr
1227 3142 1368 3203 cumulet

215 3235 318 3308 eaput
338 3235 434 3305 deme,
456 3233 497 3297 de
520 3251 607 3300 sene.
651 3235 718 3301 Mil.
742 3236 802 3316 111,
826 3241 855 3316 3,
879 3241 934 3300 65:
966 3237 1057 3298 decus
1079 3240 1176 3313 popli,
1199 3240 1366 3301 thensauru

213 3333 387 3410 eopiurum,
410 3334 498 3395 Sulne
521 3335 596 3397 cett
639 3331 755 3399 Pseud
776 3332 808 3404 l,
830 3339 866 3413 4,
893 3338 948 3398 19:
985 3336 1033 3395 Ex
1055 3336 1112 3396 hoe
1133 3337 1266 3411 sepulcro
1288 3343 1368 3397 veter

213 3430 322 3506 viginti
343 3433 440 3495 minue
462 3430 620 3494 heroum
649 3450 705 3508 ego
728 3435 831 3507 hodie,
866 3430 906 3494 de
933 3447 1020 3497 eene.
1065 3428 1157 3496 eure.
1184 3431 1231 3511 V,
1260 3437 1296 3512 2,
1328 3436 1367 3497 te

216 3526 277 3593 Sed
297 3548 401 3593 eccum
417 3534 565 3605 lenonem,
588 3533 710 3605 incedit,
734 3531 929 3591 themanorum
946 3547 1051 3590 mum.
1075 3527 1191 3594 Bacch.
1207 3527 1247 3608 V,
1271 3534 1301 3608 2,
1326 3534 1367 3594 57

219 3629 303 3703 sine,
326 3645 393 3689 men
408 3629 522 3703 petas,
552 3634 583 3688 te
607 3645 741 3703 exorem,
768 3626 856 3707 quod
877 3629 928 3690 est
955 3623 1156 3717 blandientis.
1200 3625 1311 3692 Simile
1333 3645 1367 3692 es

217 3724 305 3804 quod
319 3723 510 3804 Bernhardy
532 3721 628 3788 effert
651 3723 819 3790 eGrneeis
841 3727 923 3805 synt.
946 3740 976 3803 p.
992 3725 1052 3787 46:
1074 3717 1100 3783 ὦ
1122 3715 1256 3803 φιλότης.
1292 3723 1367 3788 Perr

217 3819 258 3901 V,
284 3827 312 3901 l,
338 3825 393 3887 13:
417 3823 521 3885 oculus
543 3839 635 3884 mene.
680 3818 796 3886 Pseud.
819 3820 845 3901 I,
869 3824 899 3900 2,
922 3822 964 3884 46
986 3834 1049 3898 equ
1079 3822 1130 3881 ubi
1151 3822 1203 3882 isti
1226 3831 1296 3884 sunt
1319 3825 1366 3899 qui

217 3920 275 3980 bne
290 3937 343 3981 voe
360 3921 441 3981 oculi
456 3921 540 3994 eetie,
565 3922 678 3994 Quibus
693 3922 772 3982 uitae
788 3921 870 3995 estis,
896 3920 1002 3995 quibus
1022 3918 1154 3986 deliciae,
1177 3921 1267 3993 eevie,
1291 3937 1366 3980 men

218 4016 321 4077 millae
343 4016 497 4077 mellitae?
540 4012 638 4080 Most.
661 4015 687 4097 I,
709 4020 740 4095 4,
767 4019 820 4080 12:
848 4018 894 4078 Oh
917 4017 964 4078 oh
995 4017 1110 4078 ocellus
1133 4033 1166 4077 ee
1189 4034 1287 4077 mens:
1315 4023 1366 4076 tun

219 4129 285 4173 eum
305 4114 451 4188 nlnmnue,
473 4115 533 4174 mel
552 4132 659 4177 meum.
703 4111 793 4178 Asin.
815 4110 875 4190 ΙΠ,
899 4115 928 4191 3,
955 4114 1032 4175 101:
1055 4113 1100 4172 Mi
1121 4114 1245 4187 Libene,
1269 4114 1366 4173 ocelln

219 4206 348 4282 u'urene,
370 4209 480 4270 donum
501 4210 652 4287 deeneqne
676 4213 796 4272 umoris.
840 4207 936 4273 Most
958 4207 984 4287 I,
1006 4213 1036 4288 3,
1062 4211 1115 4272 11:
1149 4212 1226 4272 Volo
1248 4226 1295 4271 me
1318 4212 1365 4284 plu

221 4319 292 4364 cere
315 4304 491 4383 Philolachi,
513 4325 581 4371 meo
603 4308 709 4371 ocello.
753 4303 869 4373 Buech
892 4322 922 4370 v.
946 4308 987 4369 27
1009 4321 1074 4385 su:
1105 4324 1158 4369 nor
1178 4325 1290 4381 meum,
1314 4325 1365 4381 epe
