3125 5075
407 386 514 429 mnodo.
544 384 791 427 concursionibus.
819 382 1015 424 enuulclelull.
1225 391 1287 450 233

130 574 220 639 Trin.
243 573 301 653 1v‚
327 578 353 642 l,
379 579 433 639 13:

164 668 168 674 ’
199 691 268 734 nam
290 689 401 747 opeque
423 672 502 745 soret
523 678 562 750 te,
585 682 634 735 sat
655 674 718 735 scio
740 677 769 733 in
794 677 857 734 alto

199 773 418 833 Distruxlsseut
441 774 545 848 disque
569 774 708 834 tulissent
730 773 880 834 satellites
901 772 946 830 lui
968 772 1108 832 miserum
1130 768 1218 830 loede

199 901 243 912 -
264 869 299 927 ni
320 886 379 944 pax
399 870 532 945 propitia
554 870 634 943 sorel
654 878 787 946 praesto.

130 967 183 1032 De
204 983 268 1046 quo
291 965 361 1029 loco
383 964 582 1032 Bitschelius·
600 965 663 1032 ind.
687 964 784 1030 schol.
812 964 913 1029 Bonn.
939 969 1064 1037 1844s5
1086 981 1118 1043 p.
1143 968 1177 1027 7:
1200 962 1291 1043 „Hoc

131 1062 378 1128 constructionis
400 1080 502 1143 genus
525 1081 723 1145 consequens
737 1080 809 1127 esse
824 1062 977 1129 arbitror:
1003 1065 1124 1138 Absque
1147 1069 1177 1122 te
1201 1061 1291 1139 toret,

130 1179 180 1223 me
203 1163 414 1223 distraxissent
435 1171 646 1239 tempestates:
669 1170 754 1224 tanta
777 1181 878 1224 earum
900 1162 1103 1236 vehementia,
1132 1167 1192 1221 tam
1215 1161 1292 1220 milri

130 1261 331 1336 propinquum
352 1262 474 1321 exitium
490 1268 571 1322 erat:
602 1263 659 1322 nisi
682 1263 729 1321 liis
760 1261 980 1323 discriminibus
1003 1260 1122 1320 tandem
1145 1259 1212 1320 finis
1235 1261 1292 1318 im·

130 1359 250 1434 positus
271 1365 361 1418 esset.
406 1356 559 1422 Videmus
581 1358 663 1422 enim
686 1356 747 1435 hic,
771 1360 810 1419 ut
831 1355 962 1437 Reisigii
991 1355 1098 1420 verbis
1126 1360 1200 1419 utar
1228 1353 1289 1419 hoo

132 1471 235 1535 genus
257 1453 440 1519 universnm
464 1454 556 1519 docte
579 1453 769 1520 illustrantis
793 1471 903 1518 comm.
927 1454 996 1518 crit.
1019 1454 1052 1518 in
1075 1452 1152 1518 Oed.
1168 1451 1234 1517 Gol.
1256 1470 1290 1533 p.

135 1556 198 1617 386
222 1568 306 1632 squ,
329 1552 499 1616 verborum
523 1552 837 1633 comprehensionem
861 1552 988 1633 gemina
1010 1551 1228 1616 enuntiatione
1243 1550 1295 1614 ita

132 1650 339 1719 cumulatam,
361 1655 398 1714 ut
419 1649 579 1715 alterutra
601 1649 761 1730 loquentis
781 1651 886 1715 animo
910 1651 943 1715 in
958 1649 1113 1730 ampliore
1136 1648 1293 1712 orationis

135 1747 260 1812 ambitu
284 1764 386 1828 paene
408 1747 562 1811 excidisse
586 1748 742 1813 videatur.
781 1748 953 1813 Redundat
975 1765 1069 1827 sane,
1097 1747 1124 1810 si
1146 1746 1290 1811 severius

132 1861 223 1925 agas,
244 1845 362 1908 iterata
385 1844 417 1906 in
438 1841 500 1907 fine
524 1846 748 1910 condicionalis
764 1847 933 1922 sententia,
958 1846 1048 1909 cuius
1063 1845 1126 1908 iam
1142 1844 1183 1908 ab
1198 1844 1289 1908 initio

132 1941 224 2006 fecta
247 1953 317 2005 erat
338 1939 539 2022 significatio,
563 1944 619 2007 sed
641 1943 759 2008 iterata
781 1948 832 2009 est
853 1944 1002 2009 uberiore
1016 1942 1209 2022 interposita
1233 1942 1292 2005 de·

130 2038 318 2120 scriptione,
342 2057 404 2119 qna
419 2057 491 2105 cum
510 2041 678 2120 propinqui
702 2042 789 2105 exitii
813 2043 901 2106 notio
924 2048 1074 2120 tanquam
1092 2046 1166 2104 ante
1181 2039 1291 2103 oculos

132 2145 290 2219 ponetur,
318 2136 469 2202 facillime
492 2145 524 2202 et
547 2137 703 2201 sentiendi
733 2140 863 2202 veritati
889 2138 966 2202 satis
993 2137 1216 2202 convenienter
1249 2136 1291 2199 ad

131 2236 281 2315 praestiti
303 2236 412 2301 auxilii
433 2237 659 2316 cogitationem
678 2237 805 2300 animus
827 2235 1029 2300 revocatur.“

221 2339 270 2399 14.
315 2336 547 2397 maundaoonia
579 2336 774 2395 mcuadoriee
806 2329 876 2399 vice
909 2333 1054 2413 fungitur
1086 2334 1290 2409 participium,

132 2430 225 2496 cuius
247 2449 341 2495 usum
364 2447 447 2495 nunc
469 2431 650 2495 accuratius
673 2431 898 2511 spectabimus.
930 2432 976 2495 Ac
998 2431 1137 2511 primum
1160 2430 1289 2511 quidem

132 2526 176 2594 de
191 2533 337 2610 tempore
348 2528 379 2595 si
394 2529 569 2610 quaeritur,
593 2527 720 2594 constat
733 2547 798 2594 non
812 2534 878 2595 tam
894 2534 1020 2610 tempus
1036 2529 1171 2596 actionis
1192 2546 1288 2610 quam

134 2625 350 2694 conditionem
366 2627 544 2708 participiis
559 2627 702 2708 indicari,
727 2632 760 2694 et
773 2629 951 2710 praesentis
966 2628 1093 2708 quidem
1110 2646 1189 2707 eam,
1206 2625 1295 2707 quae

133 2724 293 2806 cumipse
308 2724 434 2790 actione
450 2727 620 2791 coniuncta
634 2734 694 2806 est,
717 2727 886 2807 praeteriti
901 2742 984 2806 quae
1000 2725 1150 2791 absoluta
1164 2726 1289 2789 actione

133 2828 257 2902 exstat,
289 2820 390 2888 futuri
425 2842 496 2889 eam
523 2842 606 2905 qnae
638 2826 803 2905 praecedit
838 2824 995 2889 actionem
1029 2841 1163 2906 eamque
1197 2822 1290 2902 quam

131 2926 316 3002 praeparat
362 2922 488 2998 (Verba
521 2928 597 2988 sunt
629 2921 879 2987 Weissenbornii
912 2922 952 2986 de
986 2922 1118 3002 gerund.
1153 2941 1182 3002 p.
1217 2924 1289 2996 46).

132 3018 341 3099 Participium
364 3027 472 3084 eutem
496 3021 677 3100 praesentis
700 3025 750 3083 est
772 3018 829 3082 ubi
850 3036 913 3082 non
935 3019 1014 3083 satis
1030 3025 1178 3085 accurate
1193 3017 1290 3084 adeo-

132 3132 196 3196 que
218 3133 277 3196 pro
300 3118 456 3197 paeterito
479 3121 513 3182 et
536 3117 645 3182 futuro
668 3123 812 3196 tempore
827 3114 976 3179 videatur
992 3125 1183 3196 usurpatum
1207 3135 1288 3196 esse,

131 3212 181 3279 ita
205 3217 243 3278 ut
266 3212 412 3280 Sanctius
440 3215 573 3280 Minerv.
603 3234 633 3296 p.
667 3219 720 3278 131
758 3230 804 3293 sq.
834 3212 973 3276 omnium
1003 3217 1183 3294 temporum
1209 3213 1291 3277 illud

131 3329 205 3376 esse
229 3312 420 3378 contendere
442 3313 567 3378 audeat.
600 3313 663 3379 Sed
684 3314 710 3376 si
732 3312 914 3376 accuratius
936 3330 1003 3374 rem
1025 3317 1163 3392 spectas,
1186 3312 1292 3376 dicen-

133 3408 210 3472 dum
233 3408 342 3487 potius
365 3417 431 3488 est,
461 3409 680 3476 inhaerentem
703 3410 763 3475 hoe
785 3409 990 3491 participium
1017 3424 1113 3490 saepe
1135 3425 1292 3489 personae

136 3505 316 3571 adsciscere
339 3505 613 3589 significationem,
638 3513 673 3572 ut
696 3526 757 3573 non
788 3508 890 3573 multo
913 3506 1041 3572 differat
1062 3508 1102 3572 ab
1125 3506 1291 3572 adiectivo.

134 3603 183 3668 Ae
204 3603 328 3683 primus
350 3605 476 3684 quidem
500 3606 604 3685 locus,
637 3625 730 3688 quem
754 3605 849 3671 alieri
871 3607 1021 3672 Sanctius
1050 3605 1132 3670 hanc
1159 3605 1191 3669 iu
1213 3622 1292 3685 rem,

132 3701 206 3767 Ter.
230 3701 327 3767 Andr.
347 3703 372 3779 Ι,
400 3710 425 3779 l,
442 3709 498 3769 49:
523 3706 581 3766 Sed
606 3714 762 3784 postquam
787 3724 888 3791 amaus
905 3709 1034 3767 accessit
1055 3708 1183 3781 pretium
1205 3705 1293 3778 polli-

134 3818 217 3881 cens,
251 3799 330 3864 nihil
363 3801 461 3867 habet
494 3800 706 3880 difficultatis,
742 3801 824 3868 lalso
846 3803 929 3868 enim
957 3803 1036 3867 illud
1070 3801 1208 3882 explicat
1234 3818 1293 3879 per

133 3901 259 3961 ocooedt
290 3904 318 3960 ct
345 3903 500 3977 pollicitos
532 3905 607 3976 soit,
641 3901 773 3985 perinde
807 3903 897 3980 quasi
927 3920 988 3965 non
1017 3900 1101 3964 actio
1124 3896 1294 3979 pellicandi

131 4003 289 4077 sequetm
313 3997 440 4064 demum
464 3999 621 4064 actionem
644 3999 815 4065 accedendi
837 3999 887 4063 vel
904 4000 1011 4079 potius
1033 3999 1066 4062 in
1088 3997 1171 4061 idem
1195 4003 1294 4074 atque

132 4084 213 4161 haee
236 4100 371 4177 tompus*
387 4096 514 4162 incidat.
559 4097 683 4162 Deinde
704 4096 831 4161 Phorm.
855 4097 893 4176 V,
920 4103 947 4176 1,
967 4103 1003 4161 31
1031 4114 1091 4176 sp:
1115 4095 1224 4157 offendi
1239 4093 1292 4153 od-

130 4196 251 4257 vasen
270 4198 403 4271 Quocum
426 4199 561 4259 volebam
577 4206 607 4258 et
629 4208 662 4258 nt
683 4200 818 4259 volebam
842 4201 1026 4259 conlocatam
1050 4201 1185 4272 gnatam,
1208 4190 1294 4272 quod

134 4290 272 4372 explicet
297 4290 446 4357 Sanctius
469 4310 542 4374 per:
574 4305 731 4372 postquam
755 4297 878 4366 adveni,
901 4315 960 4358 non
983 4301 1014 4356 in
1036 4299 1160 4370 itinere,
1183 4296 1295 4354 tenen-

132 4389 208 4455 dum
230 4400 282 4456 est
307 4391 464 4455 actionem
489 4390 678 4456 adveniendi
699 4391 797 4457 latius
818 4393 992 4474 propagari
1012 4392 1110 4457 etiam
1131 4389 1164 4453 in
1186 4392 1294 4468 poste-
