3125 5075
575 346 723 387 nocrimen
740 343 975 386 Pnn'rlcnnnnml.
1278 353 1356 415 385

198 535 296 602 Idem
318 534 393 600 ibid.
416 534 472 605 IV,
496 541 531 615 3,
556 540 613 601 39:
637 540 721 600 Unus
737 545 785 600 est
799 539 877 614 dies,
901 537 968 598 dnm
981 544 1136 614 argentum
1152 537 1264 611 eripio:
1274 553 1356 611 pao:

198 638 246 698 nil
271 636 429 712 amplius.“
451 633 533 699 Vide
557 635 653 699 etiam
675 634 850 699 Menrsium
873 633 914 698 ad
936 633 1039 699 locum
1062 632 1238 698 Trinummi
1260 632 1292 697 in
1307 635 1356 698 ed.

197 732 465 800 'l'eubmannione
485 737 520 797 el
542 731 731 798 Salmasium
753 733 785 797 in
808 732 857 797 ed.
882 732 1114 798 Boxhornienn.
1136 767 1180 777 -
1201 733 1271 797 Pro.
1294 730 1358 795 Do-

198 831 368 898 natusne
397 836 469 897 eolo
497 831 643 911 partibus
672 831 826 897 orationis
856 850 885 911 p.
918 834 993 896 169:
1028 831 1139 912 „Licet
1164 836 1273 895 eutem
1298 847 1358 911 pro

199 929 428 996 interiectione
462 928 558 993 etiem
596 929 676 995 alias
708 934 819 1011 paries
852 929 1005 995 orationis
1039 929 1180 1011 singulas
1209 927 1358 1010 pluresve

200 1045 386 1110 supponere
394 1026 424 1107 ,⁸⁸
446 1027 487 1092 ad
510 1045 540 1107 q.
563 1027 584 1092 l.
608 1028 794 1093 Caesarius:
818 1027 890 1109 „Sic
907 1031 997 1106 pro.“
1021 1028 1100 1094 Vide
1124 1029 1163 1092 de
1186 1027 1246 1093 hae
1260 1028 1359 1092 inter·

199 1126 345 1194 iectione
367 1126 462 1191 etiem
486 1125 582 1191 Herz.
605 1126 645 1192 ad
670 1125 745 1192 Sall.
769 1125 838 1193 Cal.
861 1146 891 1208 p·
916 1132 975 1192 102
1002 1145 1047 1208 sq.
1069 1126 1171 1191 Plaut.
1197 1115 1310 1207 Ariph.
1335 1125 1359 1201 Ι,

204 1233 243 1309 l,
267 1229 346 1291 22οε
369 1226 430 1286 Pro
453 1227 556 1303 fidem,
583 1227 716 1287 Thebani
738 1229 827 1288 cives.
873 1229 900 1291 A
928 1226 997 1291 loco
1027 1231 1134 1290 autem
1159 1224 1228 1290 Cas.
1259 1223 1308 1300 II,
1331 1230 1361 1294 4,

206 1329 312 1403 apro
333 1324 472 1389 alienum
496 1326 561 1402 est,
584 1343 611 1387 v.
636 1322 795 1388 Handinm
819 1323 954 1390 Turseli.
980 1324 1036 1404 IV,
1064 1342 1094 1404 p.
1119 1329 1181 1389 572
1204 1330 1238 1389 et
1258 1323 1361 1389 Lade·

202 1424 339 1506 wigium
361 1421 394 1487 in
416 1422 521 1487 adnot.
546 1422 586 1487 ed
608 1422 679 1487 eas.
701 1420 733 1487 in
755 1441 835 1488 mns.
859 1422 907 1488 rh.
930 1442 962 1504 p.
982 1429 1051 1504 197,
1075 1422 1129 1504 qui
1152 1422 1228 1488 dicit
1244 1442 1305 1500 pro
1327 1427 1361 1486 et
1477 1479 1479 1484 .

202 1543 263 1588 voe
286 1522 443 1587 interient.
468 1521 553 1602 apud
576 1521 725 1586 Plautum
747 1539 908 1601 nunqnam
933 1522 1018 1587 solas
1039 1521 1130 1603 poni,
1154 1521 1210 1587 sed
1233 1539 1362 1601 semper

203 1621 326 1690 eddim
346 1620 417 1685 eliis
440 1618 611 1685 vocabulis.
656 1619 753 1685 Poen·
777 1620 815 1701 V,
840 1625 875 1698 5,
899 1625 934 1686 3:
958 1623 1020 1682 Pro
1049 1640 1186 1697 supreme
1215 1623 1360 1697 Iuppiter.

203 1717 325 1787 creon.
347 1718 428 1786 stat.
452 1717 633 1800 Synephebi
657 1716 694 1783 fr.
720 1726 753 1784 3:
777 1722 839 1784 Pro
862 1723 948 1782 deum
964 1724 1082 1797 inploro
1098 1721 1195 1782 fidem.
1233 1717 1361 1782 Terent.

205 1819 308 1886 Andr.
342 1817 373 1898 Ι,
407 1823 443 1898 5,
472 1823 506 1897 2,
537 1836 564 1879 V.
600 1815 723 1881 Ruhnk.
753 1839 783 1882 v.
815 1824 869 1883 li:
897 1821 960 1879 Pro
987 1821 1072 1880 deum
1100 1825 1189 1895 otono
1213 1819 1361 1880 hominnm

204 1919 313 1982 fideml
355 1915 483 1981 Phorm.
506 1914 556 1994 H,
581 1921 613 1986 3,
637 1921 673 1979 4:
692 1936 754 1998 pro
777 1920 864 1979 deum
880 1919 1094 1980 inmortalium!
1110 1950 1150 1962 -
1168 1917 1203 1977 St
1216 1923 1245 1979 si
1257 1915 1361 1981 Plaut.

203 2015 304 2084 Most.
327 2013 374 2095 II,
398 2020 432 2087 2,
456 2020 510 2095 75,
541 2033 568 2076 v.
594 2015 731 2081 Gronov.
755 2051 796 2060 -
821 2021 916 2079 Totae
938 2015 1035 2080 Noev.
1061 2013 1233 2079 Tarentilla
1265 2013 1303 2079 fr.
1334 2020 1362 2080 5.

204 2113 315 2181 Pleni.
338 2112 435 2179 Stich.
458 2113 497 2192 V,
521 2120 556 2191 7,
585 2118 612 2177 3.
658 2111 796 2179 Cheli&
828 2110 1011 2196 „iortpoivqoac
1037 2108 1196 2196 o’rpxaiurif‘
1228 2113 1277 2177 De
1309 2132 1364 2176 vae

204 2211 368 2280 interieet.
392 2216 426 2276 et
454 2210 580 2276 casibus
610 2230 681 2276 eum
708 2213 824 2292 quibus
851 2214 1064 2295 coniungatur
1086 2230 1115 2277 v.
1145 2211 1303 2293 Lndewig.
1331 2212 1363 2275 in

203 2310 362 2382 zeitschr.
386 2311 407 2376 f.
430 2310 492 2375 All.
518 2314 616 2390 1842,
639 2330 670 2391 p.
697 2316 788 2377 1079.
811 2348 854 2359 —
879 2316 946 2377 Volo
967 2310 1061 2376 Most.
1084 2312 1110 2391 I,
1134 2316 1163 2392 3,
1187 2315 1236 2377 99.
1277 2313 1365 2374 Velio

193 2411 283 2481 eos.
307 2410 362 2488 IV,
385 2415 419 2489 4,
443 2415 492 2476 25.
