3125 5075
286 355 348 428 310
573 358 635 398 car.
651 358 695 398 xv.
723 357 871 398 oocrsum
899 355 1151 397 asoscmrrorruu.

282 555 394 613 tamen
419 547 535 621 obstat,
559 548 727 627 quominus
742 554 933 627 sequantur,
957 564 1038 626 quae
1052 552 1180 628 negant
1198 546 1331 612 Terent.
1347 546 1434 613 Andr.

287 646 314 725 Ι,
341 652 368 726 l,
393 652 420 709 3.
466 646 495 710 d.
519 644 681 710 Adhaeret
704 664 801 726 saepe
825 645 998 724 conclusio,
1032 662 1115 726 quae
1143 645 1217 710 ideo
1242 651 1294 710 est
1316 642 1435 722 firmior,

285 743 372 823 qnod
395 749 484 809 certo
515 750 548 807 ct
575 751 687 824 aperto
708 749 905 825 ‘argumento
931 744 1054 809 nititur.
1105 743 1158 809 Sic
1184 742 1319 823 ponitur
1346 762 1435 819 nempe

286 841 319 905 iu
349 841 489 921 epodosi.
533 840 636 906 Plaut.
667 842 756 907 Pers.
784 841 814 919 Ι,
841 848 874 920 i,
905 846 961 906 46:
995 844 1107 919 Nempe
1136 845 1234 905 habeo
1267 845 1301 904 in
1331 845 1435 904 munio.

284 940 419 1004 Terent.
452 939 532 1003 Eun.
563 939 593 1019 Ι,
617 945 652 1017 2,
677 945 734 1005 78:
769 944 881 1015 Nempe
913 944 1012 1003 omnia
1045 944 1119 1003 haec
1150 959 1230 1002 nnuc
1259 942 1355 1002 rerba
1391 942 1436 1000 huc

289 1042 415 1099 redeunt
450 1040 585 1115 deniquo.
636 1058 662 1103 e.
701 1040 750 1104 De
784 1057 885 1113 rcaurpc
924 1038 956 1101 in
989 1038 1245 1118 interrogatione
1280 1038 1387 1117 posito
1415 1055 1436 1100 r.

283 1134 309 1211 ,5
343 1141 380 1197 lb
404 1135 424 1199 l.
460 1169 500 1180 -
533 1136 554 1201 f.
589 1136 845 1217 interrogatione
877 1136 962 1199 iacta
998 1136 1194 1216 respondent
1224 1135 1338 1200 latini
1366 1132 1438 1199 alhr-

285 1233 403 1296 mando
435 1251 491 1312 per
520 1255 635 1314 neapc,
670 1235 796 1314 quando
827 1251 880 1298 res
912 1234 982 1314 ipsa
1009 1235 1136 1299 videtur
1158 1240 1277 1315 aperta
1301 1241 1366 1298 ant
1384 1250 1438 1295 om

287 1330 383 1394 uibus
417 1337 493 1395 uota
527 1339 584 1397 arri
616 1332 797 1396 necessaria
832 1350 913 1396 esse.
966 1332 1024 1396 Est
1053 1332 1153 1413 igitur
1180 1334 1247 1394 siue
1280 1332 1386 1400 dubio,
1413 1350 1439 1391 re

285 1447 370 1495 uara
388 1433 489 1503 pluere.
534 1431 637 1509 Saepe
661 1429 744 1508 apud
770 1434 881 1509 poetas
903 1434 937 1494 et
958 1433 1103 1494 oratores
1125 1431 1172 1493 ita
1192 1427 1230 1493 ut
1253 1435 1334 1509 post
1354 1429 1438 1493 iuter·

290 1529 493 1605 rogationem
515 1527 722 1604 rhetoricam,
746 1528 836 1606 quasi
859 1525 947 1591 nulla
969 1534 1026 1592 ant
1046 1529 1155 1608 inepta
1176 1526 1333 1592 videatur
1355 1543 1439 1591 causa

289 1624 479 1702 quaerendi:
510 1626 627 1690 idcirco
657 1625 705 1689 vis
737 1630 787 1687 est
817 1624 1008 1704 particulae,
1039 1632 1076 1689 ut
1103 1626 1282 1706 cogitetur:
1319 1624 1383 1688 noli
1402 1624 1439 1686 ita

289 1738 463 1800 quaerere:
487 1742 559 1787 nam
583 1728 729 1803 apertum
753 1729 812 1801 est,
834 1741 908 1787 nam
929 1723 1017 1787 vide:
1042 1722 1126 1802 quod
1141 1740 1238 1802 saepe
1253 1721 1364 1787 lenem
1377 1722 1439 1786 irri-

288 1820 408 1882 sionem
432 1820 464 1883 in
487 1838 521 1885 se
545 1820 649 1885 habet.
696 1820 798 1885 Plani.
823 1819 888 1883 Mil.
914 1819 968 1897 iv,
992 1828 1022 1897 4,
1047 1826 1104 1886 27:
1127 1822 1240 1895 Nempe
1262 1829 1299 1882 ut
1321 1825 1439 1884 adsimu-

288 1921 345 1978 lem
372 1938 416 1977 me
440 1935 540 1980 amoro
565 1923 649 1980 istius
674 1923 797 1981 differri.
841 1918 921 1983 Rau.
944 1917 985 1994 ΙΙ,
1010 1925 1038 1993 7,
1062 1924 1097 1982 7;
1121 1922 1234 1993 Nmpe
1255 1919 1366 1983 meae?
1390 1915 1437 1983 SC.

287 2018 400 2089 Nempe
427 2019 529 2077 nescio
560 2020 647 2078 istuc.
691 2034 720 2081 v,
746 2023 781 2082 9:
813 2019 925 2091 Nempe
960 2016 1104 2092 puellae?
1149 2013 1207 2080 SC.
1242 2019 1361 2092 Nempe
1387 2037 1440 2078 mo·

291 2114 402 2174 lestu's.
434 2111 561 2177 Terent..
578 2114 659 2178 Eun·
677 2113 737 2193 ΙΙΙ,
755 2120 784 2194 5,
805 2121 857 2179 15:
881 2117 987 2177 Nostin
1011 2118 1098 2192 hanc,
1120 2133 1207 2191 quam
1231 2127 1317 2177 amat
1332 2115 1440 2177 irater?

290 2209 357 2278 AN.
383 2215 473 2290 Novi3
496 2231 611 2290 ncurpc,
635 2217 763 2290 opinor,
787 2215 942 2275 Thaidem.
987 2231 1016 2292 g.
1048 2211 1152 2290 Saepe
1173 2209 1255 2276 haec
1279 2211 1440 2292 particula

290 2308 434 2387 inprimis
457 2308 489 2373 in
507 2307 688 2389 colloquiis,
712 2310 846 2376 inservit
866 2310 1005 2375 irrisioni
1029 2316 1062 2374 et
1085 2308 1280 2374 cavillationi
1304 2315 1339 2374 ei
1359 2310 1441 2375 dissi·

291 2406 466 2482 mulatioui,
490 2424 584 2487 quam
608 2408 742 2473 ironiam
760 2414 881 2473 vocant.
910 2404 1205 2486 Affirmaturenim,
1228 2409 1319 2487 quod
1333 2425 1441 2488 appro-

291 2504 360 2568 bari
394 2523 455 2569 non
490 2506 616 2585 poterit.
664 2506 767 2571 Plaut.
793 2505 864 2571 Cat.
888 2506 935 2584 ΙΙ,
959 2512 994 2577 3,
1020 2510 1073 2572 18:
1107 2507 1220 2581 Nempe
1253 2510 1316 2584 ita,
1350 2517 1383 2568 nc
1412 2514 1440 2566 tu

289 2605 396 2665 mihi’s.
443 2603 569 2668 Terent.
597 2605 693 2669 Andr.
719 2604 783 2682 ΙΙΙ,
808 2611 842 2684 5,
871 2610 923 2668 12:
952 2607 1062 2680 Nempe
1084 2614 1116 2665 ut
1139 2609 1235 2667 modo.
1283 2604 1314 2667 h.
1338 2606 1440 2678 Nmpe

290 2706 367 2763 mrim
388 2702 664 2767 iuveniturPlaut.
678 2703 853 2767 Trinumm.
869 2703 899 2778 I,
917 2709 946 2779 2,
963 2708 1020 2766 23:
1044 2705 1153 2777 quue
1176 2707 1253 2763 caim
1278 2713 1324 2774 tu,
1349 2705 1439 2773 credo,

291 2820 336 2861 mo
361 2804 568 2876 inprudentem
593 2806 773 2877 obrepseris,
796 2801 836 2864 de
859 2818 922 2879 quo
945 2802 1016 2864 vide
1038 2799 1247 2865 Ritschclium
1274 2799 1439 2880 prolegom.

289 2913 318 2974 p.
346 2904 393 2959 75.
420 2932 458 2941 -
484 2902 645 2967 Nimirum,
669 2906 706 2962 ut
728 2907 816 2964 recte
839 2899 917 2964 dicit
939 2898 1083 2963 Handius
1100 2896 1235 2962 Turseli.
1260 2898 1324 2961 vol.
1341 2896 1395 2973 lv,
1415 2913 1439 2975 p.

289 2999 361 3066 203,
387 2997 595 3075 conpositum
620 3002 670 3060 est
693 3016 731 3062 ex
753 3002 800 3067 mi,
824 3015 882 3078 pro
904 3017 940 3058 uc
964 2996 1053 3060 utin
1076 2999 1147 3063 aiei,
1169 2999 1301 3057 nihilum
1317 2995 1439 3066 dictum,

290 3101 322 3156 et
345 3098 463 3157 mirum.
511 3098 617 3170 Quare
641 3094 802 3176 siguificat
829 3095 957 3176 proprie
986 3113 1046 3155 ιιοιι
1073 3097 1191 3156 mairam.
1237 3094 1386 3158 Donatus
1407 3092 1442 3156 ad

287 3190 417 3255 Terent.
440 3193 520 3256 Eun.
545 3192 604 3272 ΙΙΙ,
629 3199 660 3273 3,-
682 3197 714 3258 2:
742 3192 849 3273 ,solve
870 3196 1022 3268 nimirums,
1045 3196 1079 3256 at
1099 3189 1159 3269 fac,
1180 3211 1241 3252 ιιοιι
1263 3199 1309 3255 eet
1329 3196 1440 3253 ιιιιιιιι.

288 3289 434 3353 -Nam
466 3295 499 3352 ιιι·
525 3311 562 3353 ιιι
590 3289 749 3372 significat
775 3295 810 3355 et
839 3310 876 3353 me
897 3291 987 3352 ιιοιι.“
1033 3290 1136 3354 Plaut.
1161 3289 1232 3354 Aul.
1256 3289 1309 3365 11,
1332 3294 1368 3366 8,
1392 3292 1442 3352 23:

288 3389 440 3449 Nimirum
462 3395 602 3463 occidor,
631 3394 662 3451 ni
693 3394 772 3452 intro
800 3394 857 3453 hac
879 3409 1009 3467 propero
1033 3407 1166 3452 carrera.
1210 3386 1344 3453 Terent
1368 3387 1442 3451 Eun.

288 3481 339 3562 ΙΙ,
363 3490 392 3563 2,
417 3492 471 3550 37:
500 3492 534 3547 mi
555 3490 679 3556 mirsam,
702 3491 785 3550 hisce
809 3491 943 3551 homines
966 3490 1086 3563 frigent.
1131 3484 1198 3566 111,
1223 3490 1252 3563 3,
1277 3489 1315 3549 2:
1339 3492 1443 3564 quanto

289 3587 382 3657 magis
406 3590 558 3664 magisque
583 3589 690 3663 cogito,
714 3588 759 3646 Ni
779 3589 898 3656 ιιιιιιιιιι,
922 3590 1006 3649 dabit
1021 3589 1095 3648 haec
1113 3588 1205 3646 Thais
1221 3587 1297 3645 mibi
1311 3599 1442 3657 manuum

287 3685 406 3740 malum.
437 3680 493 3760 iv,
519 3688 546 3758 7,
575 3689 625 3747 14:
649 3686 693 3744 Ni
713 3687 832 3753 miram,
856 3688 1011 3748 consilium
1034 3684 1109 3746 iliad
1123 3691 1270 3744 rectumst
1294 3684 1332 3742 (ia
1348 3684 1444 3743 occlu-

288 3776 393 3840 dendis
423 3783 555 3845 aedibus.
586 3816 629 3826 -
656 3783 769 3857 Oppido
790 3809 835 3837 =
862 3780 971 3858 valde,
999 3801 1029 3846 v.
1052 3780 1133 3846 Nou.
1162 3786 1196 3844 et
1225 3778 1315 3842 Post
1347 3776 1445 3841 Plaut

287 3874 402 3955 Amph.
426 3877 451 3957 Ι,
479 3883 505 3956 i,
533 3883 605 3943 143:
628 3866 741 3956 Oppido
764 3884 876 3944 interii.
897 3913 932 3924 -
957 3881 1055 3941 Ραιιιι
1074 3878 1168 3943 Emrii
1190 3874 1446 3955 heduphagctica

287 3988 316 4035 ιι,
340 3976 369 4036 8.
399 3977 516 4038 Ραιιῑιιι
546 3976 626 4040 Cato
648 3976 686 4042 B,
713 3978 752 4043 R,
775 3997 802 4044 c,
827 3985 860 4049 5,
891 3983 928 4045 6:
961 3981 1098 4041 bubulcis
1124 3979 1302 4054 obsequitur
1327 3976 1445 4051 ΝΜ

288 4090 345 4147 quo
369 4076 520 4138 lubentius
543 4078 633 4138 bores
658 4087 771 4140 carent.
804 4081 835 4154 6,
859 4082 894 4142 5:
918 4080 1030 4139 circum
1053 4094 1180 4139 coronas
1203 4081 1236 4136 at
1258 4077 1373 4136 circum
1388 4075 1445 4133 rias

286 4173 381 4231 ulmos
411 4176 504 4234 serito
533 4185 564 4234 ct
587 4178 703 4249 partim
731 4180 869 4252 populos.
914 4171 968 4239 Or.
999 4174 1040 4239 de
1069 4172 1192 4237 ambitu
1215 4186 1265 4251 ap.
1290 4171 1391 4236 Prisc.
1413 4168 1445 4232 V-

287 4281 317 4344 p.
342 4272 404 4332 668
426 4268 480 4333 P.:
513 4275 564 4332 sed
588 4281 657 4335 suut
681 4276 798 4346 partim
821 4277 870 4351 qui
893 4277 968 4337 cett
991 4299 1036 4322 ==
1057 4269 1216 4348 nonnulli,
1248 4288 1335 4350 pars.
1358 4267 1446 4334 Ennii

285 4363 388 4428 annal.
413 4366 433 4430 l.
456 4367 547 4447 XVI,
577 4368 613 4432 ir.
639 4374 694 4434 20:
721 4375 838 4447 partim
862 4373 1065 4447 requiescant.
1111 4367 1244 4432 Terent.
1268 4368 1348 4435 Hac
1373 4365 1444 4448 prol.
