3125 5075
533 481 623 522 CASUS
636 482 905 528 ΘΠΒΒΤᾸΙΙΤΙΙΙΟΒΠΙ.
918 503 945 515 -
959 485 1064 527 ΔΒΙΔΤ.
1344 496 1384 555 65

229 648 416 717 dictionibus
428 653 565 733 ponitur
575 653 645 720 loco
660 657 855 736 pronominis
872 676 944 724 cum
960 659 1200 740 praepositione
1214 660 1384 725 coniuncti.

229 743 300 811 Cato
322 745 363 812 R
378 748 418 813 R
434 767 462 813 e
481 754 543 815 127
549 772 557 815 :
582 756 651 815 hinc
673 757 778 833 bibito,
801 754 839 818 ci.
859 754 1073 838 Hartungium
1089 756 1129 822 de
1146 755 1273 822 casibus
1288 775 1319 837 p.
1336 762 1383 823 13.

305 845 339 911 k.
374 845 517 914 Veteres
540 850 651 916 comici
673 855 743 913 hiric
765 854 1001 932 componebant
1021 856 1118 919 etiam
1145 872 1216 921 curn
1239 872 1387 919 numera·

229 941 306 1008 libus
337 943 532 1012 nominibus
578 946 696 1014 Omnes
722 967 800 1013 vero
828 956 943 1030 poetae
971 954 1042 1014 hinc
1072 952 1237 1031 dumont,
1272 951 1326 1017 ubi
1353 952 1387 1015 id

230 1045 297 1106 orat
317 1041 573 1123 designandum,
603 1063 706 1126 aquo
727 1045 816 1112 ahud
839 1047 915 1127 quid
945 1046 1017 1113 fieri
1039 1049 1213 1129 inceperat.
1258 1049 1386 1113 Servius

230 1138 265 1204 sd
287 1138 403 1220 virgil
428 1142 506 1207 Aen
530 1141 562 1220 Ι,
595 1148 669 1210 194:
693 1148 763 1207 hinc
792 1148 940 1222 proinde
969 1150 1017 1207 vel
1042 1156 1121 1224 post.
1165 1146 1258 1210 Ennii
1282 1146 1386 1211 annul.

231 1235 249 1300 I
269 1235 295 1314 1,
317 1235 358 1301 ir.
377 1243 429 1316 53,
454 1257 482 1302 v.
500 1245 550 1305 74.
572 1239 592 1304 1.
615 1241 654 1321 X,
677 1241 716 1306 fr.
733 1245 761 1306 6.
807 1242 980 1307 Euhemeri
999 1240 1037 1307 ir.
1057 1248 1107 1323 11,
1131 1248 1181 1321 58,
1204 1242 1260 1307 uhi
1282 1247 1388 1308 tannen

195 1354 202 1374 ·
233 1335 324 1399 etiam
346 1352 409 1415 pro
430 1347 595 1415 propterea
622 1339 761 1420 positum
785 1358 856 1406 esse
878 1347 993 1422 potest.
1039 1339 1144 1405 Plaut
1167 1340 1282 1406 Pseud.
1306 1340 1330 1417 Ι,
1359 1345 1388 1418 3,

239 1439 305 1500 115ε
328 1445 363 1496 nt
387 1445 420 1496 tu
443 1438 514 1498 binc
535 1457 626 1513 porro
649 1440 720 1515 quid
743 1458 814 1515 agas
837 1445 986 1503 consulas.
1030 1437 1118 1503 Pers,
1141 1436 1184 1515 II,
1207 1442 1237 1517 4,
1263 1442 1311 1500 25.

310 1535 409 1594 Illinc
431 1532 499 1597 sive
521 1537 607 1595 illim.
651 1535 746 1599 Ennii
761 1535 947 1616 Iphigeniae
970 1536 1007 1600 ir.
1023 1542 1054 1606 4,
1077 1556 1105 1601 v.
1129 1540 1204 1600 258:
1228 1556 1293 1598 cum
1316 1538 1389 1598 illuc

236 1640 348 1693 ventmn
372 1641 429 1705 est,
452 1636 497 1693 ire
520 1634 604 1693 illiue
625 1637 716 1696 lubet.
763 1632 867 1698 Plout.
892 1633 986 1699 Truc.
1003 1633 1059 1713 IV,
1084 1639 1113 1712 3,
1138 1638 1191 1698 79;
1214 1637 1259 1695 No
1270 1636 1307 1708 ¹⁴)
1330 1637 1390 1695 ista

237 1731 382 1789 stimulum
404 1731 525 1805 longum
547 1734 652 1807 habet,
682 1749 758 1807 quus
780 1751 874 1808 usque
895 1734 980 1794 ildino
1002 1752 1055 1795 eor
1077 1736 1183 1809 pungit
1205 1735 1315 1793 meum!
1349 1763 1386 1775 —

234 1827 313 1887 lidius
334 1826 456 1907 legitur
475 1825 572 1891 Poen
585 1826 623 1905 V,
648 1832 677 1905 2,
701 1831 757 1906 273
780 1827 895 1893 Bacch.
917 1828 959 1908 ΙΙ,
984 1836 1013 1907 3,
1037 1834 1087 1893 67.
1111 1833 1168 1906 863
1192 1828 1277 1892 Men.
1298 1826 1336 1905 V,
1361 1832 1390 1904 2,

235 1928 285 2001 18;
308 1923 405 1988 Most
422 1942 451 1988 v.
466 1928 546 1999 4673
568 1927 652 1986 iiiive
666 1923 782 1990 Bacch.
795 1923 855 2001 111,
873 1931 902 2003 3,
918 1930 975 2004 43;
999 1926 1082 1991 Men.
1099 1926 1142 2005 ΙΙ,
1160 1932 1189 2005 3,
1213 1929 1268 1997 61;
1293 1924 1390 1988 Mero.

237 2019 613 2101 mamvam

314 2122 420 2183 Istinc.
465 2120 570 2185 Plout.
587 2120 678 2201 Cupi.
699 2140 729 2186 v.
751 2125 829 2186 658:
853 2125 898 2183 Ite
920 2123 1016 2190 istinc
1039 2124 1153 2186 ecferte
1175 2127 1249 2186 lora.
1295 2120 1390 2184 Most.

237 2214 291 2297 ΙΙΙ,
315 2222 345 2296 2,
373 2221 448 2284 164;
483 2222 533 2280 obi
554 2221 649 2282 istinc.
692 2219 810 2284 Pseud.
832 2218 887 2298 IV,
912 2223 940 2295 7,
964 2224 1021 2284 99:
1054 2224 1120 2282 Non
1144 2229 1176 2281 tn
1197 2222 1285 2282 detine
1306 2221 1391 2279 abis?

236 2313 346 2381 Pseud.
370 2315 396 2395 Ι,
423 2322 450 2395 1,
474 2321 529 2382 31:
553 2326 586 2378 tu
606 2320 695 2380 istinc
716 2337 753 2379 ea
777 2337 847 2379 cera
870 2320 940 2378 cita.
984 2315 1065 2380 Rud.
1087 2316 1142 2395 IV,
1166 2324 1196 2394 4,
1220 2321 1273 2381 33:
1297 2318 1390 2391 Equi-

235 2414 297 2475 dem
320 2434 377 2491 ego
400 2433 498 2492 neque
521 2424 636 2491 portem
659 2432 753 2492 posco
776 2417 850 2475 mihi
870 2414 959 2475 istinc
981 2414 1017 2473 de
1040 2416 1117 2475 istoc
1146 2417 1259 2488 vidulo,
1294 2411 1392 2491 signi·

236 2506 380 2577 ficatione
404 2512 567 2592 partitiva,
589 2513 666 2578 item
688 2512 805 2578 Pseud.
830 2530 858 2576 v.
885 2514 976 2574 1164.

317 2612 484 2686 Utrimque.
521 2611 615 2675 Ennii
637 2612 741 2676 annal.
761 2611 783 2674 l.
800 2609 885 2687 XIV,
908 2607 945 2672 fr.
963 2614 991 2670 7.
1014 2606 1156 2686 1111111,
1179 2605 1217 2670 fr.
1234 2612 1264 2670 4.
1287 2605 1389 2670 Plaut.

236 2705 349 2786 Amph.
365 2706 447 2788 prol.
464 2726 493 2772 ν.
512 2713 586 2772 lll:
612 2713 796 2784 Utrimquest
810 2710 942 2787 gravida,
966 2717 997 2768 et
1019 2724 1056 2767 ea
1079 2709 1143 2768 viro
1167 2716 1198 2765 et
1221 2724 1257 2765 ex
1280 2723 1392 2765 summo

238 2805 311 2866 love.
358 2804 385 2883 Ι,
411 2811 438 2884 l,
462 2811 518 2869 77:
542 2811 700 2870 clamorem
722 2809 872 2881 umorque
894 2806 1038 2866 ecferunt.

322 2907 373 2968 13.
417 2903 447 2969 b.
479 2905 639 2965 Abiotivue
667 2907 767 2965 medii.
805 2903 877 2967 Huc
899 2900 1041 2982 pertinet
1063 2899 1221 2964 ablativus
1243 2904 1394 2964 rectusa

236 3002 289 3073 fiai
310 2998 545 3082 significatione
573 3021 682 3083 praep.
706 3010 790 3064 tenues
817 3000 921 3080 posito
949 2997 1035 3078 apud
1058 2996 1211 3061 Catonem
1237 2998 1274 3062 R.
1300 2997 1335 3060 R.
1365 3014 1391 3060 c.

237 3103 287 3177 28,
309 3103 345 3162 2;
380 3109 487 3175 postea
508 3106 625 3177 operito
648 3110 731 3162 terra
753 3100 905 3160 radicibus
927 3099 986 3158 fini
1034 3095 1113 3159 Emi.
1142 3093 1246 3159 annal.
1275 3093 1393 3172 XVIII,

235 3194 272 3260 Ir.
297 3203 332 3261 7:
357 3203 455 3274 spatio
479 3230 518 3242 -
543 3218 691 3274 supremo.
736 3196 840 3260 Plaut.
857 3192 971 3259 Bacch.
992 3193 1018 3271 I,
1041 3196 1071 3270 2,
1096 3198 1130 3257 5:
1156 3196 1220 3269 Quo
1243 3212 1320 3253 nunc
1344 3212 1394 3253 ce·

235 3299 334 3371 pessis
364 3298 415 3356 ted
442 3298 512 3356 hine
543 3298 670 3356 advorsa
696 3299 747 3357 oio
769 3298 842 3357 Cum
863 3302 948 3354 tanta
969 3291 1097 3367 pompa?
1126 3289 1241 3354 Pseud.
1253 3307 1282 3354 v,
1297 3294 1394 3355 1234:

236 3411 315 3454 nnnc
340 3412 378 3453 ne
402 3397 578 3469 expectetis,
602 3396 670 3457 dnm
693 3396 750 3454 hoo
772 3395 888 3454 domum
912 3390 1032 3450 redeam
1054 3389 1113 3447 odo.
1159 3384 1254 3449 Stich.
1271 3404 1299 3451 v.
1315 3392 1393 3451 484:

235 3492 343 3552 adiero
358 3491 518 3564 Apertiorc
538 3495 631 3569 magis
652 3495 710 3553 uio.
742 3489 857 3553 Pseud.
873 3485 929 3562 IV,
945 3491 976 3563 4,
1002 3486 1054 3546 13:
1078 3485 1123 3542 lte
1146 3484 1212 3554 11⁸⁰,
1236 3480 1397 3559 triumphe,¹

234 3589 275 3649 aa
298 3590 477 3650 cadumum
499 3596 581 3651 recta
608 3592 666 3652 vva.
710 3587 803 3669 Epid.
827 3586 874 3665 11,
897 3589 933 3660 2,
964 3585 1005 3644 24
1036 3576 1088 3653 (ot
1112 3576 1257 3655 Kampm.
1281 3578 1321 3641 de
1343 3582 1395 3654 IN,

236 3687 358 3764 p.11):
382 3689 426 3747 ire
449 3689 511 3748 vidi
533 3689 643 3748 milites
662 3688 759 3760 plenis
779 3687 846 3746 ciis.
890 3679 987 3745 Mero.
1012 3674 1037 3755 I,
1063 3678 1092 3751 2,
1115 3679 1150 3738 4:
1168 3675 1267 3748 plenis
1288 3679 1398 3738 schidiis

235 3788 288 3859 qni
312 3785 472 3846 advorsum
501 3792 582 3846 ennt.
625 3782 709 3848 Men
737 3782 777 3861 V,
801 3787 836 3859 3,
866 3786 901 3844 5:
938 3780 984 3838 Ne
1012 3777 1040 3835 ei
1067 3776 1124 3834 iam
1152 3773 1304 3845 indicetis,
1339 3790 1400 3846 dua

232 3884 339 3958 piotea
359 3883 430 3943 hinc
454 3882 629 3956 aufugerim.
673 3869 791 3945 Pseud.
807 3876 862 3955 IV,
886 3880 915 3954 2,
942 3877 994 3936 ll:
1017 3874 1065 3933 Ad
1087 3889 1133 3931 me
1156 3872 1218 3931 adit
1240 3874 1329 3930 recto.
1371 3886 1399 3933 v.

244 3985 327 4046 1137
334 3995 342 4036 :
376 3983 435 4040 Hic
458 3981 577 4054 quidem
600 3981 638 4042 ad
665 3999 711 4040 me
738 3983 819 4039 recto
846 3977 938 4038 habet
966 3981 1080 4033 rectam
1107 3973 1194 4031 viam
1239 3965 1337 4030 Mero.
1361 3964 1399 4043 V,

238 4083 348 4158 292:
373 4086 472 4140 recta.
518 4073 955 4152 TerentEnn11,2,14:
991 4074 1050 4129 totu
1076 4086 1160 4129 erras
1180 4068 1239 4127 viu.
1285 4063 1403 4127 Trans·

240 4175 304 4242 late
325 4172 565 4257 significatione
595 4173 657 4238 huc
678 4173 840 4255 pertinent
862 4168 973 4245 etiarn,
1005 4170 1041 4229 ut
1063 4169 1150 4229 recte
1177 4167 1286 4227 censet
1312 4159 1404 4224 Mad·

239 4274 341 4357 vigius
363 4273 398 4337 in
422 4287 561 4351 gramm.
588 4270 642 4335 iat.
670 4289 700 4351 p.
724 4274 786 4334 265
813 4267 919 4334 adnot.
952 4261 1085 4330 ablativi
1113 4261 1194 4341 sing.
1224 4259 1298 4325 iem.
1328 4276 1405 4339 pro·

242 4391 443 4403 ——....--

305 4457 337 4521 ¹⁴)
359 4455 407 4510 Sic
427 4449 520 4517 codd,
540 4465 595 4504 non
612 4467 675 4517 noe,
698 4461 729 4507 ut
747 4457 792 4507 est
810 4452 838 4505 in
859 4450 930 4520 vulg.

286 4544 369 4594 nouae,
386 4539 507 4593 spumis.
536 4537 554 4575 1.
1178 4540 1195 4594 5
