3125 5075
294 514 357 577 38⁴
578 507 642 548 ΟΩ.
656 507 702 548 Χῖ.
729 508 877 548 mn
903 507 1154 548 mmmm

297 699 410 775 ,henr
432 699 542 772 inquit,
565 718 674 776 „pren
696 717 817 759 muse
839 698 1023 773 Pnphiln
1038 699 1112 756 -.“
1133 696 1251 761 Hem.
1265 695 1447 762 11,3.1ot:

296 796 390 870 Syre.
413 796 487 871 Syre
510 798 646 873 inquam,
668 798 741 858 har
763 796 850 862 teu,
870 797 955 870 Syre.
1000 794 1060 859 ud
1085 793 1125 868 Ι,
1148 797 1184 860 ’2.
1211 804 1242 862 1:
1263 802 1354 862 uena
1367 802 1446 875 Syre.

296 924 335 934 -
360 893 449 954 Ilien
470 891 573 956 Plani.
597 891 709 972 Amph
732 891 764 956 l·
791 899 825 966 Ι,
852 895 925 956 182:
945 894 1053 956 llioet:
1074 895 1216 956 authu
1234 899 1283 958 eri
1296 902 1448 973 periemt

298 1009 357 1050 una
379 1001 410 1050 et
432 993 528 1051 Sosia
564 988 641 1054 cist
663 989 719 1058 ΙΙ,
742 995 839 1064 217.
874 989 968 1070 Epid
990 989 1029 1066 Ι,
1044 993 1076 1068 2,
1094 995 1142 1056 19.
1178 990 1309 1056 Terent.
1325 993 1448 1057 Phom

298 1085 331 1164 Ι,
354 1093 392 1164 Ι,
415 1092 474 1164 30,
495 1088 536 1152 ad
558 1105 587 1168 q.
611 1087 632 1152 Ι.
655 1088 787 1153 Donat:
810 1087 966 1168 ,Semper
985 1090 1065 1149 ilicet
1085 1085 1179 1152 linem
1203 1090 1252 1153 rei
1283 1089 1450 1170 significat,

297 1191 349 1248 nt:
372 1189 482 1247 Autan
503 1193 554 1249 ert.
598 1185 660 1250 Per
680 1179 842 1264 rumim
879 1185 931 1250 Sir
951 1185 1075 1250 iudioeu
1095 1185 1138 1250 de
1158 1187 1295 1251 oonsilio
1313 1188 1452 1252 dimitte·

298 1281 416 1346 bantur
436 1285 596 1349 sententia
618 1283 717 1356 dicta,
740 1301 839 1362 quum
861 1300 979 1363 praeeo
992 1285 1233 1363 mundasset
1253 1289 1348 1354 diuet.
1370 1287 1449 1365 quod

296 1378 455 1460 significat
476 1386 521 1442 ire
542 1381 637 1445 ΜΡ
659 1415 701 1425 -
722 1384 842 1444 udu-
863 1380 968 1445 Plrut
991 1379 1103 1461 Amph
1125 1380 1152 1458 Ι,
1177 1387 1206 1458 Ι,
1226 1388 1301 1446 247.
1338 1384 1447 1449 Pseud

297 1477 354 1556 lv,
378 1485 415 1556 7,
437 1482 492 1544 69:
516 1482 593 1554 Quin
616 1481 742 1550 naim,
766 1481 798 1540 id
812 1489 906 1542 toturn
918 1493 1011 1557 mu,
1024 1478 1067 1542 ad
1081 1496 1111 1557 q.
1125 1479 1146 1542 l
1161 1479 1300 1544 hadal:
1325 1486 1449 1544 ..rual-

298 1575 502 1641 interiectira
523 1576 692 1657 particula,
714 1578 745 1640 in
761 1576 977 1656 indignatione
992 1575 1165 1641 sollemnia
1180 1576 1239 1641 sed
1252 1589 1287 1643 et
1302 1579 1451 1644 mum

297 1681 332 1738 et
365 1675 539 1740 cruciatum
567 1674 689 1738 notat‘·
740 1673 868 1739 Terent
895 1674 976 1738 Eun
1011 1673 1068 1750 ΙΙ,
1097 1681 1133 1744 ῖ,
1166 1680 1220 1738 10:
1251 1680 1312 1751 Qui
1342 1681 1450 1738 nuh·

297 1771 426 1848 „rlii“?,
448 1772 489 1836 ad
513 1789 542 1851 q.
565 1770 585 1834 Ι.
608 1772 739 1837 Donat:
766 1790 847 1853 ..per
868 1771 1075 1853 parenthesin
1095 1773 1239 1836 suaviter
1260 1773 1404 1840 infertur
1424 1787 1452 1838 et

296 1869 478 1934 interiectio
501 1870 582 1934 est-'⁶
605 1903 648 1915 -
668 1873 693 1933 0
715 1870 843 1935 Terent
865 1870 965 1936 Andr.
987 1867 1056 1940 ΙΙΙ,
1076 1874 1115 1948 2,
1139 1874 1192 1933 12:
1219 1873 1371 1946 (thare,
1394 1879 1453 1934 itan

297 1979 473 2031 contemnor
495 1972 550 2030 ahu
571 1969 622 2029 te?
645 1967 684 2039 V,
706 1973 741 2047 3,
761 1975 799 2033 5:
825 1971 851 2032 0
877 1973 1028 2046 ingente·
1058 1970 1278 2032 confidentiam.
1325 1970 1452 2034 Phorm.

299 2063 351 2144 ll,
375 2071 411 2142 2,
437 2071 493 2130 10:
515 2067 540 2128 0
561 2070 607 2127 rir
629 2067 717 2129 fortir
738 2079 829 2144 atque
852 2066 984 2129 unien'r.
997 2100 1041 2111 -
1055 2067 1102 2128 01·
1122 2065 1229 2130 Pluut
1252 2067 1351 2132 hlust.
1374 2068 1406 2134 1.
1427 2074 1453 2140 3,

298 2165 354 2226 uu:
377 2163 434 2232 Oh,
456 2167 566 2240 probru
589 2166 677 2226 homo
699 2184 772 2238 ann,
795 2164 890 2243 adq.
912 2163 1099 2228 1.Taaom.:
1121 2167 1185 2233 „Oh
1206 2165 1369 2230 interient.
1392 2168 1452 2231 lae·

298 2259 388 2323 titire
412 2260 535 2325 iudex.“
558 2295 599 2305 —
621 2264 683 2325 ohe
711 2260 815 2326 Pluut.
842 2263 933 2327 Asin.
961 2261 1010 2338 11,
1032 2266 1069 2338 3,
1090 2270 1128 2341 4,
1149 2278 1212 2327 ror
1244 2262 1451 2343 significante

297 2357 377 2423 ratis
400 2376 479 2423 esse·
504 2358 575 2422 Aul.
598 2359 628 2435 l,
655 2365 687 2436 l,
715 2363 762 2424 16.
783 2393 827 2404 -
847 2362 912 2422 Olet
932 2359 1172 2434 Flaminii,
1191 2367 1269 2430 1,3:
1292 2365 1368 2424 Oiei.
1383 2367 1452 2424 satis

297 2475 361 2517 rum
385 2460 569 2519 verberatus.
593 2457 631 2523 cl
653 2458 757 2523 Bentl.
780 2460 820 2523 ud
844 2457 973 2521 Terent.
998 2458 1079 2520 Eun.
1102 2457 1158 2522 ll'.
1181 2467 1217 2531 4,
1246 2465 1300 2523 48.
1323 2495 1368 2504 -
1390 2463 1452 2520 Por

301 2552 405 2617 Plaut.
428 2554 493 2619 llil.
519 2555 581 2633 ΙΙΙ,
609 2565 640 2629 Ι,
664 2563 740 2622 213:
764 2560 845 2625 Pur,
866 2562 933 2627 abi.
955 2557 996 2620 ad
1019 2575 1048 2636 q.
1072 2557 1091 2620 Ι.
1115 2557 1274 2637 Scaliger:
1299 2561 1388 2623 ..Pur
1410 2561 1452 2621 iu·

302 2652 449 2716 teriectio
472 2656 707 2733 comprimentis
730 2664 763 2720 et
786 2657 876 2735 quasi
898 2673 970 2720 cum
994 2655 1186 2719 verecundia
1206 2655 1373 2719 silentium
1396 2658 1452 2720 >ibi

302 2757 360 2813 aut
381 2750 473 2815 alteri
496 2753 697 2832 imponentis.
742 2752 923 2833 Hesychius
950 2750 1027 2830 πὰξ,
1054 2752 1103 2812 ἐπὶ
1131 2753 1174 2832 τῴ
1196 2750 1234 2813 τὸ
1263 2753 1353 2825 τέλος
1374 2754 1452 2834 ἔχειν.

302 2845 378 2924 Pax,
401 2852 547 2911 Graecum
571 2863 633 2928 est,
661 2855 778 2928 quaudo
801 2853 949 2929 siguificat
971 2854 1188 2927 tautummodo,
1210 2853 1258 2914 ait
1281 2851 1378 2915 Prisc.
1402 2852 1453 2915 lib.

306 2949 354 3008 15.
400 2947 547 3026 Diphilus
567 2944 629 3021 πάξ
650 2970 679 3008 τι
699 2948 768 3022 πάξ.
818 2947 904 3012 Satis
932 2954 1074 3016 constat,
1104 2950 1170 3009 Pax
1197 2956 1266 3012 tum
1299 2949 1453 3014 Graecum

304 3059 391 3117 esse,
417 3054 483 3108 tum
507 3047 601 3109 etiam
626 3045 743 3110 silentii
766 3064 855 3124 esse,
878 3064 940 3110 nou
971 3045 1205 3123 admirationis,
1234 3048 1322 3126 quod
1350 3046 1454 3110 volunt

304 3140 441 3220 quidam.
489 3144 574 3208 Dum
604 3145 686 3207 enim
718 3143 779 3208 sibi
805 3144 965 3209 silentium
991 3143 1210 3223 imponebant,
1240 3147 1392 3225 opposito
1419 3143 1454 3208 ad

304 3255 340 3302 os
362 3240 478 3321 digito,
506 3248 655 3322 tauquam
686 3241 822 3306 ulterius
852 3259 1028 3305 sermonem
1058 3240 1234 3321 procudere
1258 3254 1453 3307 vererentur.

306 3344 364 3400 aut
385 3356 474 3411 curu,
497 3358 579 3420 quae
601 3340 687 3405 dicta
708 3347 815 3414 eruut,
838 3340 958 3404 indicta
979 3339 1112 3417 vellent,
1140 3348 1197 3404 aut
1225 3359 1298 3404 cum
1330 3360 1371 3404 er
1396 3359 1455 3404 sur·

305 3453 399 3499 moue
432 3444 618 3517 praesentes
651 3438 866 3512 dimitterent,
892 3445 960 3501 tum
993 3433 1054 3508 πάξ
1083 3437 1262 3502 dicebaut.“
1317 3439 1454 3502 liudem.

304 3533 346 3596 ad
379 3532 409 3596 h.
442 3534 478 3599 l.:
518 3537 607 3605 „Pax
639 3536 809 3601 iuterectio
842 3535 1002 3601 silentium
1035 3535 1180 3599 iubentis.
1227 3533 1275 3599 (ΙΙ
1307 3535 1454 3601 Priscian.

305 3629 390 3708 XIV,
421 3636 451 3695 2.
483 3634 573 3698 Adde
600 3632 736 3715 Hesych.
770 3631 858 3706 Κὸγξ
886 3627 997 3711 ὁμοίως
1031 3630 1106 3706 πάξ,
1136 3641 1201 3704 τοῖς
1237 3629 1455 3712 τετὼσμένοις,

305 3729 479 3794 seeundum
502 3731 652 3797 Loheckii
676 3730 957 3797 emendationem.“
1002 3730 1100 3796 Stich.
1125 3730 1162 3808 V,
1187 3737 1223 3800 7,
1246 3735 1281 3801 3,
1312 3731 1370 3795 uhi
1392 3729 1455 3793 vide

305 3824 444 3891 Gronov,
467 3828 554 3893 Triu.
578 3829 634 3910 lv,
657 3835 694 3902 2,
718 3836 758 3896 97
782 3840 836 3903 (=
858 3848 886 3893 v.
909 3834 1001 3906 889):
1024 3831 1102 3905 Quid
1125 3830 1179 3907 [idi
1203 3839 1251 3890 est
1274 3833 1332 3891 tihi
1348 3849 1455 3902 nomeu,

305 3926 504 3990 adulescens?
549 3927 609 3993 SU.
640 3930 721 3998 Pur,
754 3931 784 3989 id
812 3938 861 3991 ent
886 3947 993 3990 nomen
1021 3931 1112 3989 mihi:
1143 3931 1208 3989 Hor
1238 3929 1455 3989 cotidianumst.

306 4019 371 4086 CH.
404 4027 521 4102 Edepol
551 4045 657 4088 nomon
687 4030 888 4103 nugatorium:
917 4029 1009 4101 Quasi
1031 4027 1127 4100 dicar,
1162 4027 1260 4101 siquid
1283 4028 1456 4087 crediderim

307 4122 379 4198 tibi,
397 4128 612 4201 paxperiisse
634 4128 719 4202 ilico,
747 4125 789 4188 ud
811 4140 840 4203 q.
863 4122 884 4186 Ι.
906 4123 1062 4187 Lindum:
1089 4124 1180 4193 „Poe
1207 4124 1391 4188 interiectio
1414 4127 1456 4185 est

307 4216 401 4284 finem
434 4222 624 4301 imponentia
658 4221 708 4286 rel
746 4220 908 4287 silentium
941 4221 1092 4285 iubentis.
1141 4220 1223 4285 Tum
1246 4220 1381 4290 indicat,
1401 4235 1457 4283 uon

306 4334 378 4382 aare
398 4319 552 4399 amplius,
574 4321 658 4399 quod
682 4320 722 4384 de
744 4336 783 4383 ea
807 4337 858 4396 re,
886 4320 926 4383 de
949 4336 1012 4399 qua
1038 4335 1145 4383 sermo
1168 4325 1234 4392 eut,
1262 4319 1367 4395 dieas,
1397 4334 1457 4383 rem

306 4416 347 4479 ad
371 4413 462 4482 finem
487 4417 674 4498 productum
698 4435 778 4482 eure.
821 4416 874 4482 Sic
895 4417 981 4498 apud
1004 4416 1132 4481 Terent„
1156 4415 1275 4480 Heaut.
1300 4415 1344 4495 ΙΙ,
1362 4422 1390 4495 3,
1407 4421 1456 4480 50:

307 4515 442 4592 capillus
464 4535 571 4593 paruus
593 4520 709 4593 prolixe
732 4529 764 4577 et
785 4519 897 4578 oiroum
913 4525 1004 4592 eaput
1015 4518 1158 4578 Reiootnr
1172 4520 1381 4593 neglegenter,
1389 4533 1456 4591 por.
