3125 5075
454 377 458 400 2
512 371 659 412 vocamus
688 371 920 412 PAR'HCULARUH.
1230 378 1287 438 331

139 575 207 637 qna
224 576 284 638 per
305 565 404 621 autom
426 559 474 636 id,
504 561 589 638 quod
616 561 655 625 ab
685 559 789 624 altera
811 566 903 640 parte
926 563 1075 639 apparet,
1099 556 1296 637 designatur.

137 654 178 719 ld
200 654 320 720 dicitur
341 675 361 721 a
383 656 511 720 comicis
534 665 562 718 et
583 665 693 727 cuum,
715 665 744 721 ct
764 690 808 701 —
829 665 858 719 ct
879 664 985 719 autem.
1030 654 1083 720 Sic
1098 662 1182 717 ct—
1196 661 1298 717 aarum

139 752 326 817 emendavit
346 753 548 818 Hermannns
571 755 674 819 Plaut.
698 755 812 820 Bacch.
836 754 897 834 111,
921 760 957 827 3,
979 759 1036 819 91:
1061 757 1154 815 Serva
1177 755 1231 814 tibi
1247 772 1298 814 so·

138 852 240 911 delam
267 856 296 911 ct
322 854 362 912 mi
390 851 514 928 [autem]
541 855 643 916 filium.
690 852 756 917 Mil.
781 852 837 933 lV,
859 861 892 923 4,
918 857 975 916 13:
1006 854 1109 912 Facile
1133 855 1210 912 istuc
1234 854 1298 926 qui·

139 949 251 1018 damst,
274 951 300 1009 si
322 954 351 1008 ct
371 952 426 1009 illa
446 954 507 1012 volt
529 957 557 1010 et
579 954 630 1010 ille
653 957 753 1011 auum
775 956 867 1028 cupit.
911 949 1007 1013 Pocn.
1032 947 1085 1025 IV,
1110 953 1139 1026 2,
1166 950 1242 1011 104:

198 1047 274 1105 llam
298 1050 327 1105 ct
347 1048 403 1108 hoc
427 1049 514 1107 docte
539 1052 762 1126 consulendum,
787 1052 865 1125 quod
889 1052 975 1110 modo
999 1048 1243 1119 concreditumst,

199 1145 244 1203 Et
264 1143 339 1203 illud
361 1149 458 1204 auam
481 1147 700 1206 inserviendum
723 1149 911 1209 consiliumet
933 1148 1134 1207 vernaculum.

228 1256 259 1301 n.
304 1236 517 1320 Coniungitnr
543 1249 572 1302 et
598 1260 669 1307 cum
701 1245 819 1317 quidem
854 1244 894 1307 ab
931 1242 1022 1306 initio
1051 1239 1221 1316 orationis,
1256 1238 1301 1302 sic

138 1335 246 1400 Plaut
270 1333 361 1415 Oapt
384 1334 444 1416 ΙΙΙ,
466 1344 502 1416 4,
525 1343 576 1416 30,
600 1339 656 1404 ubi
679 1357 740 1404 sec.
765 1340 907 1404 Lindem.
931 1340 996 1402 vim
1017 1338 1115 1402 habet
1136 1336 1299 1415 ironicam,

139 1457 189 1487 =
210 1432 428 1497 ninimirum.
472 1434 539 1500 Mil.
563 1436 611 1513 Η,
635 1441 668 1508 2,
695 1441 771 1500 104:
800 1441 894 1501 Abeo.
939 1437 1003 1501 PA.
1034 1440 1079 1497 Et
1107 1436 1223 1510 quidem
1245 1452 1301 1510 ego

139 1535 195 1593 ibo
218 1533 350 1606 domum,
373 1531 465 1610 adq.
488 1531 508 1594 l.
531 1534 688 1600 Lindem.:
720 1540 789 1614 „Et
817 1538 934 1610 quidem
955 1533 1114 1599 notissimi
1137 1550 1214 1595 usus
1236 1528 1301 1595 lor·

139 1626 241 1706 mulo,
264 1645 348 1707 quse
369 1630 486 1709 partim
509 1630 750 1710 amplificandae
766 1634 957 1710 sententiae,
982 1631 1097 1711 partim
1113 1626 1303 1694 confirman-

142 1726 206 1792 dae
228 1724 371 1790 inservit
416 1724 461 1790 of.
485 1725 633 1792 Schuetz.
660 1729 762 1795 doctr.
793 1734 875 1810 part.
905 1730 940 1794 L.
972 1728 1006 1792 L.
1030 1746 1059 1806 p.
1088 1732 1155 1791 175.
1200 1727 1304 1805 Saepe

141 1822 323 1905 posteriore
346 1822 407 1887 hac
429 1825 558 1890 notione
580 1827 712 1907 ponitur
733 1827 766 1892 in
789 1828 959 1906 colloquio,
983 1844 1081 1906 quum
1104 1825 1208 1888 altera
1230 1841 1303 1902 per-

142 1937 226 1986 sona
247 1919 369 1999 aliquid
391 1918 548 1985 iacturam
576 1941 610 1988 se
633 1925 788 2005 ostendit,
819 1925 904 2005 quod
932 1924 1035 1988 altera
1057 1930 1206 2001 tanquam
1231 1938 1305 1985 con·

142 2015 276 2082 firmam
298 2018 464 2082 consilium
487 2019 620 2099 prioris,
642 2022 729 2086 idem
751 2040 786 2088 se
801 2021 966 2087 ‘iacturam
993 2022 1047 2085 ait.
1092 2020 1197 2101 Igitur
1219 2017 1304 2098 apud

143 2115 297 2180 Plautum
319 2114 407 2181 Pers.
431 2116 474 2195 ll,
498 2121 527 2196 2,
552 2123 592 2184 35
622 2119 686 2184 tale
709 2120 901 2199 colloquium
925 2124 1038 2184 exstat.

771 2217 830 2282 80.
855 2222 936 2295 Ergo
959 2221 1017 2278 hoc
1039 2220 1079 2277 mi
1101 2217 1219 2290 expedi,

232 2314 298 2386 Quo
321 2315 385 2388 ogis
401 2312 457 2375 te?
479 2313 571 2376 ΡΑΕ.
597 2318 661 2388 Quo
685 2317 737 2376 tu?
768 2315 827 2380 SO.
853 2319 910 2377 Dic
933 2323 979 2376 tn:
1003 2318 1086 2390 prior
1108 2314 1218 2388 rogavi.

485 2410 579 2476 PAE.
602 2416 643 2472 At
664 2421 734 2488 post
756 2418 844 2477 scies.

231 2503 293 2570 SO.
315 2509 361 2571 Eo
385 2525 439 2585 ego
462 2510 531 2571 hinc
555 2512 626 2571 haut
648 2513 744 2587 longe.
791 2510 885 2575 Plu.
908 2511 1082 2585 Elquidcm
1104 2526 1159 2584 ego
1183 2526 1218 2569 eo

481 2609 555 2667 hant
577 2610 673 2684 louge.

146 2699 250 2766 Simili
277 2700 371 2765 modo
393 2700 423 2765 h.
446 2701 485 2781 1.,
508 2703 564 2767 ubi
585 2705 701 2784 Peripl.
725 2705 865 2769 dixerat:
887 2706 986 2773 Abeo,
1009 2705 1131 2782 pariter
1154 2720 1188 2766 se
1203 2700 1305 2766 iactu·

145 2816 220 2862 rum
243 2798 384 2863 ostendit
405 2798 615 2867 Palaestri0.“

232 2914 261 2960 o.
284 2901 337 2966 Et,
359 2897 444 2976 quod
466 2897 505 2962 iis
528 2899 653 2979 verbis,
677 2917 760 2980 quae
782 2901 961 2982 coniungit,
983 2898 1153 2964 antecedat
1174 2914 1305 2963 necesse

144 2999 211 3073 est,
234 3012 255 3059 a
276 2994 397 3074 poetis,
428 2995 483 3059 ubi
506 2998 601 3061 metri
624 3014 721 3061 causa
742 2998 939 3075 intercedat,
968 2999 1064 3061 etiam
1087 3004 1162 3077 post
1184 2997 1307 3074 aliquot

145 3091 277 3156 nomina
305 3092 437 3171 ponitur
463 3092 623 3172 (Handius
646 3094 696 3171 Π,
728 3113 757 3173 p.
782 3094 869 3173 538).
917 3095 968 3159 Sic
995 3095 1063 3158 Liv.
1095 3095 1235 3158 Andron.
1266 3091 1305 3156 l.

146 3188 272 3254 Illonis:
306 3193 430 3252 Balteus
463 3198 491 3251 et
519 3204 641 3254 revocet
674 3198 812 3256 volucres
845 3197 876 3253 in
903 3201 1028 3269 pectore
1058 3195 1149 3254 sinus.
1200 3189 1305 3253 Plaut.

146 3286 229 3352 Ruti
253 3286 335 3367 prol.
357 3306 387 3352 v.
411 3294 446 3352 7:
471 3292 554 3351 Inter
577 3295 712 3352 mortalis
736 3295 853 3353 ambulo
886 3291 927 3367 [ct
949 3290 1017 3367 ego]
1041 3291 1196 3350 interdius.

234 3389 285 3450 35.
329 3387 379 3450 De
401 3383 634 3467 significatione
661 3388 839 3467 particulae
862 3406 918 3462 quc
939 3405 967 3451 v.
991 3388 1010 3463 §
1035 3392 1075 3451 34
1105 3385 1172 3450 init.
1205 3387 1305 3467 Legg.

145 3482 211 3549 XII
242 3482 331 3548 tabb.
360 3484 422 3563 Vl,
449 3490 482 3550 9:
516 3489 707 3565 quandoque,
735 3486 776 3550 ad
806 3503 835 3565 q.
866 3484 886 3548 l.
915 3484 1074 3549 Funccius
1104 3483 1237 3547 adnotat
1267 3500 1307 3546 ex

146 3582 232 3662 legg.
260 3581 326 3646 XII
354 3582 452 3661 tabo,
486 3600 524 3647 ex
555 3584 702 3649 columna
733 3588 876 3648 rostrata
901 3581 1001 3646 Duilii
1030 3582 1307 3659 monumentisque

147 3680 334 3761 Scipionum
356 3697 514 3762 apparere
544 3683 667 3761 priscos
692 3682 823 3748 Latinos
852 3681 958 3746 rarius
987 3686 1016 3742 et
1042 3681 1215 3759 particula,
1244 3678 1306 3742 ire·

147 3778 357 3860 quentissime
379 3784 487 3844 autem
511 3799 567 3854 quc
590 3779 737 3845 enclitica
758 3781 816 3844 uti.
844 3778 944 3844 Naev.
968 3778 1040 3842 bell.
1065 3778 1144 3842 Pnn.
1168 3778 1188 3841 l.
1216 3778 1246 3854 1,
1270 3776 1307 3841 fr.

150 3883 201 3957 18,
224 3896 255 3959 p.
282 3882 320 3942 12
344 3876 491 3941 Vahlen:
517 3882 617 3941 Titani
631 3884 811 3956 Bicorpores
827 3881 972 3956 Gigantes
987 3880 1142 3954 magnique
1158 3879 1305 3938 Atlantes.

149 3974 233 4041 Cato
263 3975 300 4040 R.
329 3974 365 4039 R.
394 3974 560 4055 inscriptio
588 3995 656 4057 cap.
687 3982 720 4041 1:
757 3979 902 4054 quomodo
931 3994 1033 4053 agrum
1062 3974 1121 4035 emi
1150 3979 1308 4050 pararique

147 4083 297 4153 oporteat
342 4071 375 4138 G.
401 4079 437 4138 2:
460 4078 511 4136 ubi
538 4081 676 4152 coguovit
698 4077 845 4152 quomodo
868 4075 975 4134 fundus
999 4076 1095 4133 cultus
1120 4076 1178 4132 siet
1199 4090 1307 4147 opera·

147 4193 205 4250 quc
228 4193 304 4250 quae
328 4174 410 4234 fucta
430 4173 598 4247 infectaque
620 4178 707 4250 sient,
731 4175 876 4249 postridie
899 4175 963 4233 eius
986 4172 1045 4232 diei
1068 4172 1187 4231 vilicum
1211 4178 1305 4231 vocat.

146 4273 211 4336 Ib.:
236 4274 308 4349 quid
330 4272 441 4333 lactum
464 4274 540 4349 vini,
569 4273 710 4333 frumenti
733 4274 915 4343 aliarumque
943 4287 1042 4329 rerum
1065 4271 1201 4329 omnium.
1248 4267 1308 4331 lu:
1402 4268 1406 4276 '

147 4373 209 4437 Ubi
233 4389 285 4433 eas
308 4373 440 4444 aliasque
463 4387 568 4432 causas
591 4374 699 4431 multas
723 4371 841 4437 dixerit,
864 4370 902 4429 ad
925 4371 1070 4428 rationem
1092 4384 1214 4442 operum
1238 4384 1309 4440 ope·
