3125 5075
398 374 437 413 DE
452 375 549 416 101118.
563 396 587 404 -
604 377 660 417 llll).
676 379 705 417 111
721 378 826 420 suune.
843 377 1007 418 sanantis.
1229 384 1288 443 117

132 562 164 636 5,
192 563 246 623 11;
270 563 324 622 Set
344 564 417 636 quid
438 568 568 641 negotist
588 585 679 641 uuum
701 569 736 628 ob
757 585 820 627 rem
841 583 989 629 sussum
1010 564 1106 627 mihi?
1129 561 1206 628 cist
1230 562 1287 639 IV,

135 661 164 732 1,
197 660 237 721 37
266 674 328 737 sp:
359 659 443 729 sunt,
470 665 522 736 qui
551 672 581 725 te
610 666 715 725 uolunt
740 673 929 727 conventam.
968 661 1060 742 Epid.
1090 659 1145 731 lv,
1174 666 1203 739 1,
1231 664 1289 724 33:

130 755 207 827 pseu
226 760 278 822 est,
299 758 378 830 pund
397 758 506 834 digitus
530 769 559 821 te
583 763 686 823 turbat
706 762 795 824 tuus?
817 761 879 840 (Ap
901 762 980 837 quod
996 763 1117 822 dnottus
1138 768 1168 820 te
1184 760 1288 821 turbet

132 860 215 927 tuus,
239 855 289 931 Ag
310 857 381 930 quid
403 860 551 933 estquod
574 860 631 920 duo
653 862 713 921 itus
736 868 766 921 te
782 861 884 921 turbat
897 868 975 921 tuus.
998 854 1109 937 Vulg.:
1134 858 1211 932 Quid
1233 862 1290 930 est,

132 951 212 1024 quod
235 953 332 1012 voltus
355 960 384 1012 te
401 956 503 1015 turbat
525 957 614 1029 tuus).
638 953 754 1020 Pseud.
778 955 805 1028 I,
822 963 850 1035 3,
878 960 933 1021 16:
955 962 998 1020 est
1012 955 1151 1030 conloqui
1166 955 1217 1028 qus·
1239 970 1288 1014 uo-

133 1047 202 1106 lunt
223 1055 262 1108 te.
308 1066 336 1112 v.
364 1053 505 1125 ttzuus's
527 1059 570 1115 est
597 1056 649 1128 qui
670 1073 782 1116 moram
813 1059 853 1126 mi
875 1061 1022 1129 occupato
1050 1054 1209 1115 Molestum
1240 1068 1291 1125 op·

133 1145 226 1204 tulit?
249 1142 329 1206 Rud·
353 1143 395 1218 11.
418 1152 448 1223 4,
476 1155 510 1211 l:
531 1154 685 1229 Qutstoui
707 1155 820 1214 nostris
842 1161 903 1213 um
932 1160 1072 1227 proterve
1101 1146 1215 1211 loribus
1243 1147 1290 1220 ta·

130 1242 173 1300 ca't
193 1243 353 1304 iniuriam?
374 1242 500 1310 Terent.
528 1250 625 1313 Andr.
654 1249 696 1330 Il,
725 1255 754 1328 6,
790 1255 841 1313 17:
868 1255 918 1327 est,
948 1251 1026 1323 quod
1051 1252 1198 1310 autumet
1223 1246 1293 1309 tibi.-

133 1336 217 1400 Eun.
250 1339 330 1417 prol.
364 1359 393 1402 v-
418 1347 453 1405 5:
488 1347 520 1406 st
553 1352 619 1423 quis
653 1354 702 1426 est,
733 1351 784 1422 quot
812 1380 854 1391 -
882 1348 1095 1409 Eutatumcbit.
1126 1341 1152 1420 I,
1176 1346 1205 1421 2,
1227 1344 1285 1405 65:

131 1438 248 1497 Multae
277 1442 347 1497 mut
374 1457 491 1516 causae,
522 1462 612 1518 quum
640 1448 739 1506 obrem
777 1447 863 1519 cupio
891 1447 1049 1506 abducere.
1079 1442 1140 1521 111,
1169 1445 1198 1519 5,
1235 1442 1289 1503 11:

133 1534 215 1609 Quid
247 1539 290 1594 est
322 1537 400 1607 quod
432 1542 528 1603 laetus
557 1546 607 1604 es?
645 1542 722 1606 Huc.
750 1540 793 1620 ΙΙ,
825 1545 854 1619 2,
883 1547 937 1606 31:
968 1545 1043 1603 Nam
1073 1541 1220 1616 estquod
1241 1555 1287 1599 mo

133 1633 266 1691 transire
290 1634 327 1691 ad
350 1632 446 1695 lorum
470 1641 528 1698 iam
551 1646 672 1716 oportet.
696 1638 734 1716 V,
761 1644 788 1716 1,
816 1644 848 1703 7;
880 1640 961 1716 Quid
986 1642 1026 1702 sit
1051 1640 1230 1714 puoptopter
1257 1641 1287 1695 te

134 1729 194 1787 huc
216 1728 299 1790 toras
322 1749 445 1804 puerum
468 1754 593 1798 evocare
615 1740 698 1800 tussi.

221 1823 369 1903 Inprimis
392 1847 430 1891 ea
453 1832 597 1904 relat-iva,
627 1852 762 1912 quorum
792 1835 952 1915 generalis
979 1839 1013 1899 et
1037 1831 1206 1898 collectiva
1238 1833 1288 1895 est

129 1923 328 2005 significatio,
350 1926 535 1994 adsciscunt
570 1932 786 1996 indicativum.
834 1933 913 1996 Eun.
952 1931 1054 1996 annul.
1089 1924 1284 2001 1.v111.tr.

135 2034 174 2091 10
204 2046 254 2108 ap.
283 2027 345 2092 (lic.
379 2045 437 2106 pro
464 2028 566 2092 Balbo
597 2034 647 2108 22,
676 2034 734 2093 51:
765 2033 889 2092 Hostem
919 2033 970 2106 qui
1001 2032 1092 2091 feriet
1127 2029 1199 2089 mihi
1233 2027 1292 2087 erit

131 2129 393 2203 Karthaginiensis
421 2129 561 2203 Quisquis
588 2130 651 2189 erit.
684 2125 789 2191 Plaut·
819 2126 891 2190 Aul.
922 2126 965 2197 ΙΙ,
994 2131 1023 2198 2,
1044 2132 1099 2189 21:
1126 2128 1191 2202 Ego
1215 2128 1289 2184 istos

130 2226 201 2283 noui
234 2228 368 2300 polypos,
394 2229 443 2300 qui
471 2228 529 2285 sihi
556 2226 698 2301 quidquid
728 2228 886 2300 tettpertut
908 2232 1022 2287 tenent.
1067 2221 1183 2287 Pseud.
1206 2219 1232 2298 l,
1256 2224 1287 2297 2,

131 2324 188 2383 36:
211 2330 245 2381 ut
266 2324 390 2396 piscium
413 2323 557 2397 quidquid
577 2325 646 2384 ibist
674 2325 772 2398 pretio
795 2326 988 2399 praestinem.
1012 2321 1108 2385 Poen.
1131 2320 1170 2398 V,
1188 2322 1217 2395 2,
1235 2322 1290 2381 79:

131 2420 265 2494 quisquis
288 2437 329 2479 es.
355 2418 390 2496 V,
415 2422 443 2495 t,
467 2423 522 2483 30:
546 2423 684 2497 quicquid
708 2424 797 2496 sapit.
820 2418 901 2484 Rud.
925 2420 949 2497 l,
967 2423 996 2496 2,
1020 2422 1075 2482 20:
1099 2419 1154 2478 tibi
1169 2418 1289 2492 quidem

129 2518 244 2591 hercle,
272 2517 405 2590 quisquis
433 2536 471 2587 es,
499 2539 634 2595 magnum
664 2523 779 2582 uiuum.
811 2516 866 2596 IV,
895 2521 923 2591 2,
955 2521 1011 2581 20:
1038 2517 1189 2593 quidqud·
1202 2519 1286 2587 rust.

129 2633 221 2690 graue
233 2616 303 2690 quid
320 2618 408 2677 inest.
433 2615 489 2694 lV,
514 2622 542 2693 3,
556 2623 592 2678 7:
616 2620 688 2694 Iam,
711 2619 844 2692 putspru's
866 2635 904 2692 es,
929 2635 975 2678 me
998 2619 1067 2678 odio
1095 2618 1204 2677 enicas.
1233 2611 1291 2702 lv,

131 2722 161 2792 3,
186 2721 241 2778 45:
266 2720 323 2778 Ubi
352 2718 458 2777 demisi
489 2725 553 2776 rete
582 2724 670 2791 atque
703 2719 830 2788 hamum,
860 2715 1006 2788 quisqam
1032 2715 1127 2776 bausit
1153 2717 1290 2777 extraho.

134 2812 346 2892 Truc.11,3,
372 2817 425 2877 30:
449 2814 588 2887 qutthutd
609 2816 689 2873 veuit
721 2816 802 2873 iutra
828 2815 974 2888 pessulos.
1009 2810 1051 2887 ΙΙ,
1075 2817 1104 2885 4,
1129 2817 1184 2875 75:
1212 2815 1291 2887 quic·

129 2913 205 2985 quid
226 2920 324 3009 autem
347 2912 411 2978 erit,
434 2913 503 2971 boni
527 2913 674 2972 consulas.
697 2914 725 2986 7,
742 2915 760 2972 7
768 2928 775 2972 :
799 2912 887 2971 Domi
908 2911 1048 2984 quicquid
1071 2912 1166 2987 babet,
1195 2911 1288 2971 verri·

131 3018 185 3070 tur
218 3007 285 3081 ἐξω.
331 3027 360 3071 v.
389 3013 443 3072 372
475 3011 614 3083 Quisquis
653 3016 707 3068 est.
738 3006 775 3083 V,
800 3025 828 3070 v.
858 3010 893 3068 2:
919 3011 993 3070 Utut
1018 3010 1088 3069 illuc
1115 3013 1292 3082 acceptumst

131 3105 190 3181 (sic
214 3104 332 3183 Goell3
366 3111 484 3168 utnon
507 3105 688 3184 geminatur
716 3103 747 3165 in
778 3100 905 3184 AOpg3
933 3103 1021 3184 vulg.
1053 3110 1203 3178 occeptum
1225 3105 1288 3182 sit).

130 3204 237 3268 Plaut.
263 3202 376 3284 fragm.
406 3202 534 3267 Saturio
562 3219 592 3281 p.
609 3205 682 3274 483,
709 3220 737 3264 v.
770 3206 806 3265 3:
839 3204 964 3262 Retrahi
995 3204 1144 3277 nequitur,
1173 3220 1289 3276 quoquo

131 3320 292 3377 propremo
313 3306 356 3361 est
377 3305 477 3362 semel.
503 3298 617 3363 Caecil.
640 3297 720 3363 Stat.
743 3296 782 3361 fr.
807 3297 906 3362 Plocii
929 3296 1070 3373 alaoth.
1089 3295 1136 3375 3):
1160 3317 1209 3359 res
1224 3303 1292 3360 utut

129 3404 180 3461 est.
209 3397 339 3461 Terent.
353 3399 433 3461 Eun.
456 3397 498 3474 ll,
523 3403 552 3472 3,
576 3402 612 3460 4:
636 3399 686 3457 ubi
709 3399 759 3457 ubi
781 3404 837 3460 est.
861 3395 921 3465 Ill,
948 3399 1030 3471 1‚s:
1054 3397 1194 3472 quidquid
1210 3396 1292 3456 fece·

132 3514 207 3558 ram.
253 3494 368 3558 Heaut.
392 3495 418 3573 Ι,
443 3500 472 3572 2,
497 3499 550 3558 26:
573 3504 605 3556 ut
628 3505 659 3555 ut
682 3504 755 3556 erat.
774 3493 907 3575 Adelph.
931 3493 973 3571 ll,
990 3497 1019 3570 2,
1035 3495 1089 3556 40:
1115 3494 1156 3555 Ut
1168 3498 1202 3553 ut
1217 3495 1291 3556 haec

132 3600 205 3656 suut
227 3600 302 3656 octo.
326 3593 385 3666 Ill,
410 3597 438 3668 2,
464 3597 519 3655 23:
544 3594 683 3668 Quisquis
706 3611 747 3653 es.

221 3697 251 3754 5.
275 3708 302 3755 e.
347 3688 535 3751 Iudicutiuus
562 3693 750 3764 procurastis
780 3692 1042 3752 coniunctionibus.
1095 3687 1182 3752 Nihil
1209 3684 1290 3751 dith-

133 3787 265 3852 cultatis
287 3787 408 3852 hubent
430 3788 667 3851 coniunctiones
690 3788 835 3852 causales
858 3790 936 3863 quod
957 3792 990 3851 et
1012 3789 1093 3862 puio,
1116 3803 1205 3866 quae,
1228 3784 1289 3849 nisi

128 3885 259 3949 aliunde
293 3893 369 3965 apta
402 3890 453 3948 est
488 3885 678 3964 enunciatio,
713 3884 919 3950 indicativum
955 3884 1147 3949 adsciscunt.
1184 3882 1286 3948 Plaut.

131 3981 226 4061 Epid.
250 3982 309 4062 111,
334 3988 362 4057 3,
388 3989 441 4047 33:
466 3986 584 4058 Mirum,
611 3985 666 4044 hoc
685 3985 763 4057 quod
786 3983 844 4059 (sic
866 3986 928 4062 Ap)
948 3986 1046 4058 potuit
1066 3984 1141 4044 fieri.
1157 3981 1286 4044 Terent.

132 4079 214 4142 Hec.
244 4079 303 4158 ΙΙΙ,
332 4085 361 4157 5,
393 4084 447 4142 56:
478 4083 556 4157 Quia
588 4085 707 4156 paulum
742 4084 826 4143 uobis
856 4084 977 4143 couseit
996 4082 1151 4158 pecuniae,
1175 4081 1292 4140 Sublati

129 4179 221 4238 animi
244 4187 320 4240 sunt
368 4176 434 4240 lud.
460 4184 493 4239 et
515 4177 737 4241 coniunctivae
759 4179 919 4243 coniuncti
948 4177 1052 4240 Plaut.
1083 4158 1197 4240 Bacch.
1235 4175 1290 4257 IV,

128 4281 159 4349 l,
184 4277 241 4339 83:
281 4276 446 4336 Cbrusalus
480 4277 553 4336 mihi
588 4295 680 4352 usque
705 4295 822 4353 quaque
845 4279 976 4353 loquitur
999 4294 1054 4336 nec
1077 4284 1170 4349 recte,
1193 4283 1291 4350 pater,

128 4374 209 4447 Qutu
242 4374 296 4433 tibi
326 4391 430 4433 aurum
460 4374 578 4433 reddidi
609 4384 640 4435 et
672 4376 745 4448 puio
778 4392 835 4435 non
872 4383 901 4434 te
928 4372 1181 4445 defraudaveris».
1210 4372 1292 4435 ltem
