3125 5075
213 373 275 431 ⁴104
663 364 791 406 PRONOH.
806 365 868 406 ΟΛΡ.
882 367 919 407 Vl.

210 537 308 603 Andr.
332 535 358 615 Ι,
384 543 411 618 1,
440 539 496 600 42:
534 541 655 600 Interea
683 530 790 601 mulier
817 545 961 618 quaedum
989 546 1097 606 abhinc
1123 546 1288 606 trienninm
1319 548 1367 608 Er

208 639 312 699 Andro
335 639 549 713 commigravit,
572 636 612 699 ad
635 651 731 715 quem
752 635 857 702 locum
879 638 974 705 affert
994 639 1122 706 Ruhnk
1167 641 1228 708 Ad.
1252 641 1308 723 IV,
1336 652 1365 723 5,

210 738 266 799 13:
311 737 456 797 Habitant
488 737 537 797 hle
569 738 715 812 quaedam
748 741 888 801 mulieres
919 743 1131 816 pauperculae.
1188 740 1364 823 Usurparit

209 848 239 894 v.
263 837 416 909 quaedam,
439 832 588 915 queniam
608 850 663 898 eas
683 834 865 900 accuratius
879 852 1071 917 cognoscere
1085 854 1205 919 operae
1223 840 1362 921 pretium

206 948 269 996 non
291 949 361 997 ease
383 932 551 997 existimat.

292 1035 342 1096 38.
366 1030 415 1097 De
438 1029 635 1110 pronominis
656 1033 779 1107 quisque
793 1027 1024 1111 significatione
1040 1031 1238 1102 Schmidtius
1253 1055 1283 1118 p.
1302 1042 1361 1103 100

206 1125 286 1193 haec
308 1127 418 1194 habet:
463 1127 625 1208 „Verbum
646 1146 702 1202 quc
723 1133 757 1193 et
778 1128 864 1209 apud
886 1129 981 1196 Indos
1003 1134 1038 1196 et
1057 1132 1143 1213 apud
1164 1132 1308 1201 Graecos
1329 1142 1361 1200 et

205 1225 291 1305 apud
313 1225 473 1292 Romanos
506 1226 539 1290 in
569 1244 629 1291 usu
652 1231 710 1306 est,
734 1231 831 1307 atque
852 1226 885 1291 in
907 1225 958 1292 his
979 1227 1098 1310 lInguis
1120 1231 1268 1298 omnIbus
1290 1233 1360 1298 inu·

204 1323 317 1405 gendis
340 1324 541 1405 potissimum
563 1324 670 1390 verbis
688 1324 919 1405 sententiisque
933 1325 1067 1392 inservit
1081 1345 1119 1392 ac
1133 1345 1263 1410 semper
1276 1349 1358 1412 pone

200 1421 343 1502 verbum,
365 1422 406 1487 ad
428 1422 513 1504 quod
534 1422 684 1504 pertinet,
707 1423 890 1488 collocatur.
926 1425 1021 1506 Apud
1043 1424 1139 1491 Indos
1161 1432 1273 1492 antem
1297 1448 1357 1495 non

200 1518 303 1586 solum
325 1522 425 1587 verba
446 1522 684 1602 sententiasque
706 1521 883 1602 coniungit,
906 1522 962 1586 sed
985 1522 1018 1587 in
1033 1523 1356 1593 unitersnmsenten·

199 1617 292 1697 tiam,
321 1637 404 1700 quae
431 1620 633 1698 ennnoIatur,
666 1618 901 1699 aliquovorsum
928 1619 1044 1685 referri
1073 1619 1242 1702 significat.
1287 1624 1354 1692 Hoc

198 1732 295 1795 quum
322 1717 355 1782 in
376 1718 537 1798 plerisque
561 1717 727 1783 sententiis
750 1717 882 1798 accidat,
905 1714 951 1798 fit,
974 1723 1010 1783 ut
1030 1719 1115 1800 apud
1137 1719 1237 1787 Indos
1259 1721 1353 1789 huius

196 1815 374 1894 particulae
400 1833 478 1882 usus
506 1816 584 1881 adeo
615 1816 657 1880 sit
688 1813 853 1895 frequens,
890 1821 926 1879 ut
948 1833 986 1882 ea
1007 1816 1040 1880 ln
1061 1816 1242 1899 particulis,
1275 1838 1353 1901 quas

196 1911 293 1993 vulgo
331 1915 507 1996 expletivae
540 1919 667 1993 vocant,
704 1911 870 1979 habeatnr.
892 1947 935 1958 —
970 1913 1104 1979 Romani
1125 1933 1213 1994 vero,
1255 1935 1352 1998 quum

195 2013 381 2092 ceteroquin
417 2013 450 2078 in
485 2032 542 2090 qaae
577 2011 754 2094 particulae
780 2030 840 2077 usu
863 2030 935 2077 oum
957 2010 1091 2077 Graecis
1113 2018 1147 2078 et
1168 2013 1256 2079 Indis
1280 2033 1351 2081 con·

194 2108 347 2191 sentiant,
379 2129 418 2176 ea
440 2118 546 2178 minen
568 2130 604 2177 re
627 2110 727 2176 abiis
748 2108 913 2186 differunt,
945 2110 1028 2190 quod
1050 2110 1136 2175 illam
1158 2113 1348 2192 particulam

176 2207 379 2287 'saepissime
401 2211 442 2276 ad
463 2227 639 2290 pronomen
660 2206 858 2273 indefinitum
881 2209 1050 2288 omniaque
1072 2209 1240 2290 adverbia,
1264 2228 1344 2291 qnae

192 2322 213 2368 a
241 2307 427 2385 pronomine
456 2305 619 2374 Indefinito
649 2309 797 2387 veniunt,
831 2305 961 2372 addunt.
1006 2305 1122 2372 Confer
1143 2311 1268 2386 qaoque
1290 2318 1344 2376 etr.

191 2400 313 2481 Quodsi
335 2424 418 2486 quae
440 2408 483 2472 sit
503 2407 599 2472 liuius
621 2406 796 2488 particulae
819 2402 1020 2487 signitioatio,
1054 2406 1253 2486 quaerimus,
1291 2406 1345 2473 hoc

193 2508 243 2570 est
264 2505 369 2571 animo
390 2504 607 2587 repetendum,
629 2505 816 2587 pronomine
837 2500 999 2569 indefinito
1021 2520 1089 2568 rem
1111 2510 1219 2570 mente
1238 2523 1345 2572 conce

188 2606 276 2682 ptum
304 2607 336 2667 et
362 2621 380 2668 e
406 2622 513 2668 rerum
540 2603 682 2669 eiusdem
705 2603 832 2684 generis
853 2603 979 2667 cumulo
1001 2618 1039 2666 ac
1061 2602 1145 2666 serie
1167 2611 1343 2684 exemptam

187 2698 369 2780 significari.
414 2706 481 2782 Quo
504 2710 611 2767 autem
634 2701 792 2783 particula
813 2700 840 2765 si
862 2700 902 2764 ad
924 2717 1096 2780 pronomen
1111 2700 1251 2781 additur,
1274 2721 1342 2783 pro-

186 2799 321 2864 nominis
344 2801 392 2865 ris
415 2801 596 2866 extenditur
617 2799 713 2879 idque
736 2799 776 2863 ad
802 2816 924 2863 omnem
941 2815 1035 2887 rem,
1058 2797 1089 2861 in
1112 2816 1208 2878 quom
1231 2800 1341 2867 cadere

185 2898 289 2976 possit
311 2899 478 2976 sententia,
503 2897 670 2964 transferri
693 2895 898 2979 significatur.
943 2896 995 2960 Ita
1016 2899 1091 2975 quir,
1114 2897 1274 2976 particula
1289 2917 1340 2974 quc

184 2994 349 3076 adiuncta,
386 3014 450 3061 non
473 2995 630 3061 huminem
653 2996 810 3060 incertum
833 2994 1007 3076 quendam,
1045 2993 1101 3058 sed
1123 3011 1265 3077 omnem,
1301 2996 1338 3062 ad

183 3108 278 3172 quem
309 3096 471 3176 pertinere
500 3094 604 3176 possit
630 3094 802 3172 sententia,
835 3096 933 3156 notat.
981 3093 1026 3155 Ab
1055 3095 1151 3154 omn-rs
1172 3094 1275 3175 igItur
1296 3096 1338 3161 ita

184 3189 300 3274 differt,
323 3200 361 3259 ut
381 3194 441 3260 hoc
464 3193 591 3274 quidem
614 3200 745 3257 cunctos
767 3191 862 3256 simul
883 3188 1055 3271 significet,
1084 3194 1207 3266 quisqac
1228 3198 1333 3258 autem

181 3289 437 3357 distributionem
461 3292 617 3372 quandam
640 3290 805 3372 exprimat.
849 3288 920 3354 Hoc
941 3289 1073 3354 verbnm
1096 3306 1194 3369 quum
1212 3309 1336 3373 semper

180 3406 199 3452 e
221 3394 329 3455 cetera
352 3391 509 3457 sententis
530 3388 665 3471 intelligi
687 3388 813 3468 debeat,
835 3387 1022 3469 plerumque
1043 3405 1127 3467 pone
1146 3386 1179 3450 id
1194 3388 1334 3467 verbum,

179 3486 220 3551 ad
253 3489 339 3567 qnod
365 3507 443 3570 prae
466 3489 581 3554 ceteris
602 3488 752 3569 pertinet,
792 3486 979 3564 collocatur,
1016 3484 1101 3565 qnod
1124 3481 1176 3563 lit,
1214 3486 1243 3551 si
1265 3505 1333 3553 cnm

177 3586 333 3662 numeris,
363 3587 417 3666 qui
446 3587 606 3652 ordinales
633 3591 790 3650 vocantur
816 3592 850 3648 et
872 3602 943 3649 cum
963 3582 1149 3662 pronomine
1171 3584 1333 3664 reciproco

178 3682 342 3762 [reflexus
365 3692 398 3749 et
421 3704 491 3750 oum
515 3683 670 3762 relativis]
694 3681 922 3764 componitur.“
958 3679 1006 3746 ct.
1028 3681 1125 3747 Haas.
1149 3681 1192 3746 ad
1214 3683 1330 3766 Reisig.

175 3799 207 3862 p.
239 3787 317 3861 350,
346 3783 451 3851 adnot.
488 3789 559 3851 362.
606 3782 729 3865 Appius
762 3779 915 3846 Claudius
947 3797 998 3861 ap.
1032 3779 1158 3843 Pseudo
1173 3813 1189 3828 ·
1204 3781 1331 3848 Sallust

176 3898 224 3961 ep.
248 3881 289 3945 ad
312 3879 481 3948 Gaesarem
504 3883 544 3948 de
566 3900 633 3963 rep.
657 3900 684 3947 c.
709 3887 752 3946 1.:
789 3884 919 3943 Fabrum
942 3897 1009 3941 esse
1030 3897 1259 3956 uumquemque
1273 3883 1330 3945 lor-

176 3986 277 4042 tnnae.
321 3978 433 4046 Naevii
461 3980 498 4046 fr.
530 3983 714 4047 IDanaes:
745 3985 781 4041 ut
801 3983 923 4055 querque
944 3985 991 4039 est
1012 3980 1145 4039 meritus.
1191 3977 1273 4045 (lato
1294 3980 1329 4044 R

175 4075 213 4141 R.
237 4098 262 4142 c.
288 4081 815 4155 5:11tisooquesquelococubet.
861 4074 895 4140 0.
925 4081 980 4140 34:
1026 4077 1084 4138 Ubi
1102 4078 1226 4152 quercea
1247 4082 1328 4144 locus

174 4175 382 4254 frigidissimus
409 4211 451 4222 -
478 4181 551 4253 erit,
577 4180 620 4239 ibi
646 4180 773 4254 primum
797 4178 898 4239 serito.
942 4172 1103 4239 Gesnerus
1126 4174 1265 4242 malebat
1286 4181 1328 4244 tdt‘

174 4277 311 4354 quisquc,
341 4278 425 4358 qnod
454 4275 602 4358 probavit
629 4273 851 4339 Schneiderns.
901 4270 981 4337 Cato
1010 4288 1056 4335 or.
1086 4270 1145 4337 lnc.
1168 4290 1221 4354 ap.
1245 4273 1325 4340 Gell.

172 4368 268 4454 XIII,
307 4379 347 4440 23
377 4374 515 4455 (Iordan.
553 4392 584 4455 p.
616 4377 671 4453 73,
706 4374 752 4447 2);
789 4391 876 4434 suum
897 4373 1000 4446 cuique
1022 4388 1077 4447 per
1099 4389 1146 4433 me
1169 4376 1215 4434 nti
1236 4384 1324 4450 atquo
