3125 5075
305 336 412 376 GENUS:
428 336 528 376 FORHA
542 336 713 378 uuuusuuis.
727 356 752 365 ·-
766 336 910 377 NUHERUS.
923 358 949 367 —
964 338 1159 380 commuuio.
1255 350 1315 412 205

171 529 246 591 risi:
276 529 307 588 iu
334 533 399 610 eost
423 529 573 603 parasitus
603 530 699 590 solur.
742 524 791 592 Ib.
813 545 843 589 v.
868 531 926 593 32:
956 532 986 590 iu
1009 532 1192 593 Eunuchum
1219 551 1316 609 mmm,

171 642 195 689 o·
217 620 367 689 fabulam.
390 622 432 689 ib.
455 621 511 703 IV,
534 628 568 700 3,
592 627 625 689 3:
655 626 732 700 Quin
762 627 853 688 otium
875 629 999 704 iusuper
1018 631 1129 704 miss,
1158 639 1317 708 postquam

171 723 339 797 sdifimlssst
365 724 525 800 sirpinsm,
552 739 612 802 pro
638 723 785 787 moestos.
812 756 854 767 —
885 722 920 789 si
941 723 1035 804 plum
1062 730 1140 792 sunt
1162 726 1316 808 subiecto,

171 817 194 885 d
219 835 304 901 quus
329 818 519 886 sdieeuvum
542 825 593 885 est
614 816 831 899 referendum,
858 820 995 900 primum
1018 821 1164 891 notiones
1193 826 1317 891 abstru-

171 923 227 984 too
248 923 284 984 st
303 918 449 985 notiones
470 935 579 982 rerum
601 917 768 982 materiem
791 914 1005 999 significamus
1027 919 1060 985 in
1082 921 1199 1002 plurali
1230 924 1319 1005 posi·

171 1033 208 1082 uo
222 1016 309 1082 inisr
324 1035 359 1083 ss
375 1016 524 1097 coniungi
545 1021 688 1097 possunt,
713 1015 798 1095 quod
814 1016 841 1080 si
856 1013 903 1095 fit,
926 1017 1023 1082 etism
1044 1018 1193 1085 adiectivi
1214 1038 1317 1102 genus

171 1113 327 1181 oscordut
351 1131 424 1179 oum
452 1112 579 1179 illorum
610 1130 736 1194 genere·
782 1111 915 1196 (Reisig.
938 1133 969 1196 p.
993 1118 1081 1193 315).
1113 1117 1165 1184 Sic
1187 1117 1315 1185 'l'srsuu

171 1211 290 1294 odolph.
313 1210 375 1290 111,
391 1216 426 1291 2,
448 1216 504 1278 ³3:
541 1214 572 1273 iu
602 1230 660 1289 quo
688 1220 809 1273 nostros
837 1229 905 1287 spes
933 1232 1059 1292 opesque
1090 1235 1193 1281 omnss
1229 1219 1315 1279 siloe.

171 1329 192 1376 u
214 1310 313 1378 robus
333 1308 481 1376 animatis
503 1313 613 1374 sutem
637 1307 764 1389 dignius
787 1313 838 1374 est
859 1327 961 1390 gorius
983 1312 1193 1379 masculinum
1219 1330 1317 1394 quum

171 1407 341 1475 smiuinum
370 1407 466 1485 (liud.
490 1405 538 1477 11,
571 1424 603 1487 p.
634 1411 675 1472 30
697 1406 768 1487 so).
813 1408 866 1474 Sic
892 1408 974 1475 Eun.
997 1408 1065 1491 ΙΙΙ,
1088 1416 1118 1491 3,
1136 1417 1199 1476 ll:
1229 1430 1317 1491 quum

171 1509 274 1571 iridem
305 1514 396 1584 potor
417 1507 493 1568 Mihi
520 1515 553 1568 st
578 1512 673 1566 molor
701 1510 815 1567 morium
844 1517 955 1571 essent.
1001 1509 1099 1575 Andr.
1127 1508 1170 1588 V,
1195 1514 1233 1583 3,
1261 1514 1316 1575 20:

171 1608 285 1676 iosos,
311 1624 402 1675 uuor,
430 1606 517 1666 liberi
543 1605 774 1667 immisimus
802 1613 899 1681 putre.
945 1604 1028 1670 Eun.
1052 1606 1092 1685 V,
1117 1612 1146 1686 2,
1174 1613 1203 1673 l:
1227 1612 1318 1687 Apud

171 1706 358 1783 lutiphouom
385 1708 526 1779 uterqsae,
553 1708 649 1762 molor
676 1707 704 1761 el
724 1708 814 1776 poter
839 1739 876 1749 —
902 1706 980 1766 domi
1011 1715 1106 1767 uranu
1151 1704 1317 1771 Interdum

171 1819 262 1881 :suus
283 1799 432 1866 adiectivi
455 1799 630 1865 concordat
651 1816 724 1863 cum
747 1815 787 1862 oo
803 1800 1016 1874 substantivo,
1038 1802 1090 1868 oui
1105 1802 1249 1884 proxime
1265 1810 1316 1869 ssi

171 1897 352 1982 oppositum.
382 1895 435 1964 sie
450 1897 549 1961 Andr.
573 1895 731 1974 111,1‚5:
755 1899 877 1960 utinam
900 1902 1022 1962 uotiuis
1046 1903 1154 1964 surdus
1178 1909 1231 1964 sut
1245 1905 1318 1966 hooc

171 2007 241 2061 ruta
261 1998 347 2072 sosio
369 1996 418 2061 sit.
461 1993 545 2061 Eun.
561 1993 621 2073 ΠΙ,
644 2002 674 2073 4,
697 1998 732 2060 3:
756 1998 820 2056 doti
842 2001 941 2063 snuli:
964 2000 1053 2077 lomes
1076 2006 1189 2074 tempo
1211 2003 1317 2062 oonsil-

171 2102 293 2160 ulmt.
430 2148 432 2152 ,
828 2155 831 2160 .

243 2199 273 2258 4
323 2189 434 2257 Genus
464 2196 603 2253 neutrum
634 2188 862 2255 adiectivoruin
893 2208 990 2270 suepe
1020 2210 1079 2271 pro
1113 2193 1315 2260 substantivo

171 2290 320 2356 ‚bstruoio
348 2294 532 2369 usurpatur.
582 2286 635 2353 Sic
657 2284 742 2367 apud
765 2284 918 2352 Catonem
948 2287 985 2352 li.
1014 2288 1052 2353 R.
1083 2308 1108 2352 c.
1140 2298 1176 2355 5:
1208 2293 1317 2355 Alium

171 2406 279 2453 usuum
309 2389 468 2451 obstineat.
518 2385 571 2451 Sis
600 2384 712 2450 dubito
740 2402 838 2460 nuno,
871 2391 980 2450 utrum
1016 2387 1046 2450 iu
1079 2389 1242 2450 moinum
1275 2389 1319 2456 sit

171 2486 284 2570 ellipsis
306 2501 336 2550 v.
358 2488 475 2564 viuum,
502 2501 544 2549 uu
574 2482 680 2565 potius
708 2482 770 2550 lmc
797 2483 841 2549 sit
867 2482 1086 2561 referendum,
1115 2484 1219 2551 Pluut.
1251 2485 1318 2553 Mil.

171 2585 220 2667 11,
238 2590 269 2664 2,
286 2589 340 2649 11:
362 2588 557 2662 Dsprompsit
577 2585 703 2645 nardum·
725 2586 898 2660 amphoram
921 2585 1077 2659 pellurius,
1100 2584 1140 2648 sd
1163 2602 1192 2665 q.
1208 2584 1228 2649 l.
1252 2585 1321 2651 Sul·

171 2682 295 2749 ussius:
319 2685 512 2764 „Nar-disum
534 2679 681 2746 obsolute
702 2698 761 2763 pro
784 2680 917 2745 nardino
939 2680 1012 2744 vino
1042 2697 1099 2745 seu
1122 2683 1223 2747 uordo
1247 2701 1320 2749 oou·

171 2781 238 2860 lito,
260 2787 299 2845 ui
319 2782 510 2844 monimum
532 2796 590 2859 pro
620 2779 751 2843 murrhu
778 2777 938 2844 condito.“
983 2778 1100 2845 Pseud.
1124 2777 1180 2859 IV,
1205 2786 1239 2862 7,
1263 2788 1319 2849 59:

171 2884 224 2943 ism
247 2881 296 2941 dle
317 2881 443 2941 molium
465 2896 542 2952 esso,
566 2876 652 2956 adq.
675 2877 695 2940 l.
720 2876 911 2943 Salmasius:
935 2875 1043 2954 „Hosc
1058 2876 1205 2958 loquutio
1227 2880 1321 2945 valde

171 2977 301 3059 mtiquis
322 2974 501 3054 fumifluum
530 2979 595 3038 diss
618 2978 740 3036 multum
757 2979 935 3051 proeteriit:
965 2979 1023 3036 ium
1046 2978 1106 3038 disi
1121 2981 1246 3039 multum
1262 2989 1318 3054 est,

171 3074 279 3140 irrueci
299 3067 417 3136 πολλὸν
437 3074 490 3153 τῆς
512 3065 631 3153 ἡμέρας.
667 3075 727 3133 Die
748 3065 893 3151 ἀρχαϊκὸν
914 3088 974 3151 pro
995 3070 1090 3135 dioi.“
1134 3074 1216 3138 Ruri.
1240 3076 1320 3155 prol.

171 3190 191 3235 r.
206 3174 263 3238 69:
285 3175 423 3249 increpui
444 3173 610 3247 illusum,
626 3168 811 3236 :insonui
832 3167 965 3233 hiberno
981 3185 1069 3233 mors
1093 3187 1156 3234 sec.
1178 3169 1318 3236 Gronov.

171 3270 291 3338 iurent„
313 3269 395 3334 lium
417 3267 481 3347 111,
504 3275 535 3345 4,
557 3277 591 3333 4:
609 3272 717 3344 porois·
738 3273 780 3331 nil
803 3278 859 3330 est.

249 3375 279 3434 i.
302 3385 329 3433 o.
373 3366 480 3442 Etiam
501 3385 643 3430 moeros
664 3363 989 3434 odiecliviintsrdum
1013 3364 1160 3443 sequitur
1182 3372 1322 3431 structu·

171 3485 234 3533 rum
248 3465 292 3533 ud
305 3482 435 3530 sonsum
450 3470 485 3529 st
498 3465 629 3545 ponitur
645 3466 677 3530 iu
695 3463 815 3547 plurali
830 3470 905 3543 post
926 3461 1128 3527 substantivo
1143 3464 1321 3530 collectiva.

171 3564 217 3632 sio
237 3562 344 3630 Plsul.
369 3561 447 3628 cist.
470 3560 501 3642 Ι,
527 3568 554 3642 1,
578 3568 636 3628 24:
659 3566 757 3626 Dorou
777 3595 822 3606 -
845 3565 924 3623 huno
944 3579 1012 3623 osso
1036 3562 1169 3622 ordinem
1190 3566 1321 3625 Benivo-

171 3666 251 3726 Μία
285 3667 375 3726 lutor·
397 3681 475 3725 soso.
520 3658 586 3741 (sio
614 3663 694 3742 Apg.
723 3659 816 3725 Both.
846 3663 968 3736 besso).
1012 3658 1160 3739 Aquilius
1190 3660 1323 3725 Boeotis

171 3759 199 3827 '1·.
225 3766 255 3842 1,
276 3778 307 3827 v.
331 3766 365 3827 9:
388 3763 493 3823 Maior
511 3778 586 3836 pars
608 3763 711 3836 populi
733 3770 766 3822 ut
787 3759 872 3820 avidi
887 3766 1009 3834 rsptsnt
1026 3758 1113 3819 fumo.
1145 3756 1323 3839 Singularis

171 3858 290 3940 >sutus
318 3864 370 3925 est
399 3850 520 3923 relslu's
556 3855 597 3922 ud
625 3856 787 3938 posterius
821 3860 946 3921 tautum
982 3852 1216 3920 substantivum
1251 3854 1322 3923 Ter.

171 3958 246 4025 Eun.
267 3956 318 4036 ΙΙ,
343 3962 378 4032 3,
402 3962 460 4023 93;
490 3974 566 4033 quos
588 3974 643 4017 nos
665 3960 854 4029 susumque
882 3953 1112 4015 domomum
1134 3958 1254 4017 Hubert
1275 3956 1334 4027 ds-¹

249 4160 280 4220 6.
301 4155 331 4221 d.
372 4155 567 4229 comparatio
593 4149 770 4234 (gradatio)
799 4152 945 4215 mixtim
990 4150 1040 4216 Ad
1075 4153 1324 4226 conparatum

171 4255 196 4318 m
217 4253 404 4318 uuiversum
426 4251 511 4331 quod
532 4251 660 4329 ottinot,
684 4266 897 4317 commemoro
913 4264 1147 4329 nonuunquam-
1161 4246 1248 4328 upud
1261 4247 1322 4313 Lu·

171 4351 250 4417 linos
271 4350 357 4417 idsm
380 4348 497 4415 idioma
512 4347 654 4426 inveniri,
678 4347 763 4429 quod
786 4348 872 4427 opud
887 4346 1028 4413 Graecos
1050 4344 1150 4410 multo
1173 4346 1321 4428 frequen·
