3125 5075
499 502 589 542 048118
603 502 872 543 BUBSTANTIVORUH.
885 524 909 532 -
923 504 1028 545 ABLAT.
1281 514 1338 568 115

208 674 296 755 epte
318 673 372 739 bis
387 677 435 737 oie
450 674 654 755 dispositum
672 681 730 741 est
754 674 788 741 O.
812 680 869 741 87:
892 698 927 740 eo
949 680 1041 739 addat
1059 695 1164 754 aquam
1184 678 1228 737 bia
1246 679 1280 734 in
1301 677 1358 740 die.

206 771 307 838 088:
341 774 380 833 Id
401 775 566 850 aliquoties
591 775 625 833 ia
644 773 692 834 die
715 774 875 851 [quotidie]
899 776 1006 850 tacito,
1041 793 1134 850 nsque
1163 775 1239 835 adeo
1262 776 1357 834 donec

205 874 236 934 ul
257 872 410 946 desiverit
438 872 596 933 tabescere
619 873 749 934 biduum.
795 869 828 934 (Ι.
854 875 909 937 89;
937 875 997 933 Bis
1018 876 1052 932 in
1073 874 1120 934 die
1142 871 1260 932 farciat
1293 869 1356 933 lb.:

203 971 246 1030 risi
267 971 358 1044 prius
383 950 455 1030 dico
478 970 580 1030 bibere
603 977 635 1030 et
657 969 833 1031 hainoie.
857 966 890 1032 G.
918 973 992 1032 104:
1022 979 1070 1030 ter
1091 972 1121 1029 in
1145 970 1202 1031 die.
1241 964 1273 1030 C.
1299 970 1356 1030 26:

203 1067 278 1128 halis
301 1084 375 1127 cum
396 1068 468 1128 vino
491 1068 535 1128 biv
556 1070 591 1125 io
612 1067 660 1126 dic
682 1065 748 1127 face
772 1074 994 1143 extergeantur.
1033 1063 1067 1129 O.
1091 1068 1150 1129 64:
1175 1068 1274 1127 bisin
1298 1067 1356 1125 die.

202 1160 365 1244 Inscriptio
396 1180 465 1241 cap.
489 1166 548 1227 23:
584 1166 666 1238 Quae
693 1165 731 1223 ad
753 1165 929 1226 vindemiam
954 1166 987 1223 ia
1009 1170 1135 1238 tempore
1156 1166 1258 1238 parari
1281 1181 1357 1237 opus

203 1263 239 1321 sit
278 1257 315 1324 G.
341 1262 402 1325 30:
436 1263 580 1323 Pabulum
603 1264 715 1321 aridum
746 1263 824 1336 quod
856 1264 1026 1323 condideris
1047 1265 1082 1321 in
1103 1262 1205 1321 tiene
1239 1256 1273 1322 C.
1298 1263 1337 1321 57
1349 1279 1356 1318 :

203 1360 344 1420 ammes
369 1360 494 1435 congios
517 1360 556 1422 11.
582 1360 610 1420 S.
634 1357 701 1432 lint.
727 1358 852 1433 bibant).
876 1356 940 1421 lh:
966 1361 1000 1419 ia
1014 1376 1112 1418 mense
1134 1358 1256 1433 congios
1272 1358 1356 1431 quiu-

206 1474 258 1531 que.
281 1453 317 1518 (Ι.
336 1458 396 1518 58;
420 1458 499 1517 Salis
522 1457 679 1532 unicuique
700 1457 734 1513 ia
749 1473 829 1515 cano
851 1459 979 1518 modium
1004 1459 1077 1517 satis
1101 1461 1156 1515 est
1181 1452 1249 1529 (int.
1263 1454 1356 1527 dare).

207 1550 283 1615 Ennii
306 1552 416 1616 annal.
440 1551 459 1614 l.
482 1549 613 1629 vn1,nr.
640 1555 688 1631 10,
710 1570 738 1616 v.
764 1556 840 1617 251:
875 1557 904 1613 in
928 1562 1073 1629 tempore.
1107 1549 1127 1614 l.
1151 1548 1238 1629 XIV,
1260 1547 1298 1613 ir.
1323 1555 1355 1615 9:

207 1651 335 1711 innecte
361 1668 479 1713 serena.
503 1648 651 1730 Thyestis
674 1648 712 1712 fr.
736 1655 772 1713 4:
795 1653 883 1712 tarda
904 1653 935 1711 in
958 1656 1090 1711 senecta.
1135 1646 1239 1711 Plaut.
1263 1646 1355 1726 Epid.

159 1799 161 1834 ÷
208 1743 251 1821 ΙΙΙ,
274 1752 304 1826 3,
327 1751 364 1809 6:
393 1750 493 1808 Vitam
516 1757 549 1808 ut
571 1750 715 1809 vixissent
738 1751 807 1809 olim
831 1750 863 1807 in
884 1749 1093 1809 oduksceatio.
1137 1744 1254 1808 Pseud.
1277 1744 1303 1823 Ι,
1328 1750 1356 1821 5,

159 1859 162 1890 Ξ
208 1847 248 1907 u:
272 1848 327 1906 Vel
353 1853 386 1905 tu
409 1863 446 1905 ne
470 1845 587 1906 iaceres
610 1846 670 1905 tale
693 1846 727 1904 ia
746 1846 956 1907 odulmccatia.
980 1842 1074 1923 Epid.
1090 1840 1150 1921 III,
1175 1847 1193 1904 3
1232 1845 1280 1905 10.
1305 1845 1355 1905 51.

208 1945 357 2018 4,13:in
381 1944 596 2003 adulescentia.
633 1940 750 2005 Bacch.
774 1940 834 2019 111,
859 1948 888 2019 3,
912 1946 947 2005 6;
976 1942 1035 2002 feci
1058 1960 1113 2017 ego
1135 1940 1231 2001 istaec
1254 1941 1356 2000 itidem

208 2040 456 2101 bonumque.
480 2038 579 2103 Mero.
595 2038 636 2117 ΙΙ,
663 2043 689 2117 l,
712 2043 770 2103 40:
795 2043 825 2099 in
848 2041 1063 2102 adulescentia.
1087 2031 1172 2100 Trin.
1186 2035 1229 2116 Π,
1252 2043 1282 2115 4,
1300 2039 1355 2099 61;

208 2137 370 2214 Utrumque,
394 2139 571 2214 Lesbonico,
593 2139 626 2197 in
648 2142 743 2197 oetote
767 2138 826 2197 hau
849 2141 996 2198 bonumst.
1035 2134 1060 2213 Ι,
1087 2140 1113 2213 l,
1137 2138 1174 2197 2:
1206 2136 1240 2194 in
1262 2139 1357 2196 oetote

208 2237 265 2294 vtile
292 2242 325 2295 et
354 2236 553 2297 conducibile.
597 2232 683 2297 Men.
707 2233 744 2313 V,
773 2238 803 2311 2,
826 2237 882 2297 85:
918 2237 967 2309 qui
997 2251 1087 2308 saepe
1122 2237 1216 2292 aetate
1241 2235 1275 2292 in
1299 2249 1358 2293 suo

208 2331 326 2392 Perdidit
348 2335 443 2418 civem
467 2336 663 2395 innocentem.
710 2330 780 2393 Aul.
804 2329 846 2408 ΙΙ,
873 2337 899 2408 l,
923 2335 955 2391 7:
979 2333 1041 2391 ullo
1064 2332 1094 2389 in
1117 2332 1226 2391 saeclo.
1260 2327 1357 2392 Most.

208 2424 225 2505 Ι,
243 2433 272 2504 3,
294 2431 354 2492 6οε
378 2432 410 2490 in
433 2432 565 2491 senecta.
589 2427 702 2508 Amph.
725 2427 779 2505 IV,
805 2432 834 2503 2,
860 2431 916 2490 12:
946 2430 1015 2502 quia
1036 2432 1150 2488 emota
1177 2424 1237 2501 [in]
1260 2429 1356 2484 aetate

159 2544 161 2559 ¹
208 2543 279 2588 nme
303 2529 459 2588 mendicas
482 2530 600 2589 malum.
623 2524 718 2589 Most.
743 2524 768 2603 Ι,
794 2530 822 2603 3,
847 2526 905 2587 68:
930 2527 959 2584 in
981 2527 1050 2587 vita.
1074 2521 1170 2587 Mero.
1195 2519 1238 2599 ΙΙ,
1261 2525 1291 2597 4,
1316 2525 1351 2582 3;

159 2664 161 2671 -
209 2626 265 2698 quid
287 2628 359 2687 mist
377 2626 412 2683 in
433 2627 496 2685 vito
519 2624 612 2686 boni?
635 2622 762 2703 Fragm.
787 2620 972 2685 Aululariae
995 2639 1025 2701 p.
1049 2623 1122 2697 487,
1151 2638 1178 2681 ν.
1203 2621 1232 2681 8.
1256 2615 1354 2680 Gron.

208 2721 258 2797 Epo
280 2721 466 2783 ecfodiebam
500 2725 534 2781 ia
562 2723 609 2780 die
636 2723 728 2783 denos
756 2723 888 2783 scrobes.
935 2718 1029 2781 Most.
1052 2715 1117 2793 ΠΙ,
1150 2722 1184 2794 2,
1212 2721 1271 2778 41:
1309 2718 1356 2776 Ea

207 2836 282 2895 ttepe
303 2821 427 2880 deciens
451 2821 677 2894 complebantur
698 2820 731 2877 ia
754 2818 854 2893 dic.²⁸)
877 2815 960 2880 Men.
984 2814 1023 2893 V,
1045 2819 1076 2891 4,
1100 2817 1134 2876 6:
1159 2817 1235 2888 Quin
1260 2813 1354 2887 sospi-

205 2918 263 2978 ubo
283 2921 355 2993 plus
378 2924 532 2977 sescentos
554 2918 588 2975 ia
608 2916 664 2975 die.
700 2914 814 2994 Amph.
838 2913 896 2992 ΙΙΙ,
923 2919 949 2990 l,
976 2916 1029 2974 17:
1050 2917 1149 2987 Atque
1172 2914 1354 2971 Alcumenae

205 3013 379 3088 htmpore
402 3016 544 3075 auxilium
567 3012 671 3073 feram.
697 3010 790 3091 Capt.
806 3009 862 3089 IV,
886 3015 915 3087 2,
940 3013 996 3073 56:
1019 3010 1053 3068 ia
1074 3015 1201 3083 tempore
1223 3009 1353 3068 advenis.

203 3106 286 3175 Poen.
308 3109 349 3186 V,
373 3114 403 3178 3,
429 3115 481 3174 19;
505 3111 599 3183 Quom
621 3112 679 3170 huc
703 3111 850 3170 advenisti
874 3110 961 3169 hodie
984 3108 1094 3181 inipso
1116 3113 1252 3179 tempore.
1277 3101 1353 3167 cist.

202 3204 247 3285 IV,
270 3213 298 3286 l,
325 3210 380 3270 18:
418 3209 452 3267 ia
474 3211 601 3280 tempore
622 3208 686 3280 ipso
709 3209 784 3283 Spes
807 3209 878 3266 mibi
908 3214 1012 3266 sancta
1034 3204 1178 3265 subvenit.
1223 3199 1352 3263 Terent.

202 3304 329 3386 Adelph.
360 3302 406 3383 ll,
435 3307 472 3381 2,
502 3306 557 3366 21:
589 3307 618 3363 iu
648 3307 714 3379 ipso
743 3307 879 3365 articulo.
910 3302 1019 3360 —Ia
1035 3301 1209 3374 praesentio
1235 3296 1354 3378 legitur

201 3399 308 3467 heaut.
333 3400 378 3480 V,
407 3404 442 3479 2,
472 3405 491 3464 9
515 3406 546 3463 et
571 3399 704 3481 Adelph.
727 3399 774 3478 ll,
804 3405 837 3477 2,
870 3404 917 3461 14.
955 3429 997 3439 -
1027 3393 1154 3458 Phorm.
1174 3392 1217 3472 11,
1249 3400 1276 3472 1,
1297 3399 1352 3456 22:

201 3500 299 3562 blande
322 3500 519 3574 inprincipio
544 3500 673 3574 adloqui.
696 3496 813 3561 Heaut.
830 3495 872 3573 11,
897 3500 927 3569 3,
953 3498 1025 3555 123:
1048 3495 1082 3551 in
1097 3492 1273 3566 temporem
1289 3509 1354 3551 eam

202 3601 268 3658 veni.
302 3596 405 3661 Andr.
429 3595 486 3673 IV,
509 3601 539 3671 4,
566 3600 616 3659 19:
642 3597 718 3656 Veni
739 3597 774 3654 in
797 3599 933 3667 tempore.
967 3587 1093 3651 Phorm.
1111 3585 1153 3665 ΙΙ,
1169 3591 1199 3663 4,
1216 3589 1272 3648 24;
1296 3588 1355 3647 Sed

203 3711 292 3757 cecum
317 3698 413 3771 ipsum
438 3695 524 3755 video
551 3695 584 3752 in
607 3699 732 3767 tempore
751 3693 809 3752 huc
827 3709 858 3751 se
874 3691 1019 3762 recipere.
1050 3681 1146 3747 Andr.
1164 3680 1218 3763 IV,
1238 3686 1268 3763 5,
1297 3688 1352 3747 24:

203 3809 241 3853 me
262 3797 334 3857 nolo
365 3795 400 3852 ia
423 3797 550 3865 tempore
572 3792 626 3850 boc
648 3790 748 3850 videat
775 3806 866 3850 senex
894 3785 997 3861 (uniet
1027 3776 1122 3860 bition
1144 3776 1352 3858 limitabat).

205 3887 290 3954 Andr.
314 3889 354 3968 V,
378 3893 408 3968 6,
436 3893 487 3952 10:
517 3890 656 3964 Charine,
679 3889 712 3945 ia
733 3891 859 3958 tempore
879 3885 943 3956 ipso
965 3884 1005 3940 mi
1027 3881 1158 3942 advenis.
1196 3877 1276 3942 Heo.
1298 3875 1353 3962 IV,

206 3990 230 4063 4,
248 3994 279 4052 b:
303 3991 480 4065 Opportune
503 3995 533 4046 te
554 3987 626 4045 mihi
649 3985 804 4058 Phidippe,
826 3982 860 4039 in
874 3982 1075 4053 ipsotcmpore
1090 3978 1236 4040 ostendis.
1253 3972 1354 4038 Andr.

207 4079 253 4163 ΙΙΙ,
274 4090 304 4165 2,
329 4089 387 4150 52:
409 4087 509 4159 Atque
534 4084 608 4143 adeo
630 4083 662 4139 in
684 4083 748 4154 ipso
771 4085 897 4151 tempore
920 4094 1022 4136 eccum
1045 4078 1141 4150 ipsum
1165 4076 1289 4138 obviam.

279 4187 328 4248 30.
380 4183 551 4249 Αὺῑαίίυκε,
581 4180 633 4253 qai
654 4177 824 4237 inarime»
846 4176 1039 4248 quantitatem
1060 4190 1084 4235 a.
1106 4172 1234 4247 proclam
1256 4170 1354 4244 capri-

211 4279 258 4341 no.
279 4281 311 4357 a)
328 4279 486 4358 prs‘sapii.
509 4276 570 4340 Hic
591 4272 750 4338 ablativus
767 4277 827 4352 est,
849 4271 905 4350 qui
920 4266 1050 4349 proprie
1068 4267 1184 4334 dicitur
1196 4265 1354 4331 ablativus

213 4425 402 4443 *—

266 4491 299 4554 'l
320 4491 366 4545 Sia
383 4486 561 4544 Bitschelius.
580 4483 671 4553 Vulgo
690 4480 722 4537 dc
740 4480 792 4534 die.

1057 4508 1140 4626 ‚et
