3125 5075
280 351 345 408 378
724 342 853 385 rnouou.
867 343 931 384 ear.
952 344 991 384 vr.

280 514 430 596 quentior
452 521 503 580 111
523 513 609 595 apud
631 512 788 597 Graecos,
817 518 856 583 de
878 518 994 598 quibus
1016 518 1089 584 vide
1112 516 1229 582 Beruln
1253 533 1284 598 p.
1309 521 1370 583 291
1395 535 1435 598 sq.

281 611 334 679 Sic
355 613 449 677 Ennii
470 612 637 678 Phoenicis
658 613 695 678 ir.
719 620 748 694 2,
770 634 800 680 v.
825 620 901 682 340:
948 621 1000 679 Ea
1026 620 1146 679 libertae
1173 622 1231 692 cst,
1257 619 1311 692 qai
1336 627 1437 693 pectus

281 732 388 791 purum
411 720 443 773 et
464 713 578 773 firmum
602 715 726 789 gestitat
748 711 844 794 (Geli
867 713 939 794 VII,
965 713 1027 795 17).
1050 714 1154 778 Plana
1177 712 1265 778 Asin.
1282 712 1326 794 H,
1344 718 1374 793 2,
1387 719 1436 777 57:

282 815 368 885 Hem,
391 813 450 872 isto
471 812 566 871 virtus
588 815 639 887 est,
663 814 779 887 quando
802 821 911 891 ussnst,
934 816 986 888 qui
1008 815 1116 874 malum
1137 811 1199 873 fert
1219 813 1350 875 fortiter.
1386 811 1440 876 Te·

282 915 364 973 rent.
388 906 465 972 Hec.
491 906 545 986 IV,
569 912 597 986 3,
622 911 654 971 2:
683 911 767 971 Istuc
789 915 832 970 cat
852 929 970 985 sapere,
992 913 1045 985 qai
1066 912 1116 971 ubi
1138 929 1284 986 quomque
1308 929 1383 986 opus
1406 914 1441 971 sit

283 1010 411 1069 animum
433 1008 530 1081 possis
553 1005 686 1085 flectere,
710 1007 795 1086 quod
811 1013 898 1072 recte
914 1006 1051 1087 explicat
1067 1006 1306 1073 Schmiederus:
1329 1024 1443 1086 „senen

284 1122 414 1169 uxorem
437 1101 555 1179 laudat,
579 1103 635 1167 sed
656 1108 707 1179 qua·
728 1104 852 1183 diceus,
882 1123 977 1170 masc.
1002 1123 1133 1186 genere,
1156 1104 1350 1170 sententiam
1371 1102 1443 1167 iacit

286 1201 480 1285 generalem,
504 1200 594 1264 cuius
615 1198 719 1267 facilis
738 1207 788 1266 est
810 1202 992 1283 explicatio.
1014 1203 1131 1284 Iunge:
1154 1202 1237 1266 istuc
1253 1205 1305 1266 est
1319 1219 1443 1282 sapere,

284 1301 338 1382 qui
362 1299 413 1379 (ut
436 1297 486 1376 tu)
510 1298 590 1363 ubic.
615 1316 665 1379 op.
690 1300 732 1364 ait
754 1300 848 1365 anim
871 1301 976 1381 possis
998 1300 1156 1366 flectere.“
1183 1298 1324 1364 Facilius
1348 1297 1445 1379 expli·

284 1404 358 1465 calu
387 1403 439 1462 eat
465 1396 567 1461 Plaut.
596 1396 677 1463 Rud.
706 1397 748 1475 ΙΙ,
779 1403 808 1477 3,
836 1404 885 1462 51.
913 1403 967 1463 52:
1011 1404 1101 1461 etiam
1127 1401 1179 1474 qai
1204 1401 1229 1459 it
1259 1402 1392 1460 lavatum
1414 1401 1445 1458 In

283 1501 427 1571 balineas,
450 1516 538 1574 quom
553 1499 594 1557 ibi
611 1499 713 1559 sedulo
726 1516 779 1558 sua
796 1500 972 1560 vestimenta
994 1507 1104 1576 serrat,
1126 1500 1196 1559 Tam
1221 1498 1444 1592 sthnpiuntm.

373 1596 406 1673 2)
450 1595 628 1660 Pronomen
667 1593 835 1658 relativum
866 1593 960 1659 finem
996 1595 1063 1660 sive
1096 1593 1262 1658 consilium
1289 1593 1444 1673 exprimit

284 1696 384 1761 Naev.
409 1695 429 1758 1.
453 1692 515 1758 Vll
538 1692 613 1757 belli
635 1690 746 1757 Punici
769 1711 819 1773 ap.
843 1691 980 1758 Nonium
1002 1712 1030 1757 v.
1053 1696 1209 1769 paciscunt
1231 1710 1262 1772 p.
1286 1697 1355 1755 474
1378 1695 1444 1768 (11-

288 1793 372 1858 hlen.
396 1809 425 1871 p.
454 1790 521 1867 17);
543 1794 659 1852 moenia
682 1795 750 1866 siut,
774 1794 924 1853 Lutatium
947 1811 1023 1867 quae
1044 1793 1260 1854 Reconcilient.
1306 1787 1390 1854 Cato
1411 1788 1441 1851 R

285 1891 322 1955 R.
347 1909 371 1955 c.
397 1895 429 1954 3:
475 1891 625 1950 trochleas
649 1891 850 1952 Graecanicas
872 1892 975 1966 binas,
1003 1909 1077 1965 quac
1098 1890 1217 1951 funibus
1240 1891 1375 1964 sparteis
1397 1890 1440 1948 da·

288 1995 404 2052 ceatur.
450 1984 485 2049 (l.
517 1991 548 2050 6:
586 1990 629 2048 uti
659 1991 718 2049 siet
748 1991 801 2063 qui
827 1992 942 2050 vineam
970 1991 1082 2064 ullipcs.
1129 1985 1239 2049 011:
1277 1988 1364 2061 1111,
1400 1985 1443 2059 qui

288 2086 393 2166 (111),
418 2088 678 2164 11111111111,
704 2086 758 2149 ubi
779 2089 849 2165 qui,
880 2091 917 2150 ut
939 2087 1082 2167 saepius,
1106 2084 1146 2149 ad
1168 2083 1327 2164 pluralem
1352 2083 1444 2147 reler-

285 2187 347 2247 tur.
396 2184 475 2248 ibid:
517 2188 643 2246 ahenum
678 2190 812 2245 coculum
853 2188 931 2260 qaod
962 2188 1064 2261 capiet
1095 2188 1223 2245 culleum
1256 2181 1349 2257 (ibid.
1384 2180 1440 2246 alio

285 2282 369 2348 loco:
408 2286 547 2362 ahenum,
585 2286 663 2358 qaod
693 2286 772 2359 eupit
802 2288 931 2345 culleum
957 2304 1062 2360 unum,
1099 2280 1290 2345 indicativus
1324 2281 1444 2359 positus

286 2385 360 2458 est).
407 2380 440 2445 0.
469 2386 520 2445 12:
559 2384 721 2444 confibulas
746 2384 878 2459 ligneae,
913 2383 965 2455 qai
988 2381 1078 2458 (abl.)
1108 2383 1232 2443 arbores
1262 2382 1442 2455 comprimat

290 2478 325 2545 C.
352 2483 404 2545 13:
443 2482 522 2556 qaod
550 2483 650 2556 capiat
675 2482 885 2557 quadrantalia
911 2483 1050 2558 quinque.
1097 2476 1131 2543 C.
1164 2483 1238 2542 104:
1278 2480 1388 2538 Vinum
1407 2475 1446 2535 ia·

287 2583 387 2641 miliae
416 2599 472 2655 per
499 2582 624 2641 hiemem
654 2583 708 2652 qai
733 2584 846 2640 uratur.
892 2578 926 2641 Ο.
961 2585 1013 2642 1οε
1059 2581 1158 2639 111111
1186 2612 1225 2619 -
1255 2579 1308 2650 qui
1337 2584 1446 2636 stercus

287 2685 417 2739 nectent.
463 2675 524 2739 ib.:
561 2680 687 2737 ahenum
711 2679 789 2750 quod
811 2681 910 2753 capiat
932 2678 1139 2754 quadrantalia
1161 2679 1258 2738 XXX.
1297 2673 1356 2737 ib.:
1382 2676 1445 2734 ahe-

288 2796 356 2837 num
379 2777 456 2848 quod
479 2779 579 2850 capiat
601 2778 811 2849 quadrantalia
840 2779 875 2834 V.
905 2775 961 2839 ib.:
991 2777 1043 2848 qui
1066 2771 1157 2851 (abl.)
1187 2776 1309 2833 nucleos
1334 2791 1447 2833 succer-

288 2884 349 2935 nat.
395 2871 496 2934 l'laut.
522 2870 612 2951 Capt.
642 2871 680 2950 V,
708 2878 739 2948 4,
771 2877 804 2935 6:
848 2878 909 2934 Aut
936 2883 1041 2934 anates
1070 2881 1121 2933 aut
1149 2874 1320 2933 coturnices
1345 2875 1447 2931 dautur

288 2975 407 3045 quicum
430 2973 561 3031 lusitent.
608 2969 700 3034 Truc.
726 2970 767 3049 ΙΙ,
793 2977 821 3047 1,
845 2975 901 3034 24:
925 2981 956 3031 et
978 2974 1082 3031 melius
1101 2972 1154 3043 qai
1176 2973 1285 3042 valcat,
1309 2969 1386 3047 iero,
1409 2965 1445 3029 ad

289 3086 318 3147 q.
343 3069 361 3131 l.
387 3067 576 3148 Schoppius:
599 3072 676 3146 ,(111
698 3086 755 3148 pro
778 3075 812 3130 at
830 3068 984 3133 Lambino
1008 3086 1070 3131 nou
1085 3065 1295 3130 intellectum.
1320 3065 1446 3135 Adlero,

289 3167 402 3246 inquit,
426 3166 485 3231 tibi
507 3167 547 3230 ab
572 3185 626 3230 ero
649 3184 720 3230 meo
741 3166 823 3231 dono
845 3184 959 3230 aurum
983 3170 1017 3230 et
1038 3164 1179 3241 obsonia,
1204 3168 1238 3225 ut
1261 3161 1378 3226 melius
1400 3179 1448 3224 11·

288 3266 365 3329 1111.
389 3264 441 3331 Sic
465 3264 591 3330 Cuicul.
616 3270 675 3329 act.
705 3264 761 3344 IV,
786 3271 814 3344 2,
838 3270 890 3328 33:
934 3267 1050 3341 Ecquid
1074 3266 1126 3324 das
1149 3264 1202 3335 qai
1222 3264 1299 3322 bene
1323 3262 1384 3322 sit?
1410 3258 1449 3321 Et

289 3362 405 3428 Bacch.
429 3363 455 3442 Ι,
481 3370 507 3442 l,
532 3368 586 3426 51:
610 3367 689 3425 Dato
713 3367 764 3438 qai
787 3366 861 3425 bene
886 3364 956 3425 sit.“
999 3362 1071 3426 Aul.
1095 3360 1153 3439 ΙΙΙ,
1178 3366 1207 3436 5,
1232 3364 1286 3424 28;
1316 3363 1448 3430 Vehicla,

287 3466 339 3539 qui
370 3465 469 3524 vehar.
516 3461 607 3526 Truc.
639 3461 681 3540 ΙΙ,
718 3467 748 3539 1,
779 3466 833 3526 31;
868 3463 899 3521 Si
922 3468 1011 3537 negat
1034 3464 1143 3522 habere
1166 3460 1243 3534 quod
1265 3460 1326 3518 det
1352 3478 1378 3518 r.
1402 3460 1449 3521 32:

288 3564 351 3622 Nec
375 3565 448 3624 satis
469 3565 641 3636 accipimus,
665 3563 737 3622 satis
761 3579 847 3636 quom
864 3560 942 3634 qaod
957 3560 1008 3619 det
1023 3578 1081 3619 non
1097 3560 1196 3619 hahet.
1220 3554 1382 3631 11111,
1401 3560 1452 3616 14:

287 3663 333 3721 Ne
363 3678 470 3720 causae
501 3660 571 3734 quid
594 3662 647 3732 sit,
671 3660 751 3733 quod
772 3667 802 3718 te
826 3660 979 3734 quisquam
1003 3660 1160 3733 quaeritet.
1207 3654 1273 3727 (Sic
1297 3653 1397 3717 Gran.
1421 3654 1453 3715 ct

288 3755 390 3821 Goell.
436 3755 507 3820 Vet.
531 3757 598 3821 cod.
615 3756 735 3820 Meurs.
765 3775 823 3830 quo
846 3761 881 3815 te.
920 3754 1089 3834 vulgatam
1105 3751 1277 3832 adscripsit
1292 3751 1397 3815 Bentl.
1413 3749 1454 3813 ad

288 3853 359 3918 Ter.
384 3853 461 3918 Hec.
484 3854 544 3930 ΙΙΙ,
569 3862 598 3934 5,
623 3857 663 3931 2).
709 3853 797 3918 Pers.
822 3852 878 3933 iv,
901 3860 931 3931 4,
955 3858 1013 3916 41:
1037 3855 1149 3926 Indica,
1172 3855 1302 3912 minnmo
1325 3852 1453 3911 daturus

288 3958 339 4030 qui
362 3957 413 4023 sis,
437 3957 488 4028 qai
510 3956 577 4015 duci
600 3963 699 4030 queat,
722 3952 808 4032 quod
829 3950 940 4015 Lamb.
957 3949 1107 4030 explicat:
1130 3954 1185 4028 „et
1206 3966 1291 4012 ame
1307 3951 1456 4027 emptore

288 4051 403 4115 abduci
426 4050 554 4130 queat.“
599 4051 689 4132 Capi.
713 4051 738 4129 Ι,
763 4055 793 4128 2,
818 4055 872 4113 51:
910 4053 1068 4112 Nullumne
1091 4052 1209 4109 interea
1232 4045 1381 4122 nanctn’s,
1404 4046 1456 4121 qai

289 4160 392 4225 posset
408 4154 634 4213 tibiRemissum
650 4169 738 4231 quem
756 4150 828 4210 dixti
846 4153 994 4225 imperare
1010 4146 1194 4209 exercitum?
1217 4144 1313 4208 Poen.
1322 4144 1363 4226 V,
1377 4151 1406 4224 5,
1420 4150 1455 4209 8:

288 4250 401 4311 Nactus
426 4259 472 4310 est
495 4252 657 4324 hominem,
680 4252 760 4310 mina
781 4266 867 4322 quem
890 4251 1006 4323 argenti
1029 4247 1276 4308 circumduceret.
1310 4243 1401 4309 Pera.
1427 4241 1452 4320 Ι,

290 4350 320 4424 3,
344 4351 398 4409 76;
438 4352 532 4423 Quam
555 4351 605 4408 ille
630 4351 739 4409 habeat
761 4349 814 4420 qai
836 4349 913 4408 hanc
926 4348 1028 4407 lenoni
1051 4348 1119 4406 huic
1135 4345 1255 4406 vendat.
1280 4340 1377 4421 Epiri.
1391 4339 1452 4422 ΙΙΙ,
