3125 5075
491 366 579 407 CASUS
594 364 862 405 SUBSTANTIVORUH.
879 384 902 392 -
916 364 1055 403 Accusas.
1290 375 1349 432 193

215 539 279 624 ᾖ
302 539 410 608 verbis
437 537 564 622 (quoda
589 544 667 605 suut
698 542 806 617 lecton
839 538 954 619 mor)
984 536 1143 604 obiectum
1169 538 1350 605 accumtivo

291 633 450 704 infinitivo
470 654 657 719 expresm
680 654 808 717 semper
827 634 861 700 id
883 639 949 715 est,
976 634 1063 716 qnod
1083 636 1245 716 ωρίιιιιπ,
1272 653 1350 719 orgo

153 743 155 778 i
216 733 331 819 iquod
344 734 473 802 actione
486 733 649 817 cogitandi
668 733 768 800 verbo
790 749 943 815 expressa
956 729 1103 813 efficitur,
1125 732 1177 800 oui
1192 735 1351 801 contraria

153 849 158 918 Γ
217 839 252 901 st
274 832 458 900 enunciatio
490 831 649 899 obiectiva
675 849 734 912 per
759 830 1013 897 coniunctionem
1042 834 1120 908 qaod
1147 831 1250 913 elata,
1286 850 1351 915 qua

153 929 159 1012 Ρ
218 929 317 999 noro
338 949 395 997 res
415 931 481 998 iam
502 935 614 997 extans
635 936 847 1011 naturamque
873 927 1007 996 effectus
1029 930 1209 1010 exprimens
1231 930 1351 1013 siguifi-

153 1023 160 1066 '¹
217 1036 298 1096 atur.
339 1027 532 1096 Euunciatio
554 1028 654 1110 igitur
675 1046 733 1110 per
754 1029 833 1104 qaod
854 1027 939 1093 elato
962 1027 1122 1093 obiectum
1142 1034 1193 1094 est
1213 1032 1351 1113 recepti·

153 1127 157 1159 ²
217 1141 283 1207 mn,
303 1125 486 1193 enuntiatio
508 1129 614 1192 antem
636 1145 696 1207 per
715 1125 932 1193 accusativum
953 1143 980 1191 c.
1002 1123 1057 1190 int
1078 1125 1206 1206 prolata
1232 1129 1351 1208 produ-

153 1231 154 1240 ’
218 1226 327 1292 divum
352 1223 468 1303 (Quasi
489 1224 688 1304 praeteriens
710 1241 932 1304 commemoro,
958 1223 992 1288 in
1016 1222 1202 1305 explicanda
1222 1228 1352 1293 enunci-

153 1321 164 1392 .’
215 1323 303 1389 stione
322 1320 414 1387 finali
434 1339 493 1403 per
511 1328 548 1385 at
567 1327 602 1387 et
622 1342 659 1385 ae
681 1320 767 1389 elata
787 1320 1051 1405 proficiscendum
1074 1339 1146 1387 esse
1166 1320 1208 1387 ab
1224 1323 1350 1392 obiecto

218 1420 409 1498 directionis).
430 1455 475 1466 -
496 1418 608 1499 Quivis
629 1420 712 1486 alius
734 1420 935 1487 accusativus
955 1437 1026 1486 cum
1047 1420 1153 1485 verbis
1175 1421 1351 1491 transitivis

210 1519 387 1586 ommoos
410 1519 477 1584 sive
498 1518 601 1601 magis
628 1518 695 1584 sive
724 1519 829 1583 minus
856 1518 1025 1601 perspicue
1047 1517 1208 1583 obiectum
1229 1528 1278 1586 est
1301 1541 1351 1589 re·

203 1617 373 1699 teptivnm,
396 1620 435 1681 ut
455 1616 489 1681 iu
516 1635 583 1680 omo
598 1622 732 1694 patrm
756 1619 846 1680 tuedo
867 1619 1059 1693 osopum,
1081 1617 1161 1680 deleo
1181 1621 1295 1698 urbem
1317 1620 1351 1688 in

199 1713 274 1780 solis
295 1714 407 1781 verbis
441 1713 592 1781 factitivis
618 1714 770 1780 videntur
793 1714 907 1779 ambae
934 1714 1080 1780 notiones
1107 1713 1199 1795 quasi
1224 1715 1351 1783 misceri

198 1809 282 1878 iuter
314 1830 351 1877 se
376 1817 411 1877 et
439 1810 598 1878 contundi.
642 1812 705 1879 Sed
732 1813 760 1877 si
786 1813 845 1878 hoc
873 1811 1069 1892 consideras,
1104 1830 1176 1877 cum
1205 1813 1351 1881 omnibus

199 1910 325 1991 verbis,
363 1928 498 1993 quorum
528 1909 689 1993 generalis
715 1908 907 1993 significatio
936 1917 987 1975 est
1013 1912 1154 1985 faemos,
1191 1911 1351 1979 obiectum

199 2021 278 2084 ram,
300 2009 329 2074 si
351 2009 456 2074 minus
483 2008 517 2073 iu
542 2027 651 2074 rernm
672 2014 802 2089 natura,
830 2015 865 2075 at
890 2014 978 2075 certe
1004 2008 1038 2072 in
1068 2008 1260 2089 cogitatione
1286 2011 1351 2078 iam

206 2109 367 2171 extantem
395 2106 575 2187 exprimens
602 2125 698 2190 posse
730 2106 879 2189 coniungi
909 2111 943 2172 et
968 2110 1037 2170 tum
1064 2105 1158 2171 modo
1184 2124 1245 2170 cose
1268 2108 1350 2177 hauc

207 2221 282 2283 rem,
303 2222 365 2270 uec
385 2222 462 2269 vero
484 2205 554 2270 eius
575 2211 722 2272 usturam
738 2207 841 2287 ipsam
856 2204 921 2270 tale
944 2202 1111 2282 declarari,
1130 2203 1214 2282 quod
1225 2207 1350 2274 actione

207 2301 245 2367 sit
267 2300 432 2382 effectum,
468 2308 575 2385 potet,
610 2305 776 2371 etiamtum
804 2301 1030 2385 cogitationem
1065 2299 1203 2366 existere
1234 2304 1352 2372 obiecti

207 2401 368 2482 receptui,
395 2400 481 2482 quod
502 2408 610 2467 tamen
632 2404 755 2479 (eodem
782 2402 890 2478 modo,
918 2416 981 2479 quo
1010 2395 1159 2462 insimili
1187 2417 1234 2480 re,
1256 2418 1352 2482 quam

209 2513 298 2580 supra
320 2501 647 2574 commemoravimus)
670 2505 814 2567 mutatur
840 2500 873 2565 iu
895 2494 1164 2579 reproductivum.

282 2596 457 2679 &donum
487 2604 552 2679 est,
588 2605 625 2664 ιιι
653 2600 779 2665 dicatur
805 2599 845 2664 de
871 2595 1076 2673 accusativis,
1109 2595 1164 2675 qui
1192 2595 1350 2681 dicuntur,

153 2726 155 2781 ;
209 2692 391 2775 duplicibus,
415 2696 469 2776 qui
490 2697 565 2761 item
587 2696 651 2764 huc
666 2698 839 2778 pertinent,
861 2695 951 2761 cuius
967 2693 1211 2760 constructionis
1225 2694 1382 2766 consae?

208 2790 263 2858 duo
287 2810 411 2876 genera
436 2810 507 2859 esse
535 2794 754 2860 discernenda
799 2794 837 2858 In
864 2793 967 2860 altero
995 2792 1080 2856 enim
1107 2809 1238 2874 genere,
1265 2799 1351 2878 quod

208 2892 326 2956 nomine
358 2895 463 2955 obiecti
488 2911 630 2968 persam
656 2900 685 2956 et
711 2896 757 2955 rei
782 2891 994 2975 significatur,
1024 2892 1057 2955 iu
1093 2890 1192 2955 verbo
1223 2910 1351 2977 semper

207 2985 279 3054 hoec
300 2989 352 3055 vis
373 2991 468 3072 inest,
491 2996 528 3054 ut
549 2991 633 3057 actio
656 2991 792 3058 subiecti
814 2991 972 3057 obiectum
987 2989 1029 3054 ad
1043 2988 1177 3053 alteram
1191 2991 1349 3060 actionem

208 3084 358 3169 impellet,
391 3088 476 3169 qood
502 3106 561 3170 per
589 3109 661 3152 coro
695 3108 720 3155 s.
747 3091 860 3165 efficio,
896 3095 932 3150 ot
959 3090 1069 3162 utpote
1094 3087 1187 3160 sociat
1216 3092 1349 3171 exprimi

209 3189 325 3266 potem
362 3186 409 3253 sic
434 3189 520 3250 doceo
540 3186 626 3252 idem
655 3187 812 3269 estquod
834 3189 929 3265 focio,
957 3192 992 3248 at
1012 3185 1123 3259 αῑιᾳιιῑι
1143 3184 1251 3266 diem,
1280 3209 1352 3268 rope

210 3280 283 3349 idem
303 3283 391 3366 quod
412 3287 492 3361 (octo
512 3291 547 3348 ot
567 3289 677 3362 otium
698 3288 792 3366 dect,
819 3284 966 3350 similiter
988 3283 1146 3344 oomduco
1167 3280 1251 3347 idem
1265 3290 1351 3366 quod

213 3380 280 3452 tocie
307 3388 344 3444 ut
364 3385 474 3460 otiosis
499 3388 634 3448 omos
665 3384 745 3465 (uisi
770 3383 854 3451 forte
881 3383 914 3448 in
941 3381 1002 3445 hoc
1024 3376 1168 3457 exemplo
1198 3399 1265 3446 rem
1291 3403 1351 3466 pro

217 3476 330 3546 obiecto
360 3480 544 3548 directionis
571 3482 717 3565 accipere
753 3481 848 3561 velis,
885 3482 998 3546 contra
1033 3493 1128 3556 quam
1159 3482 1350 3550 sententiam

217 3574 305 3643 uuita
325 3584 402 3644 sunt
414 3595 495 3659 quae
512 3581 575 3648 dici
597 3580 745 3662 possint).
768 3582 979 3648 Accusativus
1002 3575 1049 3639 rei
1072 3571 1171 3654 igitur
1193 3580 1350 3664 exprimit,

218 3677 246 3735 ιι
255 3674 299 3741 ita
312 3675 428 3753 dicam,
450 3678 610 3744 obiectum
630 3679 760 3745 secundi
782 3681 901 3761 gradus
924 3686 1020 3760 atque
1043 3674 1172 3756 ordinis,
1195 3677 1351 3760 cumipse

219 3768 425 3841 s'tobiectum
447 3777 583 3842 actionis
604 3777 645 3842 ab
668 3777 793 3844 obiecto
816 3795 972 3860 personae
994 3774 1137 3852 effectae,
1160 3790 1224 3855 quo
1246 3772 1292 3856 tit,
1314 3785 1352 3843 ut

221 3860 263 3935 too
291 3870 452 3939 obiectum
484 3892 524 3940 ne
551 3876 584 3940 in
614 3876 741 3956 passiva
772 3877 900 3956 quidem
933 3874 1170 3941 constructione
1200 3878 1350 3954 mutetur,

221 3964 357 4048 dudem
378 3972 541 4053 cogitator
564 3974 698 4040 alteram
713 3975 876 4042 ambarum
891 3974 1060 4052 actionum,
1084 3971 1153 4037 dico
1166 3989 1245 4049 eam,
1268 3990 1350 4054 quae

221 4066 389 4134 soubiecto
404 4069 555 4149 primario
578 4070 691 4137 effecta
706 4080 765 4149 est,
788 4072 883 4138 etiam
906 4078 973 4137 tum
988 4087 1125 4147 manere,
1148 4087 1219 4135 cum
1233 4070 1348 4151 altera,

219 4162 358 4230 tttiouem
379 4165 451 4232 dico
472 4171 610 4250 motae,
633 4172 801 4236 evanuerit
826 4177 859 4237 et
881 4171 922 4249 id,
950 4162 1035 4251 q'uod
1056 4172 1151 4231 autea
1173 4173 1244 4233 orat
1264 4171 1352 4236 obie-

221 4260 301 4340 ctum,
322 4263 504 4331 subiectum
525 4265 644 4332 iactum
665 4269 707 4333 sit
736 4269 965 4336 enunciationis
987 4264 1141 4351 passivae
1186 4265 1224 4331 In
1249 4267 1351 4336 altero

222 4369 321 4498 tenero
340 4364 515 4430 aocnmtivi
535 4365 670 4448 duplicis
692 4367 780 4433 notio
803 4368 894 4435 verbi
914 4386 977 4434 nou
999 4367 1073 4435 talis
1095 4371 1158 4446 est,
1182 4386 1245 4451 qua
1265 4369 1350 4435 actio

281 4464 338 4512 ouo.
351 4464 465 4516 synasmo.
492 4467 511 4506 1.
1098 4477 1136 4534 13
