3125 5075
495 334 691 373 meruissemus·
707 339 765 377 CUM
783 338 946 376 iniustitiis.
1253 341 1289 398 31

136 524 240 583 ncrius
263 523 354 584 Putcr
376 528 481 600 instat,
505 526 583 598 fecit.
618 546 645 590 v.
675 532 724 591 91.
757 530 815 590 107
839 544 885 604 sn.
930 525 972 604 V,
996 530 1026 602 3,
1049 527 1105 587 28:
1139 524 1197 585 liic
1219 524 1294 583 nlius

139 638 189 679 ros
213 637 306 697 ugone
326 639 358 682 se
373 622 525 688 simulare.
572 623 705 704 Adelph.
730 624 754 702 Ι,
782 630 808 701 l,
833 628 887 688 20:
909 625 969 686 Ide
984 632 1090 685 ooutrn
1104 619 1180 683 hoec
1196 622 1294 681 omniu

139 719 215 780 Ruri
238 735 328 792 opere
355 722 461 781 vitum:
492 742 609 798 semper
631 742 722 799 perce
753 740 789 783 uc
817 725 932 782 duriter
954 722 992 782 Sc
1019 722 1144 781 satec:
1174 733 1297 779 uxorem

140 815 237 875 docuit.
283 812 374 890 V,4‚
400 821 447 881 10.

226 918 258 976 4.
303 914 425 979 Deinde
447 914 619 981 infinitivus
642 936 676 983 se
699 918 863 997 coniungit
886 935 957 981 cum
980 915 1124 981 subiecto
1147 911 1297 976 enuncie-

140 1010 249 1086 tionis,
272 1026 354 1089 qnae
371 1016 575 1093 constructio,
598 1017 624 1080 si
646 1016 741 1079 etiem
759 1016 976 1093 praedicatum
991 1012 1094 1076 forma
1108 1009 1298 1075 attributivn

138 1107 171 1172 iu
194 1109 394 1173 nominativo
416 1114 596 1193 appositum
619 1119 678 1189 est,
703 1113 798 1193 vulgo
821 1114 947 1177 nomine
967 1112 1142 1173 nominativi
1163 1128 1229 1170 cnm
1250 1108 1297 1165 in-

138 1209 260 1280 finitivo
282 1212 429 1288 notatur,
449 1211 583 1275 maxime
612 1217 719 1275 autem
746 1212 778 1274 in
809 1212 916 1275 verbis
942 1209 1094 1290 passivis,
1118 1206 1296 1283 sedsaepe

140 1303 239 1368 etium
263 1304 297 1368 in
312 1304 382 1369 aliis
398 1307 499 1373 locum
521 1308 627 1373 habet.
666 1307 745 1372 Ceto
761 1308 799 1371 R.
818 1308 854 1372 R.
877 1306 977 1387 praei.
1001 1309 1030 1383 ξ.
1049 1313 1082 1370 3:
1106 1307 1298 1380 Amplissimo

144 1403 266 1464 iccdori
289 1407 524 1473 existimabatur,
547 1411 656 1484 quiite
678 1411 864 1469 lendnbntur.
910 1405 963 1469 Or.
987 1422 1044 1484 pro
1067 1401 1167 1467 Rhod.
1191 1419 1221 1481 p.
1246 1405 1298 1474 24,

151 1504 164 1561 l
191 1498 338 1565 Jordan:
377 1505 453 1578 quod
482 1509 550 1565 illos
582 1508 706 1567 dicimus
742 1511 869 1567 voluisse
900 1507 1015 1578 iecere,
1043 1505 1072 1563 id
1101 1520 1155 1562 noo
1181 1502 1300 1573 priores

148 1597 243 1669 facere
266 1603 495 1676 occnpnbimus?
518 1601 559 1664 ib.
582 1619 611 1681 p.
635 1610 685 1680 24,
707 1611 726 1666 4
749 1603 838 1669 Jord.
865 1600 998 1682 (Meyer.
1022 1600 1070 1663 ed.
1087 1597 1129 1674 II,
1152 1615 1182 1677 p.
1207 1596 1298 1669 lom:

147 1698 257 1773 Ecquis
282 1706 330 1758 est
357 1702 474 1759 tandem
503 1704 554 1776 qui
582 1714 745 1762 vestrorum
770 1722 895 1778 aequum
925 1710 1062 1772 censent,
1085 1715 1197 1774 poenus
1227 1697 1300 1755 dure

146 1797 183 1854 nb
206 1814 275 1857 eum
299 1815 360 1856 rem
384 1801 462 1873 quod
490 1805 639 1872 orpuatur
661 1803 737 1860 mele
765 1802 866 1862 iacere
888 1799 1034 1860 columne?
1070 1795 1112 1859 ib.
1135 1811 1167 1873 p.
1190 1798 1231 1856 25
1252 1792 1300 1857 J.:

144 1896 217 1969 quin
239 1895 366 1954 coiumso
387 1896 528 1956 dimittor
544 1898 667 1958 iacere?
703 1897 795 1960 Ennii
819 1896 989 1961 Ambracia
1003 1894 1041 1958 ir.
1066 1899 1096 1957 l:
1126 1910 1181 1968 per
1195 1902 1301 1967 genten

143 2010 206 2052 esse
229 1994 345 2053 dueum
365 1999 492 2054 omnium
515 1998 705 2056 miserrimis.
750 1995 853 2059 Plaut.
878 1995 968 2058 Cure.
992 1990 1034 2068 ΙΙ,
1059 1996 1089 2069 2,
1114 1995 1153 2053 10
1175 2003 1257 2067 sqq.:

318 2094 381 2152 Hoc
405 2102 491 2153 nocte
514 2095 543 2151 in
568 2096 677 2154 somnis
700 2096 796 2155 vissus
817 2112 880 2155 som
904 2095 1014 2154 toerier

317 2191 423 2250 Procul
448 2193 552 2251 sedere
577 2195 663 2266 longe
687 2211 706 2252 n
727 2212 771 2251 me
796 2195 1022 2266 Aesculapium:

319 2289 422 2364 Neque
439 2307 503 2347 eum
521 2290 618 2349 adme
637 2292 718 2350 adire
736 2308 831 2368 neque
847 2308 892 2349 mc
909 2287 1153 2364 magnipendere

319 2387 354 2442 V'
466 2435 473 2447 .

149 2475 246 2545 Poen.
275 2479 318 2555 V,
340 2395 466 2563 ¹285}th
492 2487 548 2547 Vix
575 2488 630 2548 hoc
660 2488 815 2548 videamur
841 2486 966 2548 medere.
1010 2480 1093 2547 liud.
1121 2478 1184 2558 111,
1211 2480 1304 2557 1,6:

149 2581 195 2640 Ad
220 2582 440 2645 hirundininum
472 2587 570 2645 nidum
593 2587 685 2647 nicom
708 2588 798 2647 simin
825 2588 1037 2647 Ascensiouem
1060 2595 1093 2643 nt
1114 2581 1230 2640 fuceret
1251 2576 1306 2636 ud·

151 2678 298 2738 moiiricr.
333 2697 359 2741 v.
383 2685 419 2745 9:
455 2685 576 2746 Videtur
598 2687 635 2744 ud
658 2704 703 2744 me
733 2689 820 2745 simin
842 2683 1035 2758 adprcdirier.
1079 2677 1150 2741 Cas.
1175 2690 1253 2757 grex
1274 2693 1305 2737 v·

153 2777 187 2837 2:
212 2777 300 2836 huius
322 2781 483 2852 reportatio
503 2784 568 2854 lilia
583 2801 652 2845 esne.
690 2781 786 2847 Poen.
802 2780 840 2858 V,
856 2787 885 2859 3,
902 2785 959 2844 52:
983 2777 1307 2841 utioceioooeantur

154 2874 242 2935 hodie
264 2892 326 2936 esse
348 2879 434 2938 huius
461 2880 552 2950 filiae.
599 2878 639 2954 V,
663 2886 696 2957 5,
721 2886 757 2945 31
789 2896 853 2959 sq.:
885 2881 968 2939 Tune
997 2880 1045 2938 hic
1072 2885 1187 2936 umutor
1215 2872 1307 2934 nudos

154 2991 222 3043 eone,
246 2976 347 3034 hallex
368 2976 444 3035 viri?
482 2982 540 3038 tint
556 2990 754 3040 contrectare.
799 2977 887 3042 Pers.
904 2974 963 3054 111,
988 2981 1017 3053 3,
1042 2977 1100 3037 26:
1131 2976 1192 3034 lum
1207 2972 1308 3031 ordtw

154 3073 252 3134 iratw
274 3090 341 3134 esso.
387 3072 441 3150 lV,
464 3079 493 3152 3,
521 3081 572 3140 10:
606 3080 713 3137 Bonus
734 3080 800 3137 nolo
821 3082 880 3138 inm
902 3095 938 3137 ex
962 3074 1081 3134 hoodie
1103 3089 1171 3132 ecoe
1209 3065 1308 3131 Stich.

156 3166 183 3242 Ι,
209 3175 243 3243 1,
269 3173 328 3233 25;
362 3174 521 3235 Persarum
549 3176 661 3236 Montis
688 3176 740 3248 poi
767 3193 827 3235 esce
857 3175 943 3233 nurci
965 3171 1168 3245 perhibentur.
1220 3164 1308 3228 Trin.

157 3260 213 3344 ΙΙΙ,
239 3271 270 3345 2,
293 3270 351 3332 66:
384 3272 458 3348 Quin
479 3290 525 3333 me
547 3274 701 3347 inprobior
716 3274 913 3347 perhibentur
931 3286 999 3331 esse.
1043 3265 1136 3330 Truo.
1160 3261 1202 3340 ΙΙ,
1227 3266 1256 3340 2,
1280 3265 1310 3324 ὁ.

156 3362 285 3430 Terent.
309 3365 383 3432 Hec.
406 3367 465 3448 IV,
493 3375 525 3447 l,
549 3375 602 3433 29:
636 3372 694 3430 Sed
722 3382 754 3431 ut
777 3373 846 3431 olim
875 3381 905 3430 te
932 3368 1104 3438 ostendisti,
1127 3363 1228 3423 eudem
1249 3376 1311 3420 esre

158 3468 196 3527 nil
224 3467 377 3527 mmotsd
407 3485 498 3543 usquc
528 3470 635 3530 adhuc.
678 3464 812 3547 Adelph.
835 3465 868 3545 l,
891 3471 928 3544 2,
950 3468 1007 3529 45:
1034 3464 1126 3523 Pater
1151 3477 1211 3520 esse
1232 3459 1310 3519 diens

159 3566 193 3622 ub
217 3565 292 3639 illis,
315 3569 364 3640 qui
386 3583 457 3626 vere
480 3569 586 3627 sciunt.
632 3568 666 3642 V,
691 3569 721 3643 6,
744 3570 779 3627 8:
803 3568 935 3625 Meditor
957 3581 1023 3625 esso
1046 3562 1194 3623 adscitis.
1232 3556 1310 3619 Hec.

159 3657 210 3739 IV,
237 3666 267 3740 l,
290 3666 345 3725 57:
368 3665 482 3724 Forma
503 3669 533 3726 in
555 3668 687 3726 tenebris
709 3666 790 3723 nosci
813 3683 870 3724 uon
893 3663 1010 3736 positast.

245 3764 277 3823 5.
315 3756 492 3826 infinitivus
507 3780 603 3843 saepe
618 3764 771 3823 conuitium
787 3760 945 3840 exprimit,
966 3756 1110 3838 inprimis
1125 3755 1198 3832 post
1212 3748 1314 3814 verbu

162 3862 283 3923 motum
305 3856 533 3939 significantia,
557 3859 611 3924 ubi
631 3859 819 3939 plerumque
846 3876 905 3939 pro
933 3853 1087 3920 infinitivo
1109 3850 1258 3930 supinum
1280 3847 1313 3911 iu

160 3975 208 4017 om
232 3954 384 4020 desinens
405 3958 547 4037 ponitur,
570 3957 627 4022 sed
658 3957 754 4020 etium
782 3965 857 4036 post
886 3955 1018 4020 verbum
1045 3954 1128 4013 doro.
1173 3947 1251 4013 Ceto
1275 3944 1313 4008 R

158 4051 195 4118 R
219 4072 246 4118 c.
271 4056 326 4118 89:
357 4057 408 4116 Bis
435 4060 466 4116 in
496 4059 544 4118 die
571 4058 678 4118 inroint
702 4066 734 4117 et
759 4058 883 4117 meridie
913 4056 1010 4114 bibere
1037 4054 1115 4113 doto.
1159 4047 1224 4112 ln:
1256 4047 1314 4107 nisi

158 4154 245 4228 prius
268 4152 338 4212 doto
361 4155 470 4229 bibere,
493 4167 524 4215 et
546 4157 591 4216 bis
614 4157 644 4215 iu
669 4157 724 4216 dic.
769 4153 872 4217 Plaut.
895 4151 983 4216 Pers.
1007 4150 1049 4228 V,
1073 4155 1106 4226 2,
1128 4149 1186 4216 40;
1218 4146 1316 4205 bibere

159 4250 201 4308 du
224 4268 318 4326 nsque
340 4253 439 4327 plenis
462 4255 623 4315 cantheris.
669 4251 799 4316 Terent.
822 4250 920 4314 Andr.
944 4248 1003 4327 III,
1027 4254 1056 4323 2,
1078 4254 1114 4310 4:
1140 4246 1225 4319 Quod
1241 4242 1316 4302 iussi

161 4351 190 4409 ei
220 4348 292 4408 dori
317 4350 426 4420 iibere,
449 4359 480 4411 et
507 4365 647 4429 qnantum
678 4355 827 4428 inperari,
855 4353 941 4410 Dete.
986 4345 1079 4410 Truc.
1109 4343 1171 4419 IV,
1200 4345 1233 4420 2,
1258 4341 1315 4403 26;
