3125 5075
201 380 264 438 236
630 370 781 411 SUBS'I'ANT.
800 370 863 411 ΟΑΡ.
877 372 919 413 ΙΙΙ.

202 549 232 624 2,
255 549 289 609 3:
324 563 421 623 neque
443 564 534 620 quom
556 548 591 607 olo
619 563 682 606 rem
709 548 803 622 eieci,
836 547 895 607 ium
928 547 1033 609 huben.
1077 544 1177 612 Merc.
1199 545 1225 626 Ι,
1250 552 1276 622 1,
1297 551 1339 613 3Ιι

200 645 287 706 Nunc
316 662 368 706 rou
399 646 439 704 mi
464 646 555 707 irasci
583 646 619 705 ob
648 646 867 719 multiloquium
896 663 954 706 non
976 645 1072 707 decet.
1117 643 1157 724 V,
1182 648 1210 723 2,
1234 648 1286 709 66:
1312 649 1341 709 oh

202 743 300 802 istunc
323 745 467 803 nuntium.
514 741 552 820 V,
576 746 607 819 4,
631 745 686 805 66:
710 742 752 803 Ob
775 761 878 804 senum
895 775 932 785 -
950 742 1140 807 industrium.
1186 741 1223 822 V,
1251 749 1280 822 4,
1299 748 1340 808 31:

201 841 239 901 ob
263 841 339 900 hune
362 842 508 902 iniurium.
554 837 669 904 caecil.
693 839 773 904 Stat.
797 835 951 919 Chrysion
979 857 1009 903 v.
1034 846 1093 906 23:
1127 844 1166 904 ob
1196 859 1260 903 eeu
1285 860 1339 905 ren

201 935 330 1001 Terent.
354 936 453 1002 Andr.
477 935 537 1016 III,
562 941 591 1016 5,
613 941 650 1000 4:
670 941 803 999 Pretium
826 940 861 998 ob
882 939 1040 998 strottitiom
1061 939 1137 1002 iero.
1182 937 1263 1002 Eun.
1282 937 1332 1017 Li

201 1038 257 1100 91:
280 1036 323 1097 05
347 1039 419 1097 hoec
440 1037 523 1110 forto
547 1038 599 1097 obs
621 1044 652 1097 te
673 1055 808 1112 spernor.
1371 1021 1376 1084 f

287 1135 427 1209 Propter.
472 1131 567 1196 Ennii
590 1132 793 1198 Andromeda
813 1130 851 1195 fr.
876 1137 911 1196 7:
934 1142 1060 1210 propter
1084 1142 1124 1197 te.
1171 1133 1265 1198 Ennii
1283 1133 1339 1213 Epi·
1371 1132 1373 1136 ’

201 1230 351 1295 charmus
366 1228 404 1293 ir.
422 1236 451 1309 7,
474 1248 502 1292 v.
523 1235 576 1294 ll:
599 1234 701 1293 Haece
724 1240 859 1308 propter.
904 1229 1009 1295 Plaut.
1025 1230 1142 1297 Bacch.
1159 1229 1216 1312 IV,
1237 1235 1265 1309 9,
1282 1235 1338 1295 109:
1369 1293 1375 1326 r

201 1331 298 1408 Quom
324 1333 446 1403 proptor
473 1337 587 1389 tanturn
617 1331 715 1390 domni
743 1330 803 1389 feei
826 1338 857 1390 et
886 1330 989 1407 flagiti
1034 1328 1107 1393 Aul.
1136 1327 1192 1411 IV,
1226 1334 1274 1410 10,
1298 1332 1337 1394 56:
1373 1395 1376 1408 ,

200 1430 292 1506 Quem
308 1433 434 1501 propter
456 1428 543 1488 hodie
567 1431 632 1488 nuri
654 1435 769 1489 tuntum
793 1428 911 1503 perdidi
933 1427 1052 1502 infelix,
1083 1431 1182 1491 miser.
1229 1424 1336 1504 Rudl,
1371 1491 1375 1526 1

202 1528 231 1603 2,
256 1528 313 1589 39:
349 1527 425 1585 Num
442 1531 568 1600 propter
592 1528 655 1586 eius
685 1527 764 1587 modi
792 1543 846 1602 ego
873 1528 953 1587 viros
980 1525 1046 1588 rivo
1073 1528 1179 1602 miser,
1213 1526 1254 1591 ud
1279 1522 1336 1605 gl
1372 1570 1375 1613 7

200 1620 325 1687 Lamb.:
357 1638 473 1702 „opera
495 1627 529 1685 et
551 1620 645 1701 culpa
669 1620 780 1686 talium
802 1621 976 1686 virorum.“
1020 1641 1049 1685 v.
1074 1626 1113 1686 61
1139 1641 1203 1703 sq.:
1233 1626 1274 1686 Ut
1289 1639 1338 1684 ue:

200 1723 345 1795 opiniost,
368 1722 497 1795 Propter
518 1724 599 1782 oioro
619 1723 666 1781 illi
689 1728 757 1782 sunt
778 1722 877 1782 vocati
899 1722 938 1782 ud
959 1721 1132 1795 prandium,
1156 1720 1230 1787 vide
1251 1721 1335 1786 adnot
1371 1793 1375 1824 Ι

200 1816 232 1880 in
256 1815 304 1881 ed.
326 1817 458 1882 Taubm.
482 1817 524 1896 ΙΙ,
550 1823 579 1897 6,
605 1822 658 1881 12:
689 1822 781 1897 Quoto
797 1824 922 1893 propter
944 1821 1000 1880 hoc
1022 1821 1094 1880 mihi
1117 1821 1227 1896 optigit
1248 1824 1335 1880 misero
1370 1885 1375 1896 ¹

199 1918 278 1976 muli.
318 1913 357 1992 V,
382 1921 411 1994 3,
435 1921 489 1980 55:
512 1919 603 1995 Quem
618 1922 741 1991 propter
763 1925 795 1978 tu
818 1918 947 1978 vidulum
970 1924 1002 1977 et
1029 1936 1084 1994 ego
1106 1927 1227 1996 gnatum
1252 1916 1331 1978 inveni

199 2011 296 2077 Mero.
320 2010 376 2091 IV,
399 2018 429 2092 4,
455 2018 509 2079 32:
542 2018 628 2075 Nunc
656 2033 756 2075 verum
785 2034 839 2090 ego
867 2015 942 2075 illud
969 2017 1089 2076 verbum
1119 2034 1188 2078 esse
1220 2017 1335 2093 experior
1374 2093 1375 2104 ἵ

200 2118 300 2173 vetus:
335 2114 455 2188 Aliquid
479 2116 548 2175 muli
577 2131 643 2174 esse
661 2118 785 2187 propter
811 2114 941 2173 oioinom
970 2114 1091 2173 molum.
1135 2111 1231 2180 Truo.
1251 2112 1299 2190 IV,
1316 2115 1338 2183 l,
1374 2193 1375 2198 ἵ

199 2211 256 2272 48:
291 2211 385 2272 Video
407 2218 453 2289 te,
481 2216 603 2286 propter
629 2212 791 2282 otolesooto
818 2210 894 2286 qui’s
923 2219 1067 2286 petronus
1097 2215 1222 2287 parieti!
1265 2210 1337 2275 Most·
1374 2207 1375 2215 '

201 2304 239 2385 V,
263 2311 293 2385 2,
319 2312 376 2373 34:
401 2309 531 2384 Propter
553 2325 683 2383 eaquae
706 2309 789 2369 lecit.
834 2306 931 2372 Mero.
948 2306 989 2385 II,
1014 2313 1043 2388 3,
1066 2311 1123 2371 81:
1147 2320 1273 2386 propter
1291 2323 1339 2368 eu

200 2405 321 2487 (tergeo
345 2403 517 2486 betlelbeu).
562 2423 590 2469 v.
616 2410 694 2472 955:
719 2409 849 2481 Propter
870 2409 976 2467 istunc.
1021 2424 1050 2469 v.
1075 2410 1154 2472 959:
1178 2415 1297 2484 propter
1313 2405 1340 2465 il·

201 2506 269 2565 lom.
316 2502 443 2569 Terent.
468 2503 595 2569 Phorm.
618 2503 678 2582 111,
705 2509 731 2582 l,
757 2508 789 2568 5:
819 2506 935 2580 Nequid
953 2510 1076 2580 propter
1098 2510 1182 2567 tuom
1203 2507 1287 2581 fidem
1305 2503 1344 2563 le

202 2609 291 2676 cepto
314 2612 470 2678 poteretur
492 2607 571 2665 moli.
616 2600 753 2682 Adelph.
775 2601 813 2681 V,
837 2607 866 2679 9,
892 2607 944 2668 35:
972 2606 1054 2679 Quae
1077 2623 1128 2665 vos
1145 2610 1270 2680 propter
1289 2602 1345 2663 ode

203 2702 368 2762 lesoerotiom
391 2704 491 2763 Minus
514 2704 631 2764 videtis.

291 2800 350 2861 Per
371 2797 498 2862 modum
522 2799 711 2879 exprimens.
757 2797 894 2862 Housius
917 2797 958 2862 ad
977 2797 1153 2878 Reisigium
1178 2799 1284 2863 adnot
1299 2798 1347 2861 565

201 2892 295 2958 effert
327 2894 429 2959 Plout.
464 2895 554 2976 Capi.
589 2896 653 2972 ΙΙΙ,
688 2904 723 2975 5,
762 2901 816 2961 32;
854 2899 910 2971 Qui
938 2915 996 2971 per
1029 2899 1168 2958 virtutem
1202 2900 1296 2973 perit,
1324 2902 1349 2955 ιι

202 3011 261 3054 non
286 2992 338 3068 [is]
369 2996 480 3055 interit.
525 2992 590 3057 Mil.
618 2993 672 3073 IV,
699 3000 725 3072 l,
757 2997 812 3058 32:
851 2997 908 3055 Vin
938 3002 970 3054 tu
1003 2998 1084 3055 illum
1119 3003 1253 3056 actutum
1284 3011 1350 3056 uuo

203 3109 288 3163 rere,
327 3110 345 3151 a
377 3099 406 3152 te
442 3103 475 3154 ut
510 3096 599 3155 about
627 3112 683 3168 por
715 3096 867 3168 gretiam?
914 3096 951 3169 3,
982 3095 1037 3155 32:
1074 3095 1145 3168 quin
1175 3097 1277 3169 potius
1307 3110 1353 3169 per

200 3192 332 3265 gratiore
353 3192 476 3251 Borrom
499 3195 586 3253 abeat
609 3210 664 3268 ops
688 3203 726 3253 te.
772 3199 802 3268 5,
829 3198 859 3253 l:
893 3192 979 3265 Quod
1001 3193 1094 3263 volui,
1124 3200 1159 3251 ut
1181 3194 1278 3268 volui,
1309 3195 1354 3251 iu·

198 3280 332 3364 petrori:
356 3308 411 3363 per
443 3292 606 3350 ornioitiom
634 3298 665 3351 et
690 3293 823 3363 oratioue
853 3289 892 3366 [A
926 3308 972 3349 me
1004 3297 1037 3349 ut
1063 3288 1186 3366 obeat}
1236 3289 1355 3354 Terent.

201 3384 334 3464 Adelph.
358 3385 423 3464 ΙΙΙ,
458 3390 491 3464 2,
527 3391 580 3449 1οε
617 3390 672 3448 Cui
704 3392 831 3449 miserae
866 3390 985 3462 indigne
1009 3406 1065 3462 per
1096 3389 1157 3446 vim
1185 3390 1291 3450 vitium
1311 3391 1357 3449 ob·

201 3486 323 3545 tulerat.
369 3482 504 3563 Adelph.
534 3483 577 3562 ΙΙ,
602 3490 630 3562 3,
654 3489 711 3549 2οι
735 3487 794 3546 Per
816 3488 1029 3560 oppressionem
1051 3494 1085 3546 ut
1107 3487 1185 3547 hune
1209 3490 1283 3548 mihi
1305 3489 1359 3549 eri·

203 3600 275 3657 pore
299 3586 440 3658 postulet.
659 3567 661 3572 ’

288 3684 336 3742 52.
367 3679 396 3743 b.
420 3681 617 3743 Areosotioos
636 3685 861 3757 progressionis.
906 3704 935 3745 α.
961 3681 995 3741 Si
1017 3683 1095 3742 ootio
1117 3685 1161 3742 est
1175 3682 1360 3756 productiva.

205 3776 242 3840 In
264 3776 323 3841 hoc
347 3795 464 3858 genere
493 3779 630 3859 primum
659 3779 791 3843 verbum
822 3779 1023 3844 coniunctum
1054 3796 1124 3843 esse
1153 3784 1264 3857 potest
1292 3794 1362 3842 cum

201 3875 325 3939 obiecto
349 3875 491 3940 eiusdem
515 3876 627 3958 stirpis
650 3882 747 3957 atque
771 3877 912 3958 originis.
957 3876 1051 3941 Ennii
1079 3875 1116 3940 ir.
1148 3874 1223 3940 libri
1247 3874 1360 3941 incerti

201 3977 256 4038 60:
292 3977 413 4050 regredi
435 3995 580 4053 gressum.
626 3975 719 4039 Ennii
743 3974 928 4057 Iphigeniae
960 3974 997 4039 fr.
1021 3982 1051 4053 4,
1076 3991 1103 4037 v.
1128 3977 1207 4040 259:
1241 3986 1362 4052 praeter

200 4081 327 4149 propter
348 4075 441 4134 eitom
463 4076 584 4136 oioitror.
630 4071 734 4138 Plaut.
752 4074 818 4137 Mil.
835 4073 876 4149 ΙΙ,
892 4079 922 4150 4,
938 4079 994 4137 47:
1018 4076 1059 4136 Ut
1082 4074 1120 4134 od
1143 4075 1173 4133 id
1196 4076 1362 4150 exemplum

199 4173 346 4232 mierum
368 4174 519 4233 consimile
539 4174 706 4234 sorneiooit.
752 4170 835 4237 Rud.
859 4169 918 4248 ΙΙΙ,
945 4177 971 4249 l,
995 4176 1028 4234 5:
1065 4173 1185 4235 Mirum
1206 4180 1298 4250 atque
1319 4174 1362 4231 ir·

199 4270 305 4330 odiro»
326 4273 472 4331 somrztoot
493 4272 646 4332 sonetum.
693 4268 807 4333 Pseud.
832 4268 857 4347 I,
883 4274 911 4346 5,
938 4272 1011 4333 110:
1046 4272 1130 4331 Prius
1161 4287 1251 4346 quum
1277 4272 1362 4332 ιἐωιιι

194 4385 330 4441 pugnem
348 4372 498 4444 pcpoooo.
544 4368 657 4448 Amph.
674 4366 699 4445 Ι,
728 4373 752 4446 l,
776 4372 832 4432 97:
856 4368 941 4429 Haeo
963 4371 1007 4430 illi
1031 4373 1058 4429 ri
1076 4373 1215 4443 poenae:
1233 4370 1365 4443 pugnost
