3125 5075
285 360 294 417 l
301 359 343 418 48
721 346 847 387 VERBUM.
876 347 935 386 cto.
948 346 999 386 xii.-

281 542 449 602 Phormioni
473 542 503 599 id
528 537 652 597 sundere
677 540 704 596 in
728 547 856 596 mentem
879 538 1041 598 incidisset.
1090 531 1215 613 Adelph
1240 531 1303 608 111,
1327 536 1364 606 4,
1387 535 1436 595 oi:

279 642 394 697 utinum
422 640 470 697 hic
492 638 531 697 aii
554 637 640 696 modo
663 635 853 707 Defunctum.
884 631 984 706 IVel.
1002 638 1034 695 2:
1059 634 1184 695 Utinam
1198 633 1332 708 quidem.
1358 630 1439 705 Quod

279 756 344 797 enm
375 737 470 797 sainte
498 737 561 795 eius
585 733 653 805 fiat,
677 735 719 792 ita
741 750 774 792 se
796 733 970 805 defetiporit
991 734 1094 800 setim,
1123 728 1207 809 quod
1230 727 1380 792 Perizon·
1402 728 1438 791 od

279 833 385 898 Senot.
402 832 476 895 iiio.
502 849 530 910 p.
555 834 595 893 89
618 830 664 893 ite
686 816 838 907 explicet:
863 828 912 906 „h
937 845 963 891 o.
986 833 1049 901 est,
1079 826 1163 907 quoi
1186 826 1299 904 velim,
1325 830 1437 887 utinen

282 933 350 1004 (seu
373 934 431 1003 uti)
459 930 506 992 ito
528 946 563 992 se
586 926 800 1006 defatigarit.“

370 1033 417 1091 17.
464 1028 674 1090 Gouiuuciiuus
702 1027 736 1084 t'u
756 1028 1039 1100 interropotiouibus
1069 1025 1195 1097 obliquis
1217 1039 1384 1095 eorumque
1403 1024 1439 1081 si

283 1129 402 1187 mitibus
429 1126 685 1186 mundationibus
714 1127 870 1185 obiectiois.
917 1123 1086 1187 Diomedes
1108 1119 1141 1198 1,
1164 1137 1195 1199 p.
1220 1125 1284 1182 379
1309 1135 1352 1183 ex
1374 1118 1437 1183 htv.

281 1221 448 1286 Andronis.
473 1219 530 1285 od.
556 1220 575 1283 Ι.
601 1219 657 1283 VI:
689 1227 791 1280 uirum
820 1240 916 1296 genua
942 1225 1126 1297 amplectens
1157 1220 1301 1291 uirginem
1328 1224 1436 1278 oraret

279 1320 377 1384 Nisei.
400 1318 437 1382 ir.
458 1319 517 1383 ino.
542 1335 618 1382 com.
644 1318 676 1381 8:
705 1324 808 1378 uirum
835 1322 976 1393 scapulae
1004 1321 1071 1394 plos
1094 1335 1134 1379 ou
1166 1320 1262 1378 collus
1284 1316 1359 1377 celii
1382 1320 1437 1377 iam

280 1421 396 1493 habeut,
419 1422 529 1480 nescio.
574 1413 611 1480 fr.
635 1420 689 1480 23:
712 1420 790 1479 sciat
803 1417 884 1495 Quid
902 1420 1046 1491 scriptum
1069 1420 1116 1479 sii.
1148 1413 1247 1477 NaeV.
1264 1411 1343 1478 bell.
1361 1412 1435 1477 Pun.

281 1512 419 1591 1.1‚fr.
450 1522 470 1578 4
501 1513 632 1577 Vahlen.
661 1531 711 1593 ap.
735 1512 816 1578 Non.
844 1532 873 1594 p.
899 1519 961 1577 335
990 1519 1023 1578 et
1044 1520 1123 1577 474:
1153 1513 1261 1575 blande
1292 1519 1327 1573 et
1349 1513 1435 1573 docte

280 1621 437 1690 percontat
459 1646 500 1655 -
524 1617 642 1674 Aeneas
664 1630 721 1686 quo
737 1618 829 1686 poeto
851 1615 969 1674 Troiam
998 1616 1101 1674 urbem
1129 1614 1256 1685 toruus.
1303 1606 1385 1673 Cato
1400 1608 1434 1671 R

279 1709 315 1772 R.
341 1707 454 1787 praei:
479 1713 595 1784 Quanto
618 1712 749 1785 peiorem
774 1714 866 1770 civero
883 1713 1084 1772 existimarint
1106 1711 1327 1770 foeneratorem
1351 1728 1435 1785 quam

279 1807 384 1880 iurem,
410 1809 478 1867 hino
501 1810 573 1868 licet
596 1810 766 1869 existimari.
813 1805 982 1886 Inscriptio
1003 1826 1028 1872 o.
1049 1812 1079 1869 l:
1102 1808 1241 1881 osmundo
1258 1825 1364 1883 agrum
1381 1808 1434 1865 emi

281 1908 440 1980 pararique
462 1898 603 1978 opo'rteoi.
650 1902 683 1967 C.
712 1910 744 1966 l:
778 1907 874 1965 Vicini
897 1924 953 1979 ouo
970 1911 1060 1980 poeto
1084 1908 1215 1981 niteant,
1244 1906 1274 1964 io
1306 1908 1434 1964 animum

280 2003 436 2062 advertito.
482 2000 541 2065 Ib.:
566 2003 665 2063 videto
687 2020 758 2063 vass
788 2007 906 2064 torsula
928 2014 959 2063 et
981 2006 1061 2064 dolia
1090 2004 1222 2062 meritone
1248 2004 1338 2065 sieut.
1384 1998 1433 2063 Ib:

279 2101 435 2159 Praedium
459 2086 536 2173 quod
557 2103 682 2176 primum
705 2103 761 2159 siet
785 2103 878 2161 sime
902 2104 1030 2176 rogabis,
1054 2105 1096 2161 sic
1119 2102 1223 2161 dicem.
1270 2096 1305 2162 C.
1330 2103 1365 2163 2:
1387 2101 1434 2159 ubi

280 2200 416 2272 cognovit
439 2199 580 2270 quomodo
598 2198 705 2258 inndns
728 2200 825 2258 cuitus
847 2201 904 2259 siet
917 2217 1067 2274 operaque
1083 2217 1156 2271 pum
1179 2198 1261 2258 facte
1283 2198 1433 2258 iniectare

278 2298 370 2371 sieut,
401 2298 545 2371 postridie
581 2297 645 2357 eius
678 2297 735 2356 diei
763 2298 880 2357 vilicum
910 2305 1009 2368 vocet,
1037 2301 1119 2370 repet
1145 2298 1217 2369 quid
1246 2298 1352 2372 operis
1381 2299 1434 2354 siet

279 2394 402 2471 scutum,
424 2394 497 2466 quid
517 2397 614 2455 reniet.
639 2395 749 2454 setisue
771 2397 899 2469 tempori
925 2412 1018 2468 opera
1040 2396 1117 2453 sieut
1138 2393 1280 2465 consecto,
1297 2398 1433 2467 possum

279 2510 353 2566 quoe
375 2493 491 2567 reliqua
513 2494 591 2552 sient
614 2491 777 2551 conficere:
802 2492 925 2565 etquid
947 2493 1059 2564 focium
1082 2493 1157 2564 vini,
1181 2491 1339 2566 frumenti,
1364 2496 1434 2554 elia·

279 2607 342 2648 rum
366 2609 463 2648 rerum
487 2593 624 2649 omnium.
656 2587 716 2651 Ib.:
743 2590 814 2650 Cum
838 2599 1033 2664 tempestates
1050 2592 1168 2664 pluviae
1193 2590 1315 2663 inerint,
1341 2593 1433 2650 videto

278 2692 348 2759 preci
370 2687 433 2745 dies
456 2705 565 2759 quaese
590 2705 681 2761 opera
703 2705 757 2761 per
780 2689 903 2748 imbrem
920 2689 985 2747 fieri
1003 2691 1166 2761 potuerint.
1198 2685 1261 2750 Ib.:
1285 2690 1344 2749 Ubi
1363 2692 1432 2748 haee

278 2786 396 2857 cognite
418 2803 512 2858 aequo
540 2788 637 2844 animo
668 2788 745 2844 sient
774 2802 885 2857 quaeve
917 2788 1031 2861 reliqua
1061 2804 1152 2859 opera
1175 2789 1259 2843 sieut.
1305 2784 1359 2848 lb:
1382 2807 1432 2861 pu·

277 2890 342 2940 tere
373 2913 407 2921 -
430 2883 574 2940 rationem
599 2884 750 2956 vinariam,
776 2886 927 2952 oleariam,
951 2883 1023 2954 quid
1043 2885 1183 2949 venierit,
1207 2884 1279 2955 pisid
1300 2890 1432 2943 exactiori

279 2979 349 3048 siet,
377 2979 449 3050 quid
471 2983 617 3053 reliquum
639 2981 708 3055 siet,
737 2981 809 3052 quid
831 2982 886 3039 siet
908 2981 986 3054 qnod
1010 2992 1123 3041 veneat.
1169 2979 1201 3042 C.
1226 2984 1259 3042 b:
1291 2984 1383 3041 scibit
1404 2985 1431 3040 io

278 3083 377 3136 mente
402 3077 532 3136 familiae
555 3077 627 3148 puio
647 3079 709 3138 siet.
756 3073 789 3138 C.
814 3081 848 3137 6:
872 3081 983 3153 Agrum
1005 3081 1112 3151 quibus
1131 3081 1205 3138 loeis
1221 3096 1368 3152 conserus,
1393 3082 1432 3139 sio

277 3175 431 3234 observari
453 3182 580 3248 oportet.
626 3171 660 3236 Ο.
690 3179 746 3238 39;
773 3177 831 3234 Per
860 3177 983 3234 imbrem
1012 3178 1042 3235 in
1072 3179 1168 3235 villam
1198 3180 1335 3248 quaerito
1366 3176 1434 3249 quio

277 3272 343 3330 fieri
360 3273 464 3344 possit.
496 3269 538 3332 M.
563 3267 692 3334 Catonis
712 3277 887 3350 praecepta
913 3271 953 3334 ad
970 3269 1068 3335 filium
1091 3289 1141 3350 ap.
1168 3270 1249 3334 Plio.
1275 3271 1352 3336 hist.
1371 3278 1431 3336 nat

278 3366 401 3444 XXIX,
426 3373 454 3445 7,
480 3372 519 3432 14
535 3383 598 3446 sep:
633 3371 736 3430 Dicam
767 3371 804 3429 de
832 3372 898 3430 istis
921 3372 1045 3431 Graecis
1069 3390 1121 3430 suo
1145 3374 1226 3443 ioco,
1252 3374 1358 3432 Meroe
1382 3375 1432 3444 fili,

277 3466 350 3538 quid
372 3467 498 3527 Athenin
522 3468 699 3541 exquisitum
729 3469 851 3528 habeon
880 3473 911 3527 et
939 3469 1018 3540 quod
1039 3470 1145 3528 bonum
1173 3470 1213 3527 sii
1240 3470 1362 3529 illorum
1387 3474 1431 3532 lit-

276 3569 358 3623 teras
380 3566 547 3641 inspicere,
571 3582 629 3624 non
652 3566 834 3638 perdiscere.
881 3559 1010 3626 Catonis
1035 3562 1307 3644 apophthegmata
1333 3567 1431 3640 (Lino.

276 3659 348 3734 96):
382 3662 538 3734 Interropo
568 3679 619 3722 vos
641 3692 684 3703 —
706 3662 824 3734 quondo
853 3663 929 3721 hane
958 3680 1074 3737 pomum
1106 3663 1234 3723 demmin
1261 3668 1377 3738 putetis
1398 3685 1433 3724 ex

277 3760 394 3818 arbore.
425 3755 517 3820 Ennii
541 3756 644 3821 annal.
663 3756 682 3819 l.
706 3756 731 3836 1,
754 3755 792 3822 ir.
810 3763 860 3835 57,
883 3776 910 3820 v.
936 3762 994 3820 91:
1019 3777 1072 3819 ora
1094 3763 1217 3821 tenebat
1237 3762 1351 3837 Rebus,
1375 3764 1433 3823 uiri

276 3858 373 3930 magni
395 3857 521 3917 uictoria
541 3857 582 3917 sit
601 3857 674 3916 doto
696 3858 788 3930 regni.
819 3850 988 3918 Erechthei
1011 3853 1049 3916 fr.
1067 3860 1103 3919 8:
1126 3859 1225 3917 uiuam
1248 3877 1289 3918 ou
1312 3864 1432 3934 morior,

277 3955 359 4013 nulla
380 3955 410 4011 in
434 3970 480 4013 me
504 3962 551 4015 est
571 3960 678 4015 metus.
710 3950 861 4016 Hecubae
884 3951 922 4015 ir.
949 3956 1004 4016 10:
1029 3955 1082 4014 Set
1105 3974 1260 4031 numquam
1286 3962 1432 4034 scripsit,

275 4053 324 4125 qui
347 4058 501 4135 parentem
524 4058 576 4112 eut
604 4051 753 4126 hospitem
774 4052 930 4126 Necessum
962 4053 988 4112 is
1017 4070 1074 4125 quo
1101 4055 1236 4113 cruciatu
1260 4059 1432 4128 perureret

275 4144 460 4228 Iphigeniae
495 4145 532 4211 fr.
561 4154 598 4224 4,
625 4164 653 4210 v.
682 4150 762 4211 256:
790 4151 894 4210 Otiose
925 4151 955 4209 iu
989 4153 1050 4210 otio
1082 4153 1195 4211 animus
1234 4157 1333 4214 nescit
1365 4155 1435 4229 quo

275 4247 351 4306 nebi.
405 4244 551 4325 Thyestis
578 4245 615 4309 ir.
646 4250 678 4309 3:
709 4248 754 4307 Ibi
780 4246 853 4319 puto
881 4252 953 4320 apat
982 4265 1080 4307 secum
1114 4251 1234 4322 cogitet.
1282 4248 1321 4314 ir.
1353 4257 1383 4316 5.
1407 4270 1432 4313 u.

277 4346 337 4406 395
354 4359 416 4422 sq.:
438 4351 471 4404 ot
493 4348 580 4417 scias,
604 4353 715 4419 quanto
739 4363 754 4404 s
778 4348 854 4416 ioco,
879 4346 1004 4418 Quantis
1021 4348 1136 4419 opibus,
1159 4349 1265 4422 quibus
1283 4351 1321 4410 de
1346 4355 1432 4413 rebus
