3125 5075
288 336 352 403 228
586 324 647 366 CAP.
662 324 707 364 XV.
735 323 883 364 nocrnttta
904 323 1153 365 ninnetantortntt.

289 539 319 584 v.
347 522 422 582 115:
455 515 540 577 credo
569 517 641 575 baut
669 514 806 575 nederc.
850 512 945 578 Truc.
973 510 1022 589 Π,
1052 516 1087 589 b,
1115 516 1173 576 21:
1207 515 1273 577 Iste
1301 515 1351 574 bic
1377 514 1448 573 baad

288 620 381 679 multo
404 621 486 691 post,
511 612 613 685 credo,
641 612 746 671 oderit.
792 613 826 688 6,
850 614 905 676 69:
928 613 1022 685 Huic,
1045 610 1149 686 eredo,
1172 610 1282 683 serm.
1326 608 1447 691 Fragtn

289 709 464 793 Trigemini
497 725 527 788 p.
564 711 642 772 483:
675 709 715 768 Ni
746 706 902 783 fugissem,
937 708 1066 771 medium
1099 707 1187 768 oredo
1213 710 1447 783 ormena,

291 810 419 889 Fragm.
442 803 563 869 inedita
586 806 666 885 Aug.
689 801 764 869 Mai.
789 821 819 884 p.
842 806 905 869 485
933 805 983 870 ed.
1006 802 1193 870 Tauobuitz.
1223 801 1369 869 Oistell:
1397 825 1447 868 non

292 912 336 969 ost
359 908 432 968 satis
455 905 608 964 Monuisse
633 902 719 963 eredo
742 906 871 962 nocenti.
899 900 1026 966 Terent.
1044 902 1142 966 Andr.
1159 900 1202 979 II,
1226 906 1254 979 l,
1281 906 1337 967 13:
1360 904 1448 965 meio

292 1005 461 1081 impetrabo.
505 999 560 1078 IV,
587 1004 620 1076 l,
642 1003 683 1062 49
700 1014 761 1077 sq.:
790 1018 856 1059 uam
887 1002 960 1061 satis
982 1001 1085 1069 credo,
1107 1003 1133 1062 si
1154 992 1383 1075 advigilaveris,
1410 1004 1447 1061 lh

291 1106 360 1164 uuis
395 1102 528 1175 geminas
554 1098 628 1157 mibi
654 1097 789 1169 confides
816 1100 944 1173 nuptias.
989 1096 1070 1161 Eun.
1092 1095 1132 1175 V,
1154 1100 1190 1176 2,
1213 1101 1255 1163 59
1273 1114 1340 1177 sip:
1370 1098 1449 1159 crea

296 1211 350 1261 noc
381 1215 465 1259 meae
495 1196 569 1271 fide,
600 1195 691 1255 Dabit
716 1195 764 1254 bic
791 1212 919 1269 pugnam
947 1197 1075 1273 aliqtram
1104 1197 1209 1257 denuo.
1258 1194 1379 1261 Heaut-
1400 1193 1447 1270 lV,

295 1303 322 1373 i,
346 1299 403 1360 28:
428 1294 530 1365 eroco,
555 1292 585 1351 id
607 1292 750 1365 metesa.
797 1287 923 1354 Pherm.
945 1290 971 1367 1,
997 1297 1024 1370 l,
1050 1295 1084 1356 6:
1106 1296 1135 1353 ei
1157 1294 1246 1355 eredo
1270 1312 1378 1354 munus
1399 1294 1446 1353 boc

294 1394 478 1458 corroditur.
523 1387 587 1467 III,
610 1392 645 1467 2,
668 1390 702 1451 9:
733 1387 825 1449 Orcdc
846 1390 933 1466 mibi,
959 1391 1103 1463 gaudebis
1129 1390 1219 1452 iacto.
1268 1388 1349 1455 Her.
1372 1388 1446 1466 Ι,2

201 1519 204 1524 ·
292 1496 347 1556 53:
372 1493 419 1553 Ibi
441 1491 556 1549 demum
579 1489 623 1547 ita
645 1502 734 1559 aegre
757 1486 842 1557 tulit,
870 1493 902 1545 ut
925 1489 1019 1563 ipsam
1042 1489 1240 1561 Bacchidem,
1271 1488 1306 1549 Si
1328 1490 1447 1562 adesset,

295 1591 381 1653 credo
403 1590 446 1649 ibi
468 1590 532 1647 eins
555 1583 826 1645 commiseresceret.
871 1581 932 1661 lV,
954 1590 992 1660 4,
1015 1588 1071 1648 82:
1093 1587 1167 1647 Nam
1191 1604 1320 1661 puerum
1341 1588 1448 1646 iniussu

294 1690 380 1751 medo
405 1704 463 1747 uon
487 1684 587 1743 tollent
608 1698 681 1741 meo.
717 1678 851 1758 Adelph.
868 1679 894 1757 I,
914 1686 939 1760 l,
963 1687 1004 1746 54
1019 1697 1082 1759 sta:
1104 1683 1190 1744 credo
1213 1686 1291 1756 iam,
1314 1690 1351 1744 ut
1372 1685 1448 1755 solet,

293 1785 441 1859 Iurgobr't.
486 1785 519 1857 2,
551 1781 604 1840 21:
628 1779 693 1838 Non
717 1782 761 1838 est
782 1777 942 1857 flagitium,
964 1782 1036 1841 mibi
1066 1781 1163 1848 crode
1196 1781 1448 1843 adulescentulum

294 1884 439 1945 Scortari.
484 1895 513 1940 v.
538 1878 592 1940 70:
621 1875 707 1936 ονοαο
735 1878 793 1937 iem
819 1880 947 1937 omnium
970 1878 1129 1941 Toedobot.
1174 1875 1221 1955 Π,
1251 1883 1285 1956 i,
1309 1882 1346 1943 9:
1377 1877 1449 1939 crede

292 1983 366 2052 hoc,
401 1996 456 2053 ego
487 1994 584 2036 meum
613 1977 658 2035 ius
687 1990 864 2047 persequar.
910 1971 945 2036 P.
975 1971 1115 2038 Cornelii
1137 1973 1298 2055 Scipionis
1327 1973 1447 2039 maioris

296 2074 399 2140 oratio
423 2072 494 2138 adv.
519 2072 560 2136 bl.
583 2068 739 2135 Naevium
762 2069 834 2134 trib.
864 2068 905 2150 pl.
936 2070 1068 2152 (Meyer.
1090 2089 1121 2151 p·
1144 2075 1267 2152 bapti-l
1298 2090 1353 2152 ap.
1376 2068 1447 2136 Geli

293 2172 349 2249 IV,
376 2176 427 2237 ie:
450 2175 518 2233 Non
541 2173 631 2246 igitur
654 2171 745 2230 simus
769 2171 912 2231 adversus
940 2171 1012 2231 deos
1039 2172 1158 2244 ingrati,
1186 2172 1241 2232 sed
1270 2188 1385 2249 censeo,
1411 2188 1447 2230 re·

293 2273 463 2346 linquamus
485 2271 661 2331 nebulonem
686 2269 774 2340 buno,
796 2284 898 2328 eomes
921 2270 989 2329 binc
1012 2271 1148 2343 protinus
1172 2271 1236 2330 lovi
1261 2272 1378 2345 optino
1398 2286 1447 2329 me

292 2373 371 2431 ximo
395 2371 585 2443 gratulatum.
615 2360 719 2428 Plaut.
744 2361 841 2428 Merc.
864 2362 902 2442 V,
926 2378 957 2435 4,
980 2369 1036 2427 55:
1061 2368 1153 2427 immo
1175 2367 1314 2427 ἀὶοαοκαε
1337 2367 1447 2428 acubus

290 2469 386 2544 legem
410 2483 518 2527 censeo.
549 2462 645 2526 Poen.
662 2459 718 2528 111.
744 2468 773 2540 4,
799 2465 857 2524 20:
884 2464 914 2524 Si
937 2464 1044 2523 exierit
1066 2467 1144 2536 leno,
1167 2463 1284 2525 cersen'
1307 2466 1445 2525 hominen

291 2567 484 2640 interrogem,
512 2561 627 2642 quibus
655 2559 779 2623 duobus
806 2560 883 2624 locis
906 2566 1014 2625 tamen
1040 2543 1214 2640 simplicius
1245 2565 1298 2624 est
1321 2560 1401 2626 coni.
1421 2566 1446 2620 nt

293 2662 443 2727 omissam
465 2667 589 2741 putare.
633 2657 712 2720 nun.
736 2655 792 2736 IV,
815 2662 846 2735 8,
870 2663 902 2721 5:
929 2661 1037 2721 Comen
1060 2661 1147 2719 bodie
1172 2661 1377 2736 despondebit
1391 2678 1445 2720 ean

291 2763 372 2835 mihi,
397 2761 528 2836 quaeso?
572 2755 699 2819 Terent.
735 2754 834 2817 Andr.
864 2754 927 2834 ΙΙΙ,
952 2760 985 2834 3,
1013 2760 1068 2820 46;
1103 2760 1179 2817 Num
1210 2775 1313 2818 cemes
1335 2759 1443 2832 fuceret.

293 2857 410 2920 Heaui.
433 2855 491 2932 ΙΙΙ,
516 2860 544 2932 3,
569 2858 623 2917 27:
649 2856 743 2915 Recte
766 2854 854 2928 dicit,
877 2872 985 2914 censeo.
1031 2852 1110 2917 Cato
1136 2851 1174 2916 R.
1198 2851 1235 2915 R.
1261 2871 1288 2917 c.
1319 2861 1353 2918 b:
1381 2857 1443 2915 Nau

290 2974 339 3017 res
364 2957 476 3015 rustica
499 2955 543 3014 sio
567 2959 626 3014 est:
658 2955 682 3013 si
704 2969 792 3012 uuam
814 2970 875 3010 rem
900 2970 967 3013 sero
990 2951 1115 3028 feceris,
1146 2954 1247 3013 omnia
1270 2971 1366 3028 opera
1387 2970 1443 3013 sero

293 3053 395 3114 iacies.
441 3049 474 3113 C.
498 3053 553 3113 38:
579 3053 643 3110 lloo
667 3051 744 3124 signi
767 3051 838 3122 erit,
861 3048 910 3108 ubi
933 3051 999 3109 calx
1029 3059 1116 3110 cocta
1139 3052 1207 3125 erit,
1232 3069 1365 3112 summos
1380 3052 1443 3124 lapi·

292 3153 344 3213 des
368 3156 469 3210 coetos
493 3165 558 3209 esse
582 3149 743 3221 oportebit.
772 3144 805 3206 C.
824 3149 877 3208 70:
902 3148 949 3205 Ita
971 3149 1109 3219 diridito,
1133 3165 1198 3206 cum
1221 3157 1271 3206 ter
1293 3150 1442 3222 uuicuique

291 3250 425 3316 dederis,
454 3264 569 3307 omnem
605 3246 750 3306 absumas.
797 3241 829 3304 Ο.
863 3247 938 3305 Ι45;
967 3245 999 3303 Si
1028 3244 1123 3303 viride
1152 3247 1252 3304 oleum
1281 3262 1359 3320 opus
1386 3248 1442 3305 siet.

290 3347 382 3418 facito
405 3345 519 3405 accedet
540 3347 645 3404 oleum.
690 3338 795 3402 etant.
820 3338 932 3417 Amph.
957 3338 988 3416 I,
1016 3346 1047 3408 i,
1074 3345 1146 3404 193:
1178 3344 1356 3403 Familiaris
1376 3343 1442 3402 uoci-

285 3445 370 3516 piore
396 3444 470 3515 saco
500 3443 557 3500 bau
584 3439 781 3500 familiariter.
828 3435 866 3514 V,
893 3442 923 3512 l,
954 3442 1009 3501 55:
1044 3441 1140 3513 Magis
1174 3441 1234 3498 iam
1268 3439 1346 3512 saec
1378 3442 1442 3499 mita

291 3540 377 3600 dices.
423 3537 510 3601 Asin.
534 3536 560 3614 Ι,
584 3541 613 3615 2,
637 3539 670 3599 6;
700 3546 860 3610 nostraque
887 3538 929 3596 ibi
951 3539 1071 3596 nomina
1093 3538 1179 3598 Foco
1201 3542 1301 3596 mni.
1348 3535 1401 3613 IV,
1423 3541 1442 3605 l.

291 3642 325 3701 4:
348 3638 509 3697 Horrescet
529 3636 603 3707 soso
624 3638 702 3694 lena.
748 3629 838 3710 Capi.
862 3630 918 3710 IV,
941 3638 976 3710 4,
1002 3636 1054 3695 13:
1082 3637 1124 3693 At
1150 3652 1229 3693 uunc
1254 3637 1335 3695 liber
1357 3638 1387 3695 in
1407 3636 1441 3693 di·

289 3737 377 3796 vitias
406 3736 479 3806 saco
505 3735 611 3795 certios.
658 3730 750 3794 Cure.
775 3727 830 3798 IV,
852 3736 891 3806 4,
921 3732 978 3792 31:
1012 3733 1041 3789 in
1078 3732 1180 3790 tritico
1210 3731 1368 3794 facillume
1399 3733 1442 3790 Vel

291 3835 469 3906 quingentos
493 3833 680 3890 curculiones
707 3846 763 3901 pro
794 3847 852 3889 uuo
882 3829 956 3899 faxo
982 3829 1118 3901 reperies.
1163 3826 1235 3891 Cas.
1261 3829 1306 3905 ΙΙ,
1332 3835 1368 3908 8,
1394 3834 1441 3893 43:

290 3932 336 3991 vir
357 3931 430 4001 saec
453 3929 550 3988 ederit
578 3929 665 3987 dorni.
711 3923 749 4002 V,
774 3928 803 4002 2,
827 3929 882 3988 23;
907 3926 1058 3987 Cavebunt
1080 3929 1129 4000 qui
1153 3925 1307 3988 audierint
1330 3931 1440 4002 facicm

290 4025 383 4104 Epid.
407 4025 432 4102 Ι,
456 4030 484 4103 2,
510 4029 567 4088 53;
591 4026 663 4096 seeo
686 4025 735 4083 bic
758 4025 823 4083 erit.
854 4020 892 4098 V,
919 4028 945 4099 l,
969 4028 1026 4086 49:
1050 4023 1119 4083 saro
1143 4027 1244 4084 scibis.
1294 4024 1333 4102 V,
1350 4031 1378 4102 2,
1393 4030 1441 4087 4ῖι

290 4143 345 4199 ego
367 4124 441 4195 seeo
462 4125 545 4200 scies,
568 4124 633 4183 Hoc
656 4124 699 4182 ite
721 4138 798 4182 esse.
842 4118 956 4183 Bacch.
981 4117 1037 4197 IV,
1060 4124 1098 4194 4,
1121 4123 1180 4183 64:
1208 4120 1274 4182 Iam
1306 4124 1381 4195 soro
1403 4127 1441 4182 hit·

289 4227 385 4283 eruet.
432 4225 460 4298 t,
485 4225 539 4285 33:
562 4222 633 4292 saco
655 4221 712 4280 iem
735 4221 819 4282 scies.
865 4215 1062 4280 Menaechm.
1090 4214 1140 4295 H,
1165 4220 1194 4296 2,
1219 4223 1279 4282 51;
1308 4223 1372 4281 Iam
1395 4240 1439 4293 ego

288 4319 363 4379 baec
391 4319 550 4378 madebant
576 4319 656 4390 foco.
703 4314 758 4394 IV,
784 4320 873 4393 1,4:
897 4315 1068 4376 Manuiesto
1098 4316 1172 4386 saec
1201 4319 1261 4377 iam
1290 4321 1437 4392 opprimes.
