3125 5075
296 370 357 431 188
692 359 819 400 VERBUM.
848 359 913 400 CAP.
926 359 974 401 xu.

294 554 367 612 mihi
389 554 442 625 qui
463 570 500 613 na
523 552 616 613 datur.
661 549 742 613 Eun.
766 549 825 628 111,
852 555 879 628 1.,
905 554 957 614 16:
992 552 1085 625 Quasi
1116 550 1170 610 abi
1198 550 1285 610 illam
1321 553 1454 635 aptarat

293 654 445 712 miseriam
469 669 506 710 ex
528 653 635 723 animo,
659 648 713 711 ubi
735 647 816 713 falso
841 652 983 711 Donatus
1005 648 1058 707 aba·
1084 644 1211 726 aceepit
1240 663 1305 727 pro
1328 647 1450 721 cunda

295 769 320 810 v.
350 744 367 827 ξ
396 750 446 810 28.
493 746 659 811 Pertinent
684 748 747 814 huc
777 747 875 810 etiam
902 743 925 807 ii
954 743 1025 821 loci,
1056 743 1110 808 nbi
1138 746 1191 819 aaa·
1221 740 1453 823 significatione

294 863 323 908 v.
347 849 463 907 uacca
484 844 623 923 positum
647 852 706 924 est,
731 853 767 909 nt
791 843 893 907 Plaut.
939 842 1023 907 Men.
1046 840 1084 922 V,
1109 846 1138 922 5,
1162 845 1222 906 31:
1244 843 1310 918 Qui
1339 851 1369 902 ta
1391 843 1455 917 lup

295 946 376 1019 piter
399 946 485 1020 dique
510 961 621 1016 omnes,
645 950 848 1019 percontator.
868 942 1021 1016 perduint.

381 1040 415 1114 b)
462 1043 647 1103 Euuooiutio
669 1044 798 1102 relativo
819 1058 885 1100 uam
906 1041 1091 1101 coniunctiao
1110 1056 1167 1114 pro
1194 1056 1303 1100 cnunc
1328 1055 1455 1098 com

295 1141 359 1201 tivo
377 1140 485 1214 posita.
531 1138 667 1202 Praeter
689 1146 798 1203 cetera
821 1140 947 1216 spectat
968 1135 1030 1202 huc
1052 1135 1279 1202 coniunctivus
1303 1135 1454 1222 incnona

294 1236 439 1300 relativis
468 1235 729 1300 antecedentibus
758 1235 867 1300 verbis
894 1255 964 1314 case,
986 1238 1124 1313 reperiri,
1147 1236 1285 1295 dormiri
1325 1234 1455 1314 positum.

293 1333 394 1398 Naev.
419 1332 595 1398 Corollaria
617 1331 653 1396 fr.
679 1339 707 1412 2,
733 1352 760 1396 v.
786 1338 841 1399 39:
867 1337 955 1397 Ultro
978 1335 1119 1410 merctur,
1141 1350 1235 1406 quom
1259 1335 1365 1393 corcus
1386 1350 1456 1393 sne-

295 1439 362 1493 aar„
398 1431 497 1495 Naev.
531 1431 569 1495 ir.
601 1432 661 1496 ino.
693 1449 771 1496 coni.
805 1438 859 1495 21:
894 1436 1045 1494 Senticam
1076 1449 1141 1492 osse
1172 1438 1304 1506 oportet
1327 1448 1455 1508 ¹caussam,

294 1550 384 1606 quom
410 1532 507 1591 obrem
531 1532 642 1604 perdas
668 1534 831 1591 mulierem.
884 1528 964 1594 Cato
993 1530 1029 1592 R.
1055 1527 1090 1591 R.
1114 1544 1141 1590 c.
1165 1532 1202 1591 3:
1233 1530 1398 1591 trochleas
1419 1559 1454 1569 -

294 1647 370 1703 quac
392 1630 510 1690 funibus
534 1633 662 1703 sparteis
685 1629 841 1690 domantur.
887 1626 921 1691 C.
946 1636 983 1690 5:
1003 1631 1084 1688 Duas
1108 1636 1159 1691 ant
1174 1636 1240 1686 tres
1257 1627 1394 1688 familias
1409 1628 1455 1685 lm·

295 1730 374 1801 beat,
401 1728 480 1787 uode
507 1729 616 1785 utenda
644 1732 726 1799 rouel
755 1738 787 1786 et
814 1729 921 1800 quibas
942 1728 998 1787 det.
1044 1722 1078 1788 C.
1108 1730 1141 1788 7:
1169 1727 1297 1786 domino
1324 1726 1385 1785 erit
1412 1725 1456 1795 osi

294 1829 408 1884 utatur.
461 1822 493 1886 C.
526 1830 579 1886 ll:
608 1826 688 1883 dolia
717 1826 750 1882 V.
781 1827 833 1884 ubi
861 1826 1026 1885 vindemiae
1057 1842 1123 1884 essa
1152 1826 1286 1897 possint.
1342 1819 1377 1886 G.
1407 1825 1453 1883 33:

294 1923 373 1997 qaod
394 1942 515 1996 granum
539 1924 649 1996 capiat,
678 1941 714 1981 ne
737 1925 838 1983 serito.
886 1921 920 1986 0.
949 1928 1029 1986 lolt‘
1049 1940 1104 1997 por
1127 1939 1178 1981 vor
1202 1923 1303 1982 serito
1335 1924 1366 1981 in
1397 1925 1453 1981 loco

295 2023 347 2083 uhi
372 2030 455 2081 terra
477 2023 639 2081 tenerrima
663 2023 781 2080 erit-
805 2022 857 2080 abi
879 2038 960 2096 aqua
977 2028 1102 2097 propter
1124 2022 1187 2080 sici·
1234 2016 1339 2081 Ennii
1361 2015 1450 2097 epigr-

296 2122 325 2196 3,
348 2135 376 2181 v.
401 2122 435 2181 8:
459 2120 552 2179 chno
574 2124 616 2179 cat
639 2121 690 2191 qai
713 2119 801 2179 factis
825 2137 870 2178 me
895 2122 1091 2194 aequiperare
1107 2122 1202 2191 qvem.
1255 2114 1450 2179 Euhemerus

294 2213 331 2280 fr.
356 2220 391 2279 92
415 2220 488 2277 item
515 2220 627 2293 siquis
650 2219 719 2292 quid
743 2218 812 2276 nori
834 2218 999 2289 invenerat,
1023 2217 1101 2290 quod
1122 2217 1161 2280 ad
1184 2216 1281 2276 vitam
1299 2217 1448 2276 humanam

294 2319 367 2377 utile
397 2320 478 2382 essct,
505 2332 541 2375 eo
569 2317 714 2376 veniebat.
767 2311 871 2375 Plaut.
897 2312 1009 2392 Amph.
1043 2314 1066 2389 Ι,
1091 2319 1119 2391 3,
1142 2319 1162 2376 4
1186 2329 1250 2392 aa:
1278 2314 1362 2387 Quid
1382 2313 1446 2371 istoc

293 2425 349 2487 est,
373 2416 413 2473 mi
435 2416 489 2489 vir,
513 2415 622 2489 negoti,
646 2412 724 2486 quod
746 2412 835 2483 (ace.)
859 2422 891 2471 tu
914 2423 974 2476 tam
998 2416 1095 2475 subito
1120 2414 1207 2472 domo
1229 2410 1363 2471 Adeas?
1385 2403 1445 2471 sul

205 2569 213 2584 ,
292 2510 334 2583 ΙΙ,
359 2515 388 2590 2,
413 2515 468 2573 26;
492 2514 551 2572 Est
572 2511 650 2585 qaod
670 2511 765 2571 uisam
789 2512 905 2572 donum.
951 2508 1042 2591 Capi.
1066 2508 1108 2589 ΙΙ,
1133 2512 1162 2587 2,
1193 2512 1250 2571 'iit
1282 2510 1445 2571 &tamn

293 2613 344 2673 ubi
374 2610 509 2685 proiecto
536 2611 673 2669 damnum
700 2615 832 2683 praestet
858 2609 959 2670 facere
993 2629 1079 2686 quam
1115 2613 1241 2670 lucrum.
1270 2604 1335 2684 ΙΙΙ,
1368 2611 1392 2683 1,
1420 2609 1445 2667 3:

293 2712 489 2769 Miserrumus
513 2716 568 2779 est,
592 2711 651 2782 qui,
677 2727 764 2782 quom
788 2727 854 2770 esso
878 2711 980 2782 cupiit,
1003 2709 1081 2782 quod
1102 2708 1162 2766 edit
1184 2725 1244 2767 non
1269 2707 1374 2783 habet,
1402 2699 1445 2764 nbi

292 2808 351 2869 colit
374 2814 423 2868 est
446 2803 672 2869 coniunctivus.
695 2812 724 2877 4,
750 2809 806 2870 36;
829 2808 873 2866 Tu
897 2810 973 2866 cuim
997 2805 1148 2880 repertos,
1172 2805 1380 2865 Philocratem
1404 2801 1444 2874 qai

291 2921 409 2976 superes
433 2904 607 2964 veriverbio.
653 2919 680 2964 v.
705 2908 745 2965 37
769 2920 833 2982 sq.:
858 2912 890 2963 tu
920 2905 1073 2981 inventa’a,
1103 2920 1175 2963 vera
1199 2903 1376 2962 vanitudine
1396 2899 1443 2976 Qui

293 3003 457 3063 corruamus,
508 2997 583 3062 Oist.
611 2999 652 3075 ΙΙ,
685 3006 711 3079 l,
739 3005 794 3064 26:
829 3005 886 3062 Abi
920 3021 1066 3077 quaerere
1096 3003 1148 3061 cabi
1179 3001 1372 3061 iuriiurando
1402 3009 1442 3056 tuo

294 3102 367 3159 satis
390 3101 431 3157 sit
452 3100 574 3160 subsidi.
599 3105 627 3165 3,
652 3104 687 3163 3:
711 3102 790 3174 quod
813 3101 951 3175 gaudeas.
997 3097 1110 3163 Bacch.
1135 3117 1161 3160 v.
1180 3100 1328 3161 68—72:

336 3198 394 3257 Ubi
417 3215 472 3272 ago
495 3199 611 3270 capiam
633 3216 688 3271 pro
712 3200 872 3258 machaera
895 3208 1051 3258 turturem.

336 3296 451 3371 Ubique
474 3295 599 3368 inponat
621 3297 650 3354 in
675 3314 790 3355 manum
813 3298 888 3355 alius
913 3299 984 3356 mihi
1008 3314 1062 3372 pro
1088 3302 1173 3356 cestu
1196 3297 1389 3355 cantharum:

314 3389 392 3454 'Pro
415 3397 501 3469 galea
524 3395 687 3468 scaphium,
709 3413 765 3468 pro
789 3397 897 3470 insigni
919 3398 959 3454 sit
981 3396 1096 3455 corolla
1118 3395 1263 3468 plectilis,

333 3492 391 3551 Pro
413 3493 501 3553 hasta
526 3493 620 3552 taius:
645 3510 699 3565 pro
723 3495 817 3552 lorica
841 3496 984 3552 malacum
1000 3494 1121 3565 capium
1136 3492 1280 3565 pallium:

335 3590 393 3649 Ubi
414 3591 454 3647 mi
476 3608 530 3664 pro
554 3607 629 3663 equo
654 3591 749 3649 lectus
771 3590 867 3657 detur,
891 3602 1022 3650 scortum
1045 3609 1102 3665 pro
1125 3600 1211 3648 scuto
1236 3587 1385 3648 admosti

291 3701 374 3763 quae
400 3685 638 3748 enuntiationes
662 3683 816 3750 relativae
840 3688 981 3767 pendent
1003 3705 1041 3750 ex
1056 3686 1165 3749 verbis
1181 3689 1350 3747 Penetrare
1372 3683 1443 3743 onim

290 3785 369 3844 modi
392 3787 423 3844 in
445 3787 626 3859 palaestram
651 3801 678 3843 v.
702 3786 752 3846 66.
776 3784 813 3852 V.
837 3789 866 3862 2,
891 3791 943 3850 37:
974 3788 1050 3859 Quid
1074 3795 1121 3846 est
1151 3787 1231 3861 quod
1260 3780 1397 3859 pudeat?
1422 3795 1443 3835 i·

290 3886 344 3944 50:
370 3884 437 3943 Non
461 3885 550 3943 homo
573 3891 605 3943 tu
629 3884 748 3958 quidem
771 3902 814 3961 ea,
837 3886 888 3956 qai
909 3887 984 3945 istoc
1007 3895 1097 3959 pacto
1121 3892 1179 3943 tam
1218 3885 1353 3959 lepidam
1381 3879 1442 3939 inle-

296 3981 368 4055 pida
391 3982 529 4056 appelles,
553 3978 584 4041 h.
609 3997 635 4043 e.
660 3980 743 4058 talis,
766 3990 804 4044 ut
826 3979 993 4060 appellare
1021 3982 1134 4061 possis.
1181 3980 1303 4044 Pseud.
1331 3977 1358 4048 Ι,
1375 3980 1401 4051 2,
1414 3973 1447 4033 ὅθ

294 4077 340 4137 lbi
365 4079 421 4139 tibi
443 4081 518 4139 adeo
541 4084 639 4141 lectus
665 4082 867 4148 dubitauerit
890 4092 921 4141 tu
946 4082 1003 4139 lrau
1033 4100 1164 4140 somnum
1191 4083 1305 4154 copiae.
1339 4081 1367 4152 3,
1393 4072 1438 4135 iil

286 4176 334 4235 Ad
357 4194 422 4236 eam
446 4178 508 4238 rem
532 4187 632 4239 ussnst
656 4182 773 4240 homine
805 4186 903 4240 astuto
934 4181 1022 4238 docto
1058 4182 1134 4239 scito
1172 4187 1203 4239 et
1234 4179 1364 4253 callido,
1388 4169 1438 4248 Qvi

288 4273 429 4348 inperata
452 4276 570 4351 coiecta
600 4277 715 4351 reddat,
748 4297 806 4339 non
837 4279 890 4352 qai
919 4279 1045 4353 vigilans
1067 4277 1204 4337 donatiui.
1251 4275 1307 4351 IV,
1340 4278 1368 4351 6,
1392 4275 1437 4335 25:

287 4370 368 4445 Quid
389 4379 433 4434 eat
454 4375 532 4448 quod
554 4394 610 4435 nou
635 4380 749 4436 metuas
771 4378 808 4436 ab
831 4377 891 4437 eo?
911 4373 1008 4439 Poen.
1042 4372 1120 4453 prol.
1151 4393 1179 4438 v.
1209 4379 1244 4439 9:
1274 4379 1351 4436 Nam
1378 4369 1435 4448 quoi
