3125 5075
216 350 279 407 238
650 343 803 384 sensnm.
818 345 881 385 ΟΑΡ.
896 344 938 384 ΙΙΙ.

216 514 304 578 Nihil
327 513 472 596 effecisti,
495 514 617 583 frustra
639 535 682 583 es.
728 517 800 584 Huc
823 523 947 599 spectat
969 518 1065 583 etiam
1088 515 1180 598 eapt.
1201 516 1244 593 11,
1265 523 1293 597 3,
1312 524 1352 583 ll:

217 616 278 675 Fue
294 616 379 687 fidele
395 617 436 677 sis
451 618 554 690 fidelis.
600 615 659 696 111,
677 622 707 695 5,
724 621 781 682 60:
805 619 918 679 Recens
932 622 1051 692 captum
1066 617 1226 678 hominem.
1249 615 1350 681 Deinde

215 710 376 776 obiectum
399 730 470 778 esse
499 718 608 793 potest
635 715 838 780 accusativus
867 713 1072 794 pronominis.
1117 711 1227 778 Livius
1250 713 1353 779 Andro

214 808 304 873 nicus
325 807 364 872 ir.
388 809 595 876 Hermionae:
631 816 765 876 Obsecro
789 821 836 888 te,
861 814 1021 886 Anchiale,
1044 814 1134 873 matri
1156 831 1195 874 ne
1217 815 1288 889 qaid
1302 822 1351 875 tusc

217 910 360 970 advorsus
384 909 457 970 duas.
504 906 583 973 Cato
606 909 643 974 R.
667 910 703 974 R.
727 928 752 975 c.
777 915 834 976 38:
859 913 892 972 Si
914 911 1028 973 dnobus
1049 909 1233 986 praefurniis
1254 930 1350 989 coques,

214 1008 322 1067 lacuna
343 1007 421 1066 aedil
444 1025 518 1082 opus
542 1010 609 1069 erit.
655 1006 764 1090 Origg.
781 1007 800 1072 l.
816 1008 854 1086 V,
877 1026 905 1088 p.
925 1013 975 1087 25,
999 1006 1176 1072 ilerden:
1199 1010 1276 1069 Idne
1294 1011 1350 1071 irus

215 1105 325 1173 cimini,
351 1105 443 1179 siquis
466 1108 623 1181 superbior
646 1116 693 1168 est
715 1127 801 1184 quarn
824 1108 898 1169 uos?
931 1109 993 1185 (ap.
1017 1103 1098 1170 Gell.
1121 1103 1193 1184 Vll,
1217 1107 1259 1181 3).
1291 1103 1349 1170 Gaio

213 1220 265 1281 ap.
290 1199 370 1266 Geli.
394 1200 484 1280 XIII,
506 1207 546 1266 23
570 1203 724 1277 (Bolhnis.
747 1222 778 1284 p.
798 1204 892 1281 215):
922 1207 1004 1267 Vitio
1027 1211 1161 1281 vertunt,
1191 1208 1259 1282 quia
1278 1206 1349 1266 esde

173 1365 179 1373 ,
212 1319 296 1377 egeo.
341 1298 391 1363 Ad
418 1297 500 1365 hane
528 1301 707 1381 analogiam
735 1300 929 1366 dictumest
956 1300 1052 1365 etiam
1074 1299 1113 1363 R
1136 1300 1175 1364 le
1204 1320 1230 1367 c.
1255 1306 1303 1367 28:
1326 1304 1347 1362 id

215 1400 342 1459 maxime
366 1401 528 1459 cavendum
549 1409 606 1461 est.
651 1398 745 1463 Ennii
766 1398 868 1464 annal.
892 1399 912 1463 Ι.
928 1399 968 1475 X,
990 1396 1029 1462 ir.
1046 1402 1075 1476 5,
1098 1415 1127 1460 v.
1152 1404 1230 1465 349:
1252 1404 1276 1463 si
1295 1400 1348 1475 add

163 1516 165 1519 ’
211 1504 243 1557 te
266 1497 397 1556 adivero.
441 1494 627 1576 Iphigeniae
653 1494 692 1560 ir.
716 1504 747 1575 4,
774 1517 802 1560 v.
827 1502 907 1561 255:
934 1498 965 1558 id
988 1500 1098 1559 studet.
1142 1495 1239 1561 Ennii
1266 1494 1344 1562 annui

210 1591 229 1655 i.
253 1591 279 1671 Ι,
303 1612 330 1656 v.
356 1596 411 1655 51:

341 1694 523 1767 Quamquam
546 1695 641 1753 malta
663 1712 766 1756 manus
790 1696 828 1755 ad
851 1695 928 1755 caeli
952 1695 1074 1754 caerula
1095 1695 1210 1767 templa

339 1790 508 1849 Tendebam
533 1793 710 1852 lacrumans.

208 1885 312 1950 Plani.
330 1885 444 1950 Bacch.
463 1886 521 1964 III,
544 1895 573 1966 4,
598 1892 655 1951 27:
680 1907 737 1949 neu
760 1889 833 1963 caia
852 1891 879 1949 ei
902 1895 1084 1949 suscenseat.
1119 1884 1179 1965 III,
1203 1891 1232 1966 6,
1254 1893 1285 1952 4:
1303 1888 1344 1947 le

209 2004 274 2046 rum
296 1993 449 2060 postremo
472 1988 634 2062 inpetrem,
669 1994 701 2047 ut
722 1987 832 2061 nequid
856 1989 885 2045 ei
908 1993 1091 2047 suscensent.
1138 1982 1230 2065 Gapt.
1252 1983 1304 2064 ΙΙΙ,
1324 1987 1343 2059 5,

210 2086 265 2145 22:
288 2090 345 2158 An,
370 2101 495 2159 opsecro
511 2087 613 2145 hercle
630 2092 669 2159 te,
692 2086 726 2144 ia
740 2103 818 2145 nnnc
834 2101 992 2145 suscenses
1007 2083 1100 2143 mini?
1115 2081 1156 2146 ad
1172 2100 1201 2163 q.
1218 2083 1239 2149 i.
1254 2080 1345 2148 Linde

208 2197 357 2244 mannus:
393 2181 486 2259 „Ace
508 2180 611 2259 idem,
634 2181 688 2260 qui
711 2187 762 2246 est
782 2181 814 2245 iu
834 2178 979 2244 formulis
1000 2182 1130 2255 cesara
1151 2182 1274 2257 altprect,
1291 2197 1346 2256 pce

206 2279 275 2339 ciere
290 2279 414 2354 aliquid,
438 2281 545 2340 laetari
560 2281 702 2354 alicam
746 2278 840 2343 Most.
858 2277 897 2357 V,
920 2283 949 2355 2,
971 2282 1030 2342 41:
1054 2281 1159 2356 Neque
1175 2282 1220 2342 illi
1235 2284 1346 2344 iamsun

205 2380 300 2438 iratus
328 2395 423 2454 neque
452 2380 610 2451 pompeam
641 2380 669 2439 ei
697 2395 867 2439 suscenseo.
911 2374 1000 2440 Pers.
1024 2374 1084 2455 ΙΙΙ,
1107 2381 1136 2455 3,
1160 2380 1218 2441 26:
1255 2375 1347 2466 iai-tibi

207 2478 363 2538 succensui
392 2474 450 2548 (sic
481 2475 570 2540 codd.
594 2473 674 2540 Pall.
704 2492 766 2540 sec.
789 2472 950 2550 Pareum).
995 2473 1083 2538 Pers.
1115 2490 1143 2536 v.
1170 2478 1245 2540 739:
1279 2477 1348 2538 Solve

204 2575 339 2636 multam.
378 2572 476 2637 Mero.
492 2592 521 2635 v.
539 2578 619 2637 912:
643 2578 703 2650 Nil,
728 2576 868 2649 Charine,
891 2583 922 2635 te
945 2575 1063 2649 quidem
1084 2576 1242 2650 quicquum
1265 2574 1347 2651 pudet.

205 2671 298 2750 Epid.
323 2669 365 2750 ΙΙ,
392 2677 418 2748 l,
444 2675 476 2733 1:
500 2691 584 2747 quos,
608 2691 694 2748 quom
718 2675 765 2732 nil
785 2674 886 2744 refert,
910 2672 1012 2747 pudet.
1058 2669 1154 2734 Poen.
1170 2668 1232 2749 111,
1255 2675 1283 2749 5,
1304 2672 1348 2735 33:

203 2772 289 2846 Nego
312 2778 344 2830 et
367 2771 509 2844 negando,
534 2772 560 2832 si
582 2770 655 2844 quic
675 2771 776 2844 refert,
800 2772 890 2831 racio.
935 2766 1051 2832 Pseud.
1067 2765 1111 2845 ΙΙ,
1134 2774 1165 2846 4,
1189 2772 1247 2832 38;
1269 2770 1349 2830 noa

203 2867 276 2938 quid
304 2867 417 2927 refert?
460 2867 547 2931 Pers.
572 2866 626 2947 IV,
658 2872 687 2946 3,
711 2872 765 2930 68:
801 2870 873 2928 Mea
902 2869 1020 2944 quidem
1049 2868 1127 2927 nteit
1155 2868 1234 2927 istuc
1262 2866 1349 2928 reiert

205 2960 300 3026 Most.
318 2962 377 3042 ΙΙΙ,
402 2970 431 3044 3,
458 2970 511 3030 19;
540 2972 581 3027 At
603 2969 680 3027 enim
704 2985 741 3027 ne
765 2966 992 3041 conceptioni
1014 2967 1086 3025 milri
1112 2967 1160 3025 sit.
1205 2962 1351 3029 Bacchi.

204 3065 283 3125 633:
310 3065 391 3140 Quid
412 3065 443 3123 id
465 3073 564 3125 autem
586 3067 712 3141 prodest
734 3065 829 3124 mihi?
872 3061 953 3125 Rud.
978 3060 1036 3139 ΙΙΙ,
1060 3069 1090 3139 4,
1114 3064 1170 3123 68:
1201 3063 1289 3139 Quod
1307 3078 1351 3137 ego

205 3163 234 3219 in
259 3164 368 3222 somnis
392 3165 544 3222 somniavi.
590 3162 682 3241 Epid.
706 3160 761 3237 lV,
786 3166 815 3237 2,
836 3163 872 3223 8;
897 3163 975 3235 Scio,
998 3161 1071 3234 qaid
1091 3176 1184 3221 erres.
1231 3157 1308 3223 Ruri
1327 3175 1349 3218 a.

204 3261 280 3320 207:
304 3262 369 3320 Hoc
392 3261 471 3334 qaod
492 3261 595 3321 induta
618 3279 690 3321 sum.
736 3257 935 3323 Menaechm.
949 3254 975 3334 I,
993 3262 1023 3334 3,
1039 3259 1073 3319 8:
1098 3260 1224 3318 Interim
1249 3259 1349 3333 nequis,

204 3358 275 3432 quin
300 3360 363 3419 eius
393 3359 508 3431 aliquia
534 3358 654 3419 indutus
684 3360 753 3419 sias.
798 3355 890 3436 Epid.
912 3352 955 3432 ΙΙ,
979 3357 1008 3431 2,
1032 3358 1085 3418 39:
1119 3356 1199 3431 Quid
1227 3364 1293 3417 erat
1314 3356 1348 3412 io-

203 3455 293 3516 duta?
337 3454 453 3519 Bacch.
478 3453 515 3533 V,
543 3461 569 3534 l,
596 3460 648 3519 13;
684 3458 740 3516 hoc
764 3463 811 3516 est
834 3456 949 3515 demum
971 3452 1049 3527 quod
1069 3455 1254 3528 percuncior.
1295 3446 1347 3515 lid.

201 3551 256 3630 IV,
273 3556 302 3631 8,
321 3557 375 3616 ll:
398 3555 483 3614 Istuc
504 3557 631 3616 crucior.
655 3551 807 3633 Epidii,
826 3556 853 3630 2,
871 3554 906 3613 8:
928 3551 970 3610 Id
991 3569 1046 3626 ego
1069 3554 1235 3614 excrucior.
1264 3545 1344 3614 sulen

200 3649 226 3727 Ι,
254 3656 280 3728 l,
307 3655 361 3712 ll:
394 3654 449 3712 hoc
470 3683 512 3692 —
535 3655 661 3713 crucior.
707 3668 736 3713 v.
760 3654 815 3714 29:
847 3657 892 3711 Au
915 3650 949 3709 id
975 3650 1058 3709 doles
1079 3648 1144 3707 -3
1189 3641 1345 3717 Cercetii

202 3752 230 3826 2,
254 3752 309 3812 46:
335 3752 411 3823 Quia
433 3768 487 3824 ego
510 3751 542 3808 id
564 3751 642 3826 quod
665 3766 731 3809 amo
754 3766 849 3808 carco.
894 3745 1049 3809 Similiter
1070 3744 1166 3809 Poen.
1191 3744 1246 3824 IV,
1272 3753 1296 3823 l,
1314 3746 1342 3803 l:

200 3850 380 3924 praesertim
404 3849 464 3924 qui,
487 3848 565 3923 quod
589 3854 682 3922 amat,
706 3855 800 3908 caret.
834 3843 917 3907 Men.
941 3841 967 3920 Ι,
992 3847 1021 3921 2,
1047 3846 1101 3905 12;
1125 3861 1182 3904 uec
1204 3845 1344 3918 qnoque*

200 3963 282 4022 eges.
325 3943 418 4024 Epid.
442 3942 479 4020 V,
513 3950 540 4021 1,
565 3949 619 4008 51:
643 3946 701 4006 Sed
723 3952 882 4018 memento,
906 3945 931 4003 si
953 3943 1026 4016 qaid
1047 3944 1205 4003 saevibunt
1226 3938 1343 4017 (siclo

200 4041 286 4106 thius
314 4060 376 4107 sec.
400 4042 557 4118 Douzum)
586 4059 683 4104 senes.
728 4039 816 4104 Pers.
840 4038 881 4117 Ii,
909 4045 936 4118 l,
960 4045 996 4104 9:
1025 4040 1066 4099 Ic
1087 4048 1156 4101 tuus
1179 4049 1276 4101 scatet
1294 4034 1342 4098 uni

201 4160 264 4202 mus
320 4139 396 4205 cist.
420 4139 462 4218 II,
489 4145 516 4218 l,
538 4145 594 4203 45:
628 4137 759 4215 Propter
788 4147 819 4198 te
843 4140 914 4198 accc
930 4155 1026 4212 pecco.
1072 4136 1122 4200 Ad
1148 4135 1232 4202 hane
1252 4131 1341 4201 analo·

200 4236 284 4317 giam
313 4237 432 4303 dictum
462 4242 512 4301 est
541 4237 637 4301 etiam
666 4235 751 4300 Trin.
783 4235 842 4313 ΙΙΙ,
875 4241 903 4315 2,
929 4241 986 4299 44;
1020 4237 1120 4296 Minus
1153 4239 1256 4310 placet
1281 4223 1342 4308 qaod

200 4339 418 4398 consnadetnr:
441 4337 520 4412 quod
544 4337 733 4398 dissuadetur
755 4339 865 4410 placet.
912 4331 1026 4410 (Rudd.
1044 4330 1086 4411 ΙΙ,
1108 4349 1140 4411 p.
1157 4337 1229 4412 149,
1251 4330 1340 4396 adnot
