3125 5075
511 548 601 590 ΙΙΟΤΙΟ
622 549 889 624 ΒΙΙΒδΤΑΙΙΤΙῚΟΒΰῊ.
1243 559 1281 620 13

126 721 231 803 Amph.
258 722 285 801 l,
311 726 351 800 3,
384 725 447 786 23:
484 725 630 801 Nequiter
657 743 753 801 paena
782 727 933 801 expedivit
964 728 1061 800 prima
1090 723 1280 799 parasitatt'o.

125 820 205 884 Trin.
216 819 272 898 IV,
291 825 320 897 3,
345 824 380 883 5:
405 822 441 881 Si
461 824 562 883 aberis
584 824 621 884 ab
646 825 691 883 eri
711 826 897 897 quaestione.
932 821 1059 886 Terent.
1075 819 1211 900 Adelph.
1227 817 1284 901 IV,

127 922 156 995 2,
180 924 238 981 41:
276 903 360 979 Sane
385 920 445 979 hac
471 923 565 980 multo
590 923 714 996 propius
741 924 799 981 ibis
822 929 851 981 et
875 924 970 982 minor
996 927 1044 982 est
1070 919 1212 993 watto)
1238 918 1285 983 ita

126 1023 235 1092 umen,
259 1020 298 1079 nt
319 1032 394 1080 cnm
417 1014 517 1080 verbo
532 1034 592 1079 esse
611 1017 813 1082 coniunctum
835 1017 990 1081 modoad
1012 1013 1167 1095 infinitivi,
1190 1014 1283 1080 modo

127 1112 163 1176 ad
184 1110 374 1177 nominativi
396 1112 545 1195 gerundii
568 1112 634 1177 sive
650 1114 827 1193 gerundivi,
851 1120 887 1177 ut
901 1114 962 1193 hic,
984 1114 1208 1179 necessitatem
1231 1129 1285 1177 ex·

128 1209 272 1289 primens,
296 1210 459 1275 notionem
479 1210 611 1290 propius
626 1211 765 1290 accedat,
788 1212 881 1275 modo
897 1212 1035 1275 medium
1051 1210 1155 1276 locum
1175 1214 1285 1275 teneat

128 1307 207 1371 inter
228 1303 380 1371 infinitivi
407 1312 441 1371 et
468 1307 627 1389 participii
653 1308 731 1387 peri.
755 1326 839 1389 pass.
866 1314 1033 1385 naturam,
1065 1307 1159 1374 modo
1186 1308 1284 1372 verbo

130 1402 214 1467 inito
235 1402 343 1468 simile
364 1404 419 1482 sit,
447 1404 599 1478 nt,doeet
621 1404 812 1470 Luehkerus
835 1405 874 1469 de
897 1424 958 1471 usn
985 1403 1038 1470 ini.
1061 1405 1166 1470 Plaut.
1189 1422 1219 1485 p.
1246 1409 1284 1470 13

131 1502 177 1566 tdo
200 1502 386 1566 discrimine
408 1506 530 1581 tamem
553 1503 638 1581 qnod
662 1503 834 1567 intercedit
859 1503 945 1567 inter
972 1502 1072 1568 subst.
1096 1501 1224 1567 verbale
1252 1507 1286 1566 et

131 1600 258 1665 verbum
283 1597 423 1678 finitum,
457 1598 530 1663 vide
557 1604 651 1665 acute
678 1599 887 1666 disserentem
912 1600 1064 1665 Haasinm
1094 1600 1135 1664 ad
1165 1598 1284 1679 Reisig.

132 1699 223 1763 schol.
253 1715 387 1778 gramm.
410 1696 464 1760 lat.
487 1715 519 1776 p.
543 1702 604 1761 768
626 1697 732 1761 adnot.
751 1700 834 1774 593).
880 1699 928 1762 De
951 1715 1015 1778 qua
1036 1715 1072 1760 re
1095 1697 1167 1761 vide
1190 1697 1286 1761 etiam

133 1796 276 1860 Rnddim.
293 1793 388 1873 II,‘p.
408 1800 468 1858 117
490 1794 597 1859 adnot.
614 1802 643 1859 4.
666 1812 697 1875 p.
712 1799 774 1860 243
790 1796 897 1859 adnot.
912 1799 963 1859 48.
988 1812 1018 1874 p.
1033 1798 1103 1858 373.
1131 1793 1287 1872 Exempla

133 1893 204 1958 haec
227 1895 313 1958 sunt.
358 1891 500 1955 Primum
522 1892 587 1956 duo
608 1909 693 1970 qnae
714 1892 823 1956 attulit
845 1890 1034 1957 Luehkerns
1062 1890 1083 1953 l.
1113 1890 1148 1955 l.:
1181 1890 1286 1954 Plaut.

133 1991 221 2055 Poen.
240 1989 280 2070 V,
304 1994 333 2068 2,
360 1994 433 2054 136:
457 1994 567 2052 acerba
581 1995 728 2052 omatiost.
774 1990 856 2055 Rud.
872 1989 927 2068 IV,
950 1996 979 2069 5,
1006 1995 1058 2052 14:
1080 1992 1175 2051 Nimis
1190 2005 1286 2065 paene

133 2093 228 2165 saepta
252 2097 343 2165 atque
371 2090 474 2150 odioso
498 2091 563 2150 eius
592 2090 737 2151 amotiost.
781 2087 870 2152 Pers.
891 2086 946 2165 IV,
973 2092 1008 2166 4,
1032 2091 1086 2151 37:
1123 2096 1176 2148 tna
1205 2105 1288 2147 merx

135 2202 189 2249 est:
212 2194 266 2249 tac
287 2188 464 2247 indicetiost.
508 2185 606 2249 Poen.
621 2184 647 2264 Ι,
669 2190 698 2265 3,
722 2189 776 2251 36;
801 2204 879 2247 nuno
900 2187 972 2247 mihi
994 2187 1127 2247 earctiost.
1170 2182 1287 2247 Pseud.

135 2284 163 2363 Ι,
185 2290 222 2364 2,
254 2289 311 2349 37:
346 2288 511 2346 cruminam
533 2302 570 2344 ne
593 2287 747 2360 quisquam
775 2285 938 2359 pertundat
963 2285 1106 2343 eooitioat.
1151 2279 1221 2345 (las.
1245 2279 1288 2361 ll,

137 2389 162 2458 3,
183 2387 241 2447 43:
264 2385 315 2443 hie
337 2387 418 2445 sinas
442 2401 547 2443 curare
571 2384 706 2456 ancillas,
730 2398 806 2456 qnae
827 2386 920 2440 meost
940 2383 1064 2441 curatio.
1101 2377 1215 2442 Bacch.
1232 2377 1289 2457 IV,

137 2486 162 2561 2,
187 2487 240 2546 15;
263 2483 336 2543 mihi
359 2481 502 2542 cocitiost.
545 2477 642 2543 Poen.
658 2477 684 2558 I,
708 2481 737 2555 2,
763 2481 833 2540 141.
879 2474 945 2541 Mil.
959 2480 988 2555 6,
1012 2480 1067 2540 64;
1091 2478 1157 2539 vide
1180 2495 1216 2538 ne
1232 2478 1290 2536 stes

85 2574 87 2603 ³
138 2584 178 2643 illi
198 2580 421 2654 exspectationi,
450 2574 480 2640 h.
505 2594 532 2640 e.
555 2594 595 2640 ne
618 2573 850 2656 exspectandus
876 2573 935 2653 sis,
969 2573 1051 2651 sive,
1086 2576 1123 2636 ut
1147 2572 1289 2637 Lindem.

139 2678 228 2757 orph:
251 2694 292 2739 ne
315 2682 348 2740 te
373 2674 553 2754 exspectari
574 2672 718 2754 patiaris.
762 2671 850 2735 Pers.
874 2670 900 2749 Ι,
925 2675 952 2751 1,
977 2676 1033 2735 52:
1064 2689 1136 2732 cave
1158 2671 1230 2744 foas
1251 2671 1292 2729 mi

137 2779 166 2834 io
187 2778 366 2851 quaestione.
399 2772 475 2836 Cist.
490 2772 533 2851 ΙΙ,
558 2778 585 2839 3.
608 2777 666 2836 49:
690 2774 735 2832 Ne
758 2772 792 2829 ta
814 2772 982 2844 quaestione
1004 2772 1077 2830 mihi
1099 2772 1146 2830 sit.
1176 2765 1291 2831 Pseud.

85 2922 88 2941 ,
139 2872 175 2952 11,
197 2878 227 2949 2,
251 2875 310 2935 68;
348 2890 386 2932 nc
415 2875 449 2930 ta
476 2873 643 2945 quaestions
664 2871 714 2929 sis.
758 2865 840 2929 Vide
868 2865 1013 2946 Kampm.
1043 2865 1083 2930 de
1111 2868 1153 2926 IN
1181 2881 1292 2943 praep.

85 2960 88 2979 '
140 2989 195 3034 usu
215 2967 321 3033 Plaut.
344 2985 374 3047 p.
401 2973 438 3033 19
462 2985 508 3030 nr.
533 2972 561 3029 9.
604 2967 654 3030 Ex
684 2964 833 3029 Terentio
855 2961 950 3027 affert
972 2963 1119 3027 Ruddim.
1147 2961 1169 3026 l.
1192 2960 1213 3025 l.
1237 2958 1292 3040 (II,

141 3086 167 3147 p.
182 3073 256 3144 243,
279 3066 386 3130 adnot.
402 3068 455 3137 48)
478 3063 558 3127 haec
579 3063 642 3128 dno
666 3061 825 3142 exempla:
849 3060 948 3124 Andr.
964 3059 1007 3139 ΙΙ,
1029 3065 1058 3140 3,
1083 3064 1139 3123 26;
1163 3062 1293 3120 Puerum

142 3176 233 3228 antem
255 3183 295 3227 nc
318 3165 463 3226 resciscat
486 3163 557 3222 mihi
580 3180 646 3223 esse
669 3181 706 3222 ex
727 3163 780 3222 illa
802 3161 940 3228 cautlost,
970 3163 1003 3222 et
1025 3155 1159 3238 Adelph.
1183 3154 1240 3232 III,
1264 3161 1294 3236 3,

143 3267 191 3326 61τ
228 3267 257 3325 ci
281 3261 410 3341 (pisces)
433 3262 564 3320 mihine
588 3266 817 3334 corrumpantur
846 3261 977 3318 mutiost.
1022 3255 1114 3320 Adde
1137 3254 1215 3318 Hec.
1238 3251 1295 3333 IV,

143 3369 169 3432 4,
191 3364 231 3424 28
257 3377 310 3440 ap.
333 3355 459 3422 Ruhnk.
484 3356 603 3420 dictata
624 3355 657 3418 in
680 3354 751 3418 Ter.
776 3345 918 3418 Andr.'l.
941 3352 961 3416 l.
984 3371 1014 3432 p.
1037 3358 1094 3417 48:
1127 3356 1218 3414 Nullo
1240 3353 1296 3411 tihi

145 3492 177 3502 -
207 3462 256 3520 hic
285 3462 344 3518 iam
372 3457 574 3518 consultatiost
599 3458 633 3517 et
663 3450 772 3516 confer
792 3451 938 3515 Perizon.
962 3451 1009 3514 ad.
1025 3449 1131 3514 Sonct
1162 3448 1295 3512 Minerv.

144 3574 171 3634 p.
197 3559 268 3619 146.
313 3553 418 3618 Plaut.
434 3552 516 3617 Rud.
532 3550 571 3630 V,
595 3555 624 3630 3,
650 3555 701 3614 15:
725 3570 801 3627 qnae
824 3553 900 3611 haec
923 3550 1063 3610 tactiost‘?
1085 3546 1169 3627 quod
1192 3561 1298 3608 exem·

144 3653 227 3732 plum
248 3649 439 3716 Luebkerus
461 3649 482 3713 l.
505 3649 525 3712 l.
549 3646 642 3713 affert
663 3646 743 3726 tale,
774 3648 891 3726 inquo
920 3644 1021 3710 subst.
1043 3641 1183 3708 verbalis
1209 3639 1298 3704 notio

145 3750 223 3814 inter
244 3746 433 3813 infinitivum
456 3752 490 3810 et
503 3751 585 3827 part.
601 3744 679 3826 perf.
695 3762 778 3825 pass
795 3744 900 3808 locum
916 3742 1008 3822 quasi
1022 3740 1160 3806 medium
1180 3741 1298 3802 teneat

147 3846 258 3913 Bacch.
282 3846 336 3925 IV,
360 3849 388 3924 8,
413 3849 447 3908 2:
472 3862 547 3921 qnae
571 3847 646 3906 haec
668 3843 811 3905 factiost?
844 3839 996 3921 Amphl,
1020 3845 1049 3919 3,
1073 3844 1128 3903 21;
1152 3839 1223 3914 qnid
1244 3837 1300 3897 tibi

147 3979 185 3988 -
206 3958 254 4008 est
278 3977 315 3986 -
339 3945 491 4005 mattitio?
534 3939 649 4007 Bacch.
671 3947 707 4020 4,
731 3943 765 4019 2,
799 3945 830 4003 l:
867 3958 943 4016 quae
965 3942 1060 4001 istaec
1084 3946 1130 3999 est
1149 3932 1301 4012 pulsatio?

151 4042 235 4123 Capi.
257 4040 313 4120 IV,
335 4045 365 4120 2,
391 4046 447 4106 19:
473 4044 555 4115 Quae
577 4043 666 4102 illaec
690 4047 736 4101 est
757 4038 902 4099 minatio?
939 4034 1036 4102 Stich.
1060 4054 1088 4100 v.
1113 4037 1188 4098 283:
1217 4034 1301 4105 Quas

151 4144 254 4203 misera
276 4143 307 4200 in
326 4141 552 4216 exspectatione
573 4139 733 4214 Epignomi
754 4139 900 4197 adventus
923 4136 1017 4197 virist.

227 4237 317 4302 Haeo
353 4234 555 4301 substantiva
579 4233 680 4314 igitur
700 4231 858 4311 verbalia,
891 4235 929 4293 ut
955 4230 1018 4295 iam
1041 4228 1190 4306 diximus,
1224 4225 1303 4288 item

154 4334 331 4415 saepissime
351 4334 589 4412 coniunguntur
610 4347 682 4395 cum
704 4328 857 4394 adverbio
880 4327 990 4407 (loci),
1018 4327 1095 4391 item
1117 4342 1188 4389 cum
1211 4338 1304 4402 prae·

153 4432 301 4510 positione
324 4438 358 4498 et
379 4432 463 4497 hanc
494 4431 649 4508 sequente
676 4424 892 4504 substantivo,
925 4424 983 4489 sed
1011 4424 1106 4488 etiam
1136 4439 1208 4486 eum
1236 4418 1304 4485 solo

153 4531 346 4600 substantivo
367 4532 401 4597 in
422 4546 463 4594 eo
485 4543 563 4591 casu
584 4523 699 4606 posito,
721 4523 776 4604 qui
791 4521 883 4602 sequi
902 4522 985 4587 solet
1003 4520 1112 4601 verba,
1134 4518 1219 4584 unde
1240 4516 1307 4580 ista
