3125 5075
527 345 566 385 DE
582 346 678 385 HODlS.
694 366 716 375 -
731 345 953 387 comoucnivce.
1234 354 1293 414 189

137 541 318 613 paratumst,
345 536 423 609 qnod
447 537 509 596 edit
537 536 605 608 (=
632 535 715 614 edet,
743 535 895 615 antiquus
917 534 1156 611 coniunctivue).
1181 534 1239 613 ΙΙΙ,
1265 542 1295 611 3,

138 631 173 691 2:
196 630 337 695 connives
359 636 428 694 volo
451 636 597 709 Reperire
621 638 706 697 nobis
730 635 911 712 commodos,
934 635 986 708 oui
1007 636 1164 697 uncum.
1210 632 1292 697 itud

137 715 180 805 ΙΙ,
205 731 235 803 2,
258 733 293 792 4:
318 732 371 792 Set
392 747 464 804 oues
480 736 639 805 perconter
661 733 813 794 commode
844 749 933 793 eccos
960 733 1046 793 video
1074 739 1184 810 estere,
1211 730 1241 794 h.
1266 748 1294 794 e.

138 841 220 904 quoe
242 825 427 906 percontari
447 828 576 907 possim.
621 828 706 892 Trin.
728 827 770 907 ll,
795 832 823 904 2,
848 832 905 892 29:
929 831 973 889 Tu
996 832 1022 890 ei
1044 832 1173 890 oninium
1196 831 1295 890 vicisti

138 925 239 997 potine
268 945 355 1002 quum
382 928 499 988 animno
521 934 562 1004 te,
592 926 629 985 ἐι
656 928 735 1001 quod
758 929 900 1001 pendeas.
951 926 1044 991 True.
1074 926 1101 1007 Ι,
1124 931 1153 1006 2,
1185 930 1240 992 38:
1263 931 1297 990 Si

136 1038 200 1082 reni
235 1041 412 1097 servassem,
449 1024 518 1098 fuit,
550 1026 601 1085 nbi
625 1028 795 1100 negotiosus
818 1042 917 1085 essem.
946 1023 990 1103 ΙΙ,
1019 1029 1049 1094 4,
1078 1029 1110 1087 2;
1138 1028 1215 1086 Num
1240 1029 1296 1088 tibi

138 1136 217 1198 nem,
240 1124 355 1196 emebo,
378 1124 497 1183 innuunt
520 1123 642 1183 mordax
666 1141 739 1196 mee,
762 1123 827 1199 Quo
849 1126 974 1185 introire
1007 1128 1130 1191 metriae,
1152 1142 1218 1185 mee
1247 1143 1297 1185 ro·

138 1218 261 1292 lupius?
295 1215 411 1283 caecil.
450 1217 530 1283 Stat
571 1217 705 1283 Aethrio
742 1218 779 1282 ir.
812 1224 848 1283 3:
882 1224 972 1282 Onam
1006 1224 1140 1296 reperire
1175 1224 1296 1296 nullum,

137 1332 229 1387 quam
251 1317 414 1392 expediam,
438 1335 522 1394 queo.
568 1315 660 1380 Caec.
685 1315 730 1380 St
754 1318 875 1380 Asotue
903 1314 940 1381 fr.
964 1322 998 1381 6:
1020 1320 1152 1393 Nihilne,
1177 1321 1219 1379 nrt
1241 1320 1297 1379 tibi

137 1431 205 1474 esee
228 1415 307 1487 qnod
326 1416 427 1475 edim?
450 1413 541 1478 (laec.
565 1413 610 1479 St
626 1413 803 1480 Nauclerus
825 1412 863 1478 fr.
887 1419 922 1478 5:
945 1418 994 1476 vix
1017 1419 1150 1489 hubenrn,
1174 1418 1248 1477 eutis
1264 1425 1295 1477 te

139 1514 191 1584 qui
220 1512 347 1573 ιεεᾱεεε.
397 1510 489 1575 Gneo.
518 1510 563 1576 St
592 1510 735 1575 Plocium
761 1510 801 1575 ir.
835 1518 861 1590 l,
885 1531 912 1574 v.
941 1517 1000 1576 155
1028 1530 1115 1593 eqo:
1146 1516 1220 1588 Quis
1244 1533 1295 1576 vo-

141 1617 271 1669 strarum
300 1611 358 1670 luit
386 1614 504 1686 integro
533 1610 666 1672 aetatula
691 1612 775 1688 Quae
803 1613 860 1673 hoe
887 1614 964 1671 idern
994 1615 1098 1672 enirn
1129 1613 1299 1685 Inpetrarit

137 1725 202 1767 suo.
226 1702 405 1787 Synephebi
427 1704 464 1769 fr.
493 1713 523 1769 l:

308 1808 341 1865 ln
365 1824 465 1865 umore
489 1814 608 1865 sueveet
630 1824 743 1866 summo
764 1825 935 1883 summaque
958 1809 1068 1882 inopie,

195 1946 197 1949 -
309 1904 468 1962 Potentem
491 1903 601 1962 hebere
625 1920 745 1963 erorum
769 1906 941 1981 inlepidum,
965 1908 995 1965 in
1015 1908 1127 1967 liberos

188 2042 193 2050 -
313 1998 484 2074 Difficilem,
507 2002 558 2073 qne
580 2006 610 2060 te
634 2019 689 2062 nec
711 2006 791 2062 emet
811 2020 867 2062 nec
890 2003 1009 2062 studeat
1030 2005 1083 2063 tui.

138 2101 235 2169 cece
260 2097 341 2163 sut.
372 2093 430 2158 inc.
458 2095 520 2159 inb.
548 2094 585 2160 ir.
611 2100 639 2172 2,
663 2114 691 2160 v.
723 2101 800 2161 242:
832 2101 1134 2178 dimetientem·
1158 2096 1296 2179 (monuit)

137 2203 249 2264 eetetie
272 2197 357 2274 quod.
366 2197 511 2271 reliquom
526 2203 574 2255 est
589 2197 724 2256 oblemm
740 2214 834 2257 rneee.
879 2195 1005 2259 Terent.
1030 2197 1127 2261 Andr.
1150 2195 1175 2270 Ι,
1195 2202 1222 2274 l,
1242 2201 1297 2262 18:

137 2304 199 2370 ute,
222 2297 293 2372 quid
314 2292 457 2365 estquod
478 2311 523 2353 nne
546 2295 628 2355 velis.
674 2310 701 2356 v.
727 2297 785 2357 34:
807 2294 888 2370 Quid
908 2300 960 2371 eet,
983 2295 1068 2371 Quod
1089 2297 1144 2355 tibi
1160 2314 1227 2355 meu
1246 2315 1297 2357 ure

138 2398 261 2459 eiicere
285 2394 342 2453 hoo
358 2392 626 2467 poseit'crnplios?
648 2408 677 2455 v.
702 2394 756 2454 76:
781 2393 859 2465 Quid
882 2394 973 2465 igitur
995 2395 1105 2466 obstet,
1128 2410 1204 2466 quor
1236 2410 1297 2455 nnn

147 2495 260 2572 simil,
280 2487 341 2568 ΙΙΙ,
364 2493 393 2568 2,
420 2491 458 2552 12
481 2504 546 2568 sq.:
578 2493 657 2550 itone
688 2490 808 2550 taudem
833 2489 955 2552 {docente
983 2492 1049 2552 Tibi
1084 2493 1188 2552 videor
1219 2508 1297 2567 eeee,

138 2612 227 2672 quem
254 2599 315 2650 tem
345 2593 451 2670 operte
481 2588 586 2649 fellere
612 2590 739 2662 incipian
766 2589 865 2649 dolis?
909 2586 991 2652 Eun.
1026 2587 1069 2667 11,
1103 2592 1132 2666 3,
1163 2592 1220 2652 21:
1248 2589 1298 2648 Sic

139 2697 219 2756 adeo
240 2691 333 2763 diona
355 2702 404 2745 ree
426 2693 483 2757 est,
506 2688 558 2745 ubi
580 2695 611 2746 tu
635 2704 741 2746 nervos
763 2686 903 2746 intendite
925 2692 1000 2748 tuoe.
1023 2683 1101 2749 Hec.
1126 2684 1168 2759 ΙΙ,
1186 2690 1215 2764 l,
1241 2689 1297 2750 15:

140 2794 201 2868 Qui
224 2791 307 2849 illum
331 2785 492 2843 decrerunt
514 2785 645 2858 dionem,
668 2803 736 2844 suos
759 2786 830 2857 quoi
845 2788 955 2846 liberos
970 2788 1188 2846 committerent.
1218 2783 1298 2846 nun.

137 2887 182 2966 V,
205 2891 235 2965 2,
259 2889 313 2948 et:
338 2888 370 2942 ut
392 2887 423 2939 tu
445 2881 586 2956 indipnue
608 2885 659 2956 qni
680 2882 794 2954 faceres
816 2889 924 2943 tumen.
950 2882 1047 2945 Andr.
1070 2881 1107 2957 V,
1131 2884 1160 2960 6,
1184 2887 1220 2943 9;
1244 2883 1300 2941 So-

142 2995 190 3052 loe
214 3007 257 3057 es,
279 3006 364 3062 quem
385 2987 514 3060 dilipnnt
535 2983 575 3041 di.
621 2996 648 3040 v.
678 2984 727 3042 17:
756 2982 853 3055 siquid
884 2987 939 3053 est,
967 2982 1172 3054 quaerente.
1215 2978 1297 3042 Eun.

144 3085 225 3167 prol.
248 3103 277 3148 v.
306 3092 339 3148 i:
363 3087 395 3146 Si
418 3085 611 3160 quisquamst,
634 3079 685 3151 qun·
708 3081 828 3152 pleeere
845 3096 877 3138 ee
892 3079 1011 3138 εἰκάσαι
1024 3080 1118 3140 bonis.
1149 3084 1189 3148 (v.
1210 3081 1231 3139 4
1251 3091 1297 3154 sq.

144 3182 338 3250 indicativus
359 3181 484 3263 positus
506 3184 570 3241 est:
594 3181 686 3253 siquis
709 3186 765 3252 est,
788 3177 841 3248 nnn·
863 3178 974 3234 dietum
995 3179 1024 3236 in
1042 3193 1075 3237 ee
1089 3177 1299 3236 inclementius

142 3284 352 3347 ceetomone
374 3278 466 3354 ense).
508 3294 538 3340 v,
564 3279 620 3338 lo:
643 3276 685 3333 nil
708 3273 856 3346 estquod
876 3273 954 3333 dicut
974 3276 1054 3336 mihi.
1100 3292 1129 3336 v.
1145 3278 1200 3336 41:
1224 3273 1297 3332 Nul-

141 3387 234 3445 lumst
255 3385 314 3441 iem
336 3383 456 3450 dictum,
479 3375 556 3450 quod
578 3392 635 3434 non
657 3375 698 3432 sit
720 3373 830 3431 dietum
847 3375 939 3445 prius.
961 3368 1022 3450 ΙΙΙ,
1046 3375 1074 3452 δ,
1094 3376 1142 3437 13;
1165 3373 1299 3443 Nemost,

143 3498 231 3555 quem
253 3496 307 3553 ego
331 3478 467 3538 nunciam
491 3475 583 3546 magn
607 3489 739 3544 eupmm
766 3472 867 3529 videre
896 3487 982 3544 quem
1011 3479 1051 3543 te,
1081 3468 1135 3533 ubi
1164 3488 1301 3544 euperem

148 3573 369 3644 coniunctivus
392 3576 442 3636 est
463 3566 695 3645 conditionalis,
718 3566 771 3644 qui
796 3565 892 3628 etiam
914 3565 982 3631 sine
1006 3566 1228 3630 enunciatione
1247 3585 1300 3630 ro-

142 3669 432 3752 lutiva'ponendus
454 3672 533 3730 erat.
579 3664 695 3729 Heaut.
718 3663 761 3743 ΙΙ,
784 3669 813 3742 2,
838 3669 870 3728 3:
895 3667 1083 3726 Concurrunt
1107 3669 1210 3739 multe,
1233 3682 1300 3726 eom

143 3775 313 3851 opinionem
347 3786 422 3846 qnae
456 3767 528 3826 mihi
551 3767 648 3825 dirimo
678 3767 852 3837 excuneati.
906 3761 982 3826 Heu.
1010 3760 1071 3842 ΙΙΙ,
1100 3766 1129 3843 3,
1158 3766 1212 3827 31:
1241 3763 1299 3823 Ge·

142 3883 240 3934 teruru
265 3871 302 3929 de
324 3863 515 3929 reddueende
536 3864 566 3922 id
589 3861 692 3933 incias,
716 3862 794 3935 quod
816 3864 845 3920 iu
868 3879 931 3921 reru
953 3864 994 3921 eit
1009 3872 1099 3922 tuem.
1121 3859 1177 3939 lv,
1198 3865 1224 3939 Ι,
1241 3863 1298 3924 34:

142 3973 210 4031 Tnn
231 3966 406 4044 prospicere
430 3969 482 4022 eut
503 3959 635 4022 iudicare
659 3967 789 4020 nostrum
813 3961 844 4018 ln
866 3977 929 4019 rem
952 3960 1030 4032 quod
1050 3962 1100 4037 eit,
1122 3959 1232 4036 poten?
1266 3975 1297 4022 v.

146 4071 205 4132 35:
229 4062 349 4126 Audisti
370 4079 407 4122 ex
430 4063 528 4135 aliquo
551 4058 689 4130 fortusse,
716 4058 767 4130 qui
788 4057 897 4118 vidisse
926 4075 991 4117 eum
1007 4059 1126 4120 diecret.
1151 4060 1180 4137 2,
1196 4062 1216 4119 4
1232 4072 1297 4134 squ

143 4163 231 4243 Quod
252 4163 289 4222 de
312 4159 437 4234 urgento
458 4174 570 4231 mene
599 4189 633 4200 -
657 4157 706 4215 Nil
729 4164 783 4216 eet.
807 4159 837 4233 4,
862 4159 919 4216 54:
942 4158 1088 4232 Autquid
1104 4159 1145 4217 eit
1159 4156 1199 4229 id,
1223 4156 1301 4229 quod

144 4262 302 4322 eoalciterc
322 4259 365 4318 ed·
384 4259 461 4317 hunc
484 4255 625 4315 niodum?
1000 4279 1002 4283 ·

230 4354 262 4438 ε)
307 4355 490 4418 nannenten
510 4354 637 4414 relation
658 4369 725 4412 cunc
745 4351 819 4412 coni.
842 4367 965 4411 ceteom
985 4353 1133 4426 exponent
1179 4349 1217 4413 In
1239 4348 1300 4416 hec
