<?xml version="1.0" encoding="UTF-8"?>
<!DOCTYPE html PUBLIC "-//W3C//DTD XHTML 1.0 Transitional//EN"
    "http://www.w3.org/TR/xhtml1/DTD/xhtml1-transitional.dtd">
<html xmlns="http://www.w3.org/1999/xhtml" xml:lang="en" lang="en">
 <head>
  <title>
</title>
<meta http-equiv="Content-Type" content="text/html;charset=utf-8" />
  <meta name='ocr-system' content='tesseract 3.04.00' />
  <meta name='ocr-capabilities' content='ocr_page ocr_carea ocr_par ocr_line ocrx_word'/>
</head>
<body>
  <div class='ocr_page' id='page_1' title='image "./syntaxispriscor00holtgoog_0722.png"; bbox 0 0 3125 5075; ppageno 0'>
   <div class='ocr_carea' id='block_1_1' title="bbox 588 387 1360 463">
    <p class='ocr_par' dir='ltr' id='par_1_1' title="bbox 588 387 1360 463">
     <span class='ocr_line' id='line_1_1' title="bbox 588 387 1360 463; baseline 0.028 -35"><span class='ocrx_word' id='word_1_1' title='bbox 588 387 697 431; x_wconf 68' lang='lat' dir='ltr'><strong>nuno.</strong></span> <span class='ocrx_word' id='word_1_2' title='bbox 716 389 984 433; x_wconf 73' lang='grc' dir='ltr'><strong>ΙΜΙΙΙΟΘΔΤΝΔΙ.</strong></span> <span class='ocrx_word' id='word_1_3' title='bbox 1297 401 1360 463; x_wconf 73' lang='grc'><strong>263</strong></span> 
     </span>
    </p>
   </div>
   <div class='ocr_carea' id='block_1_2' title="bbox 187 575 1365 4088">
    <p class='ocr_par' dir='ltr' id='par_1_2' title="bbox 201 575 1361 855">
     <span class='ocr_line' id='line_1_2' title="bbox 201 575 1360 662; baseline 0.003 -19"><span class='ocrx_word' id='word_1_4' title='bbox 201 575 246 643; x_wconf 80' lang='lat' dir='ltr'><strong>ad</strong></span> <span class='ocrx_word' id='word_1_5' title='bbox 266 593 297 658; x_wconf 80' lang='lat' dir='ltr'><strong>o.</strong></span> <span class='ocrx_word' id='word_1_6' title='bbox 320 576 340 642; x_wconf 81' lang='grc' dir='ltr'><em>Ι</em></span> <span class='ocrx_word' id='word_1_7' title='bbox 363 576 511 643; x_wconf 78' lang='lat' dir='ltr'><strong>Tarum:</strong></span> <span class='ocrx_word' id='word_1_8' title='bbox 534 578 667 659; x_wconf 83' lang='lat' dir='ltr'><strong>„Nonne</strong></span> <span class='ocrx_word' id='word_1_9' title='bbox 689 584 741 643; x_wconf 85' lang='lat' dir='ltr'><strong>est</strong></span> <span class='ocrx_word' id='word_1_10' title='bbox 763 579 876 660; x_wconf 85' lang='lat' dir='ltr'><strong>quovis</strong></span> <span class='ocrx_word' id='word_1_11' title='bbox 890 578 1035 645; x_wconf 88' lang='lat' dir='ltr'><strong>cruciatu</strong></span> <span class='ocrx_word' id='word_1_12' title='bbox 1057 578 1254 661; x_wconf 86' lang='lat' dir='ltr'><strong>dignissima,</strong></span> <span class='ocrx_word' id='word_1_13' title='bbox 1277 597 1360 662; x_wconf 85' lang='lat' dir='ltr'><strong>quae</strong></span> 
     </span>
     <span class='ocr_line' id='line_1_3' title="bbox 202 671 1361 761; baseline 0.003 -23"><span class='ocrx_word' id='word_1_14' title='bbox 202 671 379 755; x_wconf 78' lang='lat' dir='ltr'><strong>micietnr,</strong></span> <span class='ocrx_word' id='word_1_15' title='bbox 413 676 499 756; x_wconf 84' lang='lat' dir='ltr'><strong>quod</strong></span> <span class='ocrx_word' id='word_1_16' title='bbox 525 676 603 742; x_wconf 86' lang='lat' dir='ltr'><strong>mihi</strong></span> <span class='ocrx_word' id='word_1_17' title='bbox 628 676 716 742; x_wconf 80' lang='lat' dir='ltr'><strong>fassa</strong></span> <span class='ocrx_word' id='word_1_18' title='bbox 744 676 839 741; x_wconf 82' lang='lat' dir='ltr'><strong>est?“</strong></span> <span class='ocrx_word' id='word_1_19' title='bbox 888 676 981 742; x_wconf 77' lang='lat' dir='ltr'><strong>Alius</strong></span> <span class='ocrx_word' id='word_1_20' title='bbox 1014 677 1143 758; x_wconf 88' lang='lat' dir='ltr'><strong>generis</strong></span> <span class='ocrx_word' id='word_1_21' title='bbox 1170 682 1222 744; x_wconf 88' lang='lat' dir='ltr'><strong>est</strong></span> <span class='ocrx_word' id='word_1_22' title='bbox 1247 684 1361 761; x_wconf 66' lang='lat' dir='ltr'><strong>m,</strong></span> 
     </span>
     <span class='ocr_line' id='line_1_4' title="bbox 202 770 1360 855; baseline 0.003 -19"><span class='ocrx_word' id='word_1_23' title='bbox 202 770 292 853; x_wconf 84' lang='lat' dir='ltr'><strong>qnod</strong></span> <span class='ocrx_word' id='word_1_24' title='bbox 320 771 442 853; x_wconf 88' lang='lat' dir='ltr'><strong>iegitur</strong></span> <span class='ocrx_word' id='word_1_25' title='bbox 472 772 587 840; x_wconf 80' lang='lat' dir='ltr'><strong>Buccis</strong></span> <span class='ocrx_word' id='word_1_26' title='bbox 619 774 675 846; x_wconf 90' lang='grc' dir='ltr'><strong>Ν,</strong></span> <span class='ocrx_word' id='word_1_27' title='bbox 699 778 734 855; x_wconf 85' lang='lat'><strong>2,</strong></span> <span class='ocrx_word' id='word_1_28' title='bbox 762 777 782 839; x_wconf 84' lang='lat'><strong>6</strong></span> <span class='ocrx_word' id='word_1_29' title='bbox 816 776 857 848; x_wconf 85' lang='lat' dir='ltr'><strong>(v.</strong></span> <span class='ocrx_word' id='word_1_30' title='bbox 887 772 976 854; x_wconf 86' lang='lat'><strong>588):</strong></span> <span class='ocrx_word' id='word_1_31' title='bbox 1016 777 1160 838; x_wconf 81' lang='lat' dir='ltr'><strong>Utrumne</strong></span> <span class='ocrx_word' id='word_1_32' title='bbox 1193 775 1301 855; x_wconf 82' lang='lat' dir='ltr'><strong>ergoi,</strong></span> <span class='ocrx_word' id='word_1_33' title='bbox 1331 792 1360 840; x_wconf 82' lang='lat' dir='ltr'><strong>v.</strong></span> 
     </span>
    </p>

    <p class='ocr_par' dir='ltr' id='par_1_3' title="bbox 199 968 1363 1245">
     <span class='ocr_line' id='line_1_5' title="bbox 289 968 1363 1052; baseline 0.008 -20"><span class='ocrx_word' id='word_1_34' title='bbox 289 968 320 1032; x_wconf 86' lang='lat' dir='ltr'><strong>d.</strong></span> <span class='ocrx_word' id='word_1_35' title='bbox 364 968 414 1034; x_wconf 88' lang='lat' dir='ltr'><strong>De</strong></span> <span class='ocrx_word' id='word_1_36' title='bbox 453 988 491 1032; x_wconf 78' lang='lat' dir='ltr'><strong>se</strong></span> <span class='ocrx_word' id='word_1_37' title='bbox 523 969 671 1051; x_wconf 83' lang='lat' dir='ltr'><strong>apposito</strong></span> <span class='ocrx_word' id='word_1_38' title='bbox 710 970 878 1050; x_wconf 79' lang='lat' dir='ltr'><strong>particulis</strong></span> <span class='ocrx_word' id='word_1_39' title='bbox 911 969 1153 1052; x_wconf 77' lang='lat' dir='ltr'><strong>interrogativis</strong></span> <span class='ocrx_word' id='word_1_40' title='bbox 1189 991 1275 1048; x_wconf 77' lang='lat' dir='ltr'><strong>usar,</strong></span> <span class='ocrx_word' id='word_1_41' title='bbox 1313 988 1363 1041; x_wconf 67' lang='lat' dir='ltr'><strong>m,</strong></span> 
     </span>
     <span class='ocr_line' id='line_1_6' title="bbox 199 1065 1362 1149; baseline 0.003 -20"><span class='ocrx_word' id='word_1_42' title='bbox 199 1071 323 1146; x_wconf 65' lang='lat' dir='ltr'><strong>m,</strong></span> <span class='ocrx_word' id='word_1_43' title='bbox 344 1065 422 1132; x_wconf 88' lang='lat' dir='ltr'><strong>item</strong></span> <span class='ocrx_word' id='word_1_44' title='bbox 444 1068 486 1132; x_wconf 86' lang='lat' dir='ltr'><strong>de</strong></span> <span class='ocrx_word' id='word_1_45' title='bbox 506 1087 544 1129; x_wconf 79' lang='lat' dir='ltr'><strong>ac</strong></span> <span class='ocrx_word' id='word_1_46' title='bbox 564 1066 597 1132; x_wconf 89' lang='lat' dir='ltr'><strong>in</strong></span> <span class='ocrx_word' id='word_1_47' title='bbox 618 1068 723 1148; x_wconf 86' lang='lat' dir='ltr'><strong>primo</strong></span> <span class='ocrx_word' id='word_1_48' title='bbox 744 1068 888 1134; x_wconf 86' lang='lat' dir='ltr'><strong>membro</strong></span> <span class='ocrx_word' id='word_1_49' title='bbox 907 1068 1170 1149; x_wconf 73' lang='lat' dir='ltr'><strong>interrogationis</strong></span> <span class='ocrx_word' id='word_1_50' title='bbox 1196 1068 1362 1134; x_wconf 87' lang='lat' dir='ltr'><strong>disiuncti-</strong></span> 
     </span>
     <span class='ocr_line' id='line_1_7' title="bbox 200 1163 553 1245; baseline 0.006 -18"><span class='ocrx_word' id='word_1_51' title='bbox 200 1181 263 1229; x_wconf 81' lang='lat' dir='ltr'><strong>raa</strong></span> <span class='ocrx_word' id='word_1_52' title='bbox 281 1163 388 1245; x_wconf 80' lang='lat' dir='ltr'><strong>posito</strong></span> <span class='ocrx_word' id='word_1_53' title='bbox 409 1182 438 1226; x_wconf 84' lang='lat' dir='ltr'><strong>r.</strong></span> <span class='ocrx_word' id='word_1_54' title='bbox 460 1163 553 1230; x_wconf 80' lang='lat' dir='ltr'><strong>inira</strong></span> 
     </span>
    </p>

    <p class='ocr_par' dir='ltr' id='par_1_4' title="bbox 187 1260 1365 3498">
     <span class='ocr_line' id='line_1_8' title="bbox 288 1260 1360 1345; baseline 0.003 -19"><span class='ocrx_word' id='word_1_55' title='bbox 288 1280 317 1327; x_wconf 92' lang='lat' dir='ltr'><strong>e.</strong></span> <span class='ocrx_word' id='word_1_56' title='bbox 361 1260 425 1327; x_wconf 88' lang='lat' dir='ltr'><strong>Ubi</strong></span> <span class='ocrx_word' id='word_1_57' title='bbox 448 1279 519 1327; x_wconf 91' lang='lat' dir='ltr'><strong>cnm</strong></span> <span class='ocrx_word' id='word_1_58' title='bbox 542 1261 760 1344; x_wconf 79' lang='lat' dir='ltr'><strong>indignatione</strong></span> <span class='ocrx_word' id='word_1_59' title='bbox 782 1263 899 1343; x_wconf 88' lang='lat' dir='ltr'><strong>aliquis</strong></span> <span class='ocrx_word' id='word_1_60' title='bbox 922 1263 1074 1335; x_wconf 83' lang='lat' dir='ltr'><strong>miratur,</strong></span> <span class='ocrx_word' id='word_1_61' title='bbox 1103 1280 1296 1345; x_wconf 86' lang='lat' dir='ltr'><strong>quemqnam</strong></span> <span class='ocrx_word' id='word_1_62' title='bbox 1318 1262 1360 1330; x_wconf 88' lang='lat' dir='ltr'><strong>de</strong></span> 
     </span>
     <span class='ocr_line' id='line_1_9' title="bbox 200 1356 1361 1441; baseline 0.003 -17"><span class='ocrx_word' id='word_1_63' title='bbox 200 1377 255 1436; x_wconf 89' lang='lat' dir='ltr'><strong>re,</strong></span> <span class='ocrx_word' id='word_1_64' title='bbox 278 1377 362 1439; x_wconf 88' lang='lat' dir='ltr'><strong>qnae</strong></span> <span class='ocrx_word' id='word_1_65' title='bbox 383 1356 454 1424; x_wconf 86' lang='lat' dir='ltr'><strong>fieri</strong></span> <span class='ocrx_word' id='word_1_66' title='bbox 476 1378 540 1424; x_wconf 89' lang='lat' dir='ltr'><strong>non</strong></span> <span class='ocrx_word' id='word_1_67' title='bbox 561 1360 665 1441; x_wconf 86' lang='lat' dir='ltr'><strong>possit</strong></span> <span class='ocrx_word' id='word_1_68' title='bbox 686 1366 829 1426; x_wconf 83' lang='lat' dir='ltr'><strong>autnon</strong></span> <span class='ocrx_word' id='word_1_69' title='bbox 851 1360 982 1441; x_wconf 85' lang='lat' dir='ltr'><strong>debeat,</strong></span> <span class='ocrx_word' id='word_1_70' title='bbox 1005 1360 1101 1427; x_wconf 86' lang='lat' dir='ltr'><strong>aliter</strong></span> <span class='ocrx_word' id='word_1_71' title='bbox 1122 1360 1258 1433; x_wconf 79' lang='lat' dir='ltr'><strong>senene,</strong></span> <span class='ocrx_word' id='word_1_72' title='bbox 1281 1361 1361 1427; x_wconf 87' lang='lat' dir='ltr'><strong>haee</strong></span> 
     </span>
     <span class='ocr_line' id='line_1_10' title="bbox 200 1456 1362 1540; baseline -0.002 -18"><span class='ocrx_word' id='word_1_73' title='bbox 200 1456 373 1522; x_wconf 84' lang='lat' dir='ltr'><strong>admiratio</strong></span> <span class='ocrx_word' id='word_1_74' title='bbox 400 1456 495 1522; x_wconf 90' lang='lat' dir='ltr'><strong>simul</strong></span> <span class='ocrx_word' id='word_1_75' title='bbox 521 1459 710 1540; x_wconf 84' lang='lat' dir='ltr'><strong>exprimitur</strong></span> <span class='ocrx_word' id='word_1_76' title='bbox 734 1459 925 1539; x_wconf 84' lang='lat' dir='ltr'><strong>interposito</strong></span> <span class='ocrx_word' id='word_1_77' title='bbox 953 1460 1107 1525; x_wconf 87' lang='lat' dir='ltr'><strong>vocabulo</strong></span> <span class='ocrx_word' id='word_1_78' title='bbox 1134 1466 1169 1523; x_wconf 80' lang='lat' dir='ltr'><strong>ut</strong></span> <span class='ocrx_word' id='word_1_79' title='bbox 1192 1458 1313 1535; x_wconf 64' lang='lat' dir='ltr'><strong>(Hanc</strong></span> <span class='ocrx_word' id='word_1_80' title='bbox 1329 1476 1362 1539; x_wconf 85' lang='lat' dir='ltr'><strong>p.</strong></span> 
     </span>
     <span class='ocr_line' id='line_1_11' title="bbox 201 1553 1358 1632; baseline 0.002 -12"><span class='ocrx_word' id='word_1_81' title='bbox 201 1555 271 1632; x_wconf 80' lang='grc'><strong>83).</strong></span> <span class='ocrx_word' id='word_1_82' title='bbox 314 1553 441 1620; x_wconf 86' lang='lat' dir='ltr'><strong>Dicitur</strong></span> <span class='ocrx_word' id='word_1_83' title='bbox 462 1575 482 1619; x_wconf 86' lang='lat' dir='ltr'><strong>a</strong></span> <span class='ocrx_word' id='word_1_84' title='bbox 505 1554 656 1621; x_wconf 83' lang='lat' dir='ltr'><strong>Terentio</strong></span> <span class='ocrx_word' id='word_1_85' title='bbox 679 1556 775 1623; x_wconf 88' lang='lat' dir='ltr'><strong>etiam</strong></span> <span class='ocrx_word' id='word_1_86' title='bbox 799 1557 992 1623; x_wconf 90' lang='lat' dir='ltr'><strong>coniunctim</strong></span> <span class='ocrx_word' id='word_1_87' title='bbox 1021 1561 1098 1623; x_wconf 69' lang='lat' dir='ltr'><strong>uio.</strong></span> <span class='ocrx_word' id='word_1_88' title='bbox 1143 1556 1247 1622; x_wconf 88' lang='lat' dir='ltr'><strong>Plaut</strong></span> <span class='ocrx_word' id='word_1_89' title='bbox 1269 1557 1358 1622; x_wconf 81' lang='lat' dir='ltr'><strong>Asin·</strong></span> 
     </span>
     <span class='ocr_line' id='line_1_12' title="bbox 201 1651 1359 1735; baseline 0 -17"><span class='ocrx_word' id='word_1_90' title='bbox 201 1652 260 1732; x_wconf 82' lang='lat' dir='ltr'><strong>lv,</strong></span> <span class='ocrx_word' id='word_1_91' title='bbox 284 1656 315 1732; x_wconf 89' lang='grc'><strong>2,</strong></span> <span class='ocrx_word' id='word_1_92' title='bbox 341 1658 376 1718; x_wconf 91' lang='lat' dir='ltr'><strong>l:</strong></span> <span class='ocrx_word' id='word_1_93' title='bbox 399 1672 494 1730; x_wconf 75' lang='lat' dir='ltr'><strong>egone</strong></span> <span class='ocrx_word' id='word_1_94' title='bbox 515 1657 589 1716; x_wconf 90' lang='lat' dir='ltr'><strong>haec</strong></span> <span class='ocrx_word' id='word_1_95' title='bbox 613 1651 673 1735; x_wconf 81' lang='lat' dir='ltr'><strong>[ut]</strong></span> <span class='ocrx_word' id='word_1_96' title='bbox 696 1659 796 1733; x_wconf 85' lang='lat' dir='ltr'><strong>patiar</strong></span> <span class='ocrx_word' id='word_1_97' title='bbox 818 1664 870 1718; x_wconf 86' lang='lat' dir='ltr'><strong>snt</strong></span> <span class='ocrx_word' id='word_1_98' title='bbox 891 1657 1031 1719; x_wconf 83' lang='lat' dir='ltr'><strong>taceam?</strong></span> <span class='ocrx_word' id='word_1_99' title='bbox 1060 1654 1100 1732; x_wconf 89' lang='lat' dir='ltr'><strong>V,</strong></span> <span class='ocrx_word' id='word_1_100' title='bbox 1123 1659 1153 1722; x_wconf 76' lang='grc'><strong>2,</strong></span> <span class='ocrx_word' id='word_1_101' title='bbox 1176 1661 1233 1721; x_wconf 85' lang='grc'><strong>34;</strong></span> <span class='ocrx_word' id='word_1_102' title='bbox 1256 1658 1359 1733; x_wconf 79' lang='lat' dir='ltr'><strong>Egooae</strong></span> 
     </span>
     <span class='ocr_line' id='line_1_13' title="bbox 200 1751 1362 1832; baseline 0 -17"><span class='ocrx_word' id='word_1_103' title='bbox 200 1757 237 1815; x_wconf 78' lang='lat' dir='ltr'><strong>ut</strong></span> <span class='ocrx_word' id='word_1_104' title='bbox 259 1770 319 1814; x_wconf 87' lang='lat' dir='ltr'><strong>uon</strong></span> <span class='ocrx_word' id='word_1_105' title='bbox 340 1753 429 1813; x_wconf 80' lang='lat' dir='ltr'><strong>domo</strong></span> <span class='ocrx_word' id='word_1_106' title='bbox 452 1756 538 1814; x_wconf 86' lang='lat' dir='ltr'><strong>uxori</strong></span> <span class='ocrx_word' id='word_1_107' title='bbox 560 1771 643 1815; x_wconf 86' lang='lat' dir='ltr'><strong>mese</strong></span> <span class='ocrx_word' id='word_1_108' title='bbox 666 1755 844 1830; x_wconf 83' lang='lat' dir='ltr'><strong>Subrnpiam</strong></span> <span class='ocrx_word' id='word_1_109' title='bbox 867 1759 944 1819; x_wconf 88' lang='lat' dir='ltr'><strong>cett.</strong></span> <span class='ocrx_word' id='word_1_110' title='bbox 967 1753 1040 1817; x_wconf 84' lang='lat' dir='ltr'><strong>Aul.</strong></span> <span class='ocrx_word' id='word_1_111' title='bbox 1063 1751 1119 1832; x_wconf 91' lang='lat' dir='ltr'><strong>IV,</strong></span> <span class='ocrx_word' id='word_1_112' title='bbox 1145 1760 1174 1827; x_wconf 84' lang='grc'><strong>7,</strong></span> <span class='ocrx_word' id='word_1_113' title='bbox 1198 1757 1235 1817; x_wconf 84' lang='lat'><strong>9:</strong></span> <span class='ocrx_word' id='word_1_114' title='bbox 1258 1757 1362 1831; x_wconf 70' lang='lat' dir='ltr'><strong>Egone</strong></span> 
     </span>
     <span class='ocr_line' id='line_1_14' title="bbox 199 1847 1362 1932; baseline 0.001 -18"><span class='ocrx_word' id='word_1_115' title='bbox 199 1856 236 1914; x_wconf 79' lang='lat' dir='ltr'><strong>sat</strong></span> <span class='ocrx_word' id='word_1_116' title='bbox 257 1858 289 1912; x_wconf 84' lang='lat' dir='ltr'><strong>te</strong></span> <span class='ocrx_word' id='word_1_117' title='bbox 311 1851 467 1911; x_wconf 59' lang='lat' dir='ltr'><strong>deorsum</strong></span> <span class='ocrx_word' id='word_1_118' title='bbox 491 1853 627 1925; x_wconf 87' lang='lat' dir='ltr'><strong>mentiar,</strong></span> <span class='ocrx_word' id='word_1_119' title='bbox 650 1862 748 1913; x_wconf 86' lang='lat' dir='ltr'><strong>mater</strong></span> <span class='ocrx_word' id='word_1_120' title='bbox 768 1852 856 1915; x_wconf 83' lang='lat' dir='ltr'><strong>msa?</strong></span> <span class='ocrx_word' id='word_1_121' title='bbox 878 1850 933 1928; x_wconf 66' lang='lat' dir='ltr'><strong>(idi</strong></span> <span class='ocrx_word' id='word_1_122' title='bbox 957 1847 1043 1932; x_wconf 70' lang='lat' dir='ltr'><strong>iusstt</strong></span> <span class='ocrx_word' id='word_1_123' title='bbox 1066 1850 1167 1932; x_wconf 76' lang='lat' dir='ltr'><strong>cett).</strong></span> <span class='ocrx_word' id='word_1_124' title='bbox 1211 1849 1306 1916; x_wconf 79' lang='lat' dir='ltr'><strong>Cure.</strong></span> <span class='ocrx_word' id='word_1_125' title='bbox 1322 1849 1362 1931; x_wconf 87' lang='lat' dir='ltr'><strong>V,</strong></span> 
     </span>
     <span class='ocr_line' id='line_1_15' title="bbox 202 1949 1363 2029; baseline -0.003 -15"><span class='ocrx_word' id='word_1_126' title='bbox 202 1953 234 2026; x_wconf 92' lang='grc'><strong>2,</strong></span> <span class='ocrx_word' id='word_1_127' title='bbox 261 1950 315 2011; x_wconf 82' lang='grc'><strong>18;</strong></span> <span class='ocrx_word' id='word_1_128' title='bbox 350 1949 459 2009; x_wconf 78' lang='lat' dir='ltr'><strong>Mesua</strong></span> <span class='ocrx_word' id='word_1_129' title='bbox 489 1951 600 2010; x_wconf 82' lang='lat' dir='ltr'><strong>anciila</strong></span> <span class='ocrx_word' id='word_1_130' title='bbox 620 1951 717 2011; x_wconf 86' lang='lat' dir='ltr'><strong>libera</strong></span> <span class='ocrx_word' id='word_1_131' title='bbox 738 1954 773 2011; x_wconf 82' lang='lat' dir='ltr'><strong>ut</strong></span> <span class='ocrx_word' id='word_1_132' title='bbox 795 1953 848 2025; x_wconf 86' lang='lat' dir='ltr'><strong>sit,</strong></span> <span class='ocrx_word' id='word_1_133' title='bbox 883 1969 972 2027; x_wconf 82' lang='lat' dir='ltr'><strong>qnam</strong></span> <span class='ocrx_word' id='word_1_134' title='bbox 995 1968 1050 2029; x_wconf 87' lang='lat' dir='ltr'><strong>ego</strong></span> <span class='ocrx_word' id='word_1_135' title='bbox 1081 1968 1238 2027; x_wconf 86' lang='lat' dir='ltr'><strong>numquam</strong></span> <span class='ocrx_word' id='word_1_136' title='bbox 1260 1951 1363 2013; x_wconf 63' lang='lat' dir='ltr'><strong>omasi</strong></span> 
     </span>
     <span class='ocr_line' id='line_1_16' title="bbox 201 2042 1364 2126; baseline 0 -16"><span class='ocrx_word' id='word_1_137' title='bbox 201 2044 313 2110; x_wconf 78' lang='lat' dir='ltr'><strong>mann?</strong></span> <span class='ocrx_word' id='word_1_138' title='bbox 343 2042 461 2107; x_wconf 84' lang='lat' dir='ltr'><strong>Bacch.</strong></span> <span class='ocrx_word' id='word_1_139' title='bbox 484 2042 528 2120; x_wconf 90' lang='grc' dir='ltr'><strong>ΙΙ,</strong></span> <span class='ocrx_word' id='word_1_140' title='bbox 552 2049 581 2121; x_wconf 91' lang='grc'><strong>2,</strong></span> <span class='ocrx_word' id='word_1_141' title='bbox 609 2050 663 2111; x_wconf 86' lang='grc'><strong>19;</strong></span> <span class='ocrx_word' id='word_1_142' title='bbox 686 2049 790 2123; x_wconf 74' lang='lat' dir='ltr'><strong>Egosac</strong></span> <span class='ocrx_word' id='word_1_143' title='bbox 810 2053 854 2122; x_wconf 81' lang='lat' dir='ltr'><strong>ut,</strong></span> <span class='ocrx_word' id='word_1_144' title='bbox 878 2050 956 2124; x_wconf 83' lang='lat' dir='ltr'><strong>quod</strong></span> <span class='ocrx_word' id='word_1_145' title='bbox 978 2049 1015 2109; x_wconf 83' lang='lat' dir='ltr'><strong>sb</strong></span> <span class='ocrx_word' id='word_1_146' title='bbox 1038 2050 1092 2110; x_wconf 89' lang='lat' dir='ltr'><strong>illo</strong></span> <span class='ocrx_word' id='word_1_147' title='bbox 1115 2048 1189 2126; x_wconf 89' lang='lat' dir='ltr'><strong>[me]</strong></span> <span class='ocrx_word' id='word_1_148' title='bbox 1212 2051 1364 2125; x_wconf 76' lang='lat' dir='ltr'><strong>attigisset</strong></span> 
     </span>
     <span class='ocr_line' id='line_1_17' title="bbox 204 2143 1361 2226; baseline 0.004 -21"><span class='ocrx_word' id='word_1_149' title='bbox 204 2146 338 2216; x_wconf 67' lang='lat' dir='ltr'><strong>sununs,</strong></span> <span class='ocrx_word' id='word_1_150' title='bbox 360 2145 428 2203; x_wconf 87' lang='lat' dir='ltr'><strong>Non</strong></span> <span class='ocrx_word' id='word_1_151' title='bbox 451 2145 633 2219; x_wconf 82' lang='lat' dir='ltr'><strong>inpetratum</strong></span> <span class='ocrx_word' id='word_1_152' title='bbox 656 2146 687 2205; x_wconf 89' lang='lat' dir='ltr'><strong>id</strong></span> <span class='ocrx_word' id='word_1_153' title='bbox 709 2146 881 2207; x_wconf 56' lang='lat' dir='ltr'><strong>&amp;venienti</strong></span> <span class='ocrx_word' id='word_1_154' title='bbox 903 2148 934 2208; x_wconf 91' lang='lat' dir='ltr'><strong>ei</strong></span> <span class='ocrx_word' id='word_1_155' title='bbox 960 2145 1139 2208; x_wconf 78' lang='lat' dir='ltr'><strong>redderem?</strong></span> <span class='ocrx_word' id='word_1_156' title='bbox 1183 2143 1243 2226; x_wconf 94' lang='grc' dir='ltr'><strong>ΠΙ,</strong></span> <span class='ocrx_word' id='word_1_157' title='bbox 1269 2151 1304 2226; x_wconf 90' lang='lat' dir='ltr'><strong>l,</strong></span> <span class='ocrx_word' id='word_1_158' title='bbox 1325 2147 1361 2210; x_wconf 84' lang='lat'><strong>8:</strong></span> 
     </span>
     <span class='ocr_line' id='line_1_18' title="bbox 199 2242 1362 2320; baseline 0.002 -17"><span class='ocrx_word' id='word_1_159' title='bbox 199 2244 307 2317; x_wconf 72' lang='lat' dir='ltr'><strong>Egone</strong></span> <span class='ocrx_word' id='word_1_160' title='bbox 334 2245 370 2301; x_wconf 83' lang='lat' dir='ltr'><strong>ut</strong></span> <span class='ocrx_word' id='word_1_161' title='bbox 396 2242 471 2302; x_wconf 82' lang='lat' dir='ltr'><strong>isaac</strong></span> <span class='ocrx_word' id='word_1_162' title='bbox 498 2245 656 2304; x_wconf 81' lang='lat' dir='ltr'><strong>conclusas</strong></span> <span class='ocrx_word' id='word_1_163' title='bbox 685 2253 799 2318; x_wconf 87' lang='lat' dir='ltr'><strong>gestem</strong></span> <span class='ocrx_word' id='word_1_164' title='bbox 827 2243 1022 2304; x_wconf 83' lang='lat' dir='ltr'><strong>clanculam?</strong></span> <span class='ocrx_word' id='word_1_165' title='bbox 1053 2248 1089 2304; x_wconf 83' lang='lat' dir='ltr'><strong>ut</strong></span> <span class='ocrx_word' id='word_1_166' title='bbox 1119 2246 1215 2305; x_wconf 80' lang='lat' dir='ltr'><strong>celem</strong></span> <span class='ocrx_word' id='word_1_167' title='bbox 1238 2251 1362 2320; x_wconf 79' lang='lat' dir='ltr'><strong>¹patrem</strong></span> 
     </span>
     <span class='ocr_line' id='line_1_19' title="bbox 202 2339 1362 2418; baseline 0 -13"><span class='ocrx_word' id='word_1_168' title='bbox 202 2341 277 2405; x_wconf 74' lang='lat' dir='ltr'><strong>cett</strong></span> <span class='ocrx_word' id='word_1_169' title='bbox 302 2343 332 2418; x_wconf 85' lang='lat'><strong>3,</strong></span> <span class='ocrx_word' id='word_1_170' title='bbox 354 2341 412 2403; x_wconf 88' lang='lat'><strong>86:</strong></span> <span class='ocrx_word' id='word_1_171' title='bbox 436 2358 527 2414; x_wconf 75' lang='lat' dir='ltr'><strong>egone</strong></span> <span class='ocrx_word' id='word_1_172' title='bbox 551 2339 610 2418; x_wconf 84' lang='lat' dir='ltr'><strong>[ut]</strong></span> <span class='ocrx_word' id='word_1_173' title='bbox 634 2343 716 2402; x_wconf 85' lang='lat' dir='ltr'><strong>iliam</strong></span> <span class='ocrx_word' id='word_1_174' title='bbox 739 2342 894 2402; x_wconf 86' lang='lat' dir='ltr'><strong>mulierem</strong></span> <span class='ocrx_word' id='word_1_175' title='bbox 916 2342 1032 2416; x_wconf 83' lang='lat' dir='ltr'><strong>Capitis</strong></span> <span class='ocrx_word' id='word_1_176' title='bbox 1055 2358 1115 2402; x_wconf 90' lang='lat' dir='ltr'><strong>non</strong></span> <span class='ocrx_word' id='word_1_177' title='bbox 1136 2341 1283 2417; x_wconf 80' lang='lat' dir='ltr'><strong>perdam?</strong></span> <span class='ocrx_word' id='word_1_178' title='bbox 1305 2340 1362 2412; x_wconf 87' lang='lat' dir='ltr'><strong>lv,</strong></span> 
     </span>
     <span class='ocr_line' id='line_1_20' title="bbox 205 2439 1361 2516; baseline -0.001 -15"><span class='ocrx_word' id='word_1_179' title='bbox 205 2439 312 2516; x_wconf 79' lang='lat' dir='ltr'><strong>t,16:</strong></span> <span class='ocrx_word' id='word_1_180' title='bbox 339 2439 441 2513; x_wconf 77' lang='lat' dir='ltr'><strong>Egone</strong></span> <span class='ocrx_word' id='word_1_181' title='bbox 469 2443 503 2500; x_wconf 80' lang='lat' dir='ltr'><strong>ut</strong></span> <span class='ocrx_word' id='word_1_182' title='bbox 529 2439 568 2499; x_wconf 82' lang='lat' dir='ltr'><strong>ad</strong></span> <span class='ocrx_word' id='word_1_183' title='bbox 593 2440 684 2499; x_wconf 85' lang='lat' dir='ltr'><strong>teob</strong></span> <span class='ocrx_word' id='word_1_184' title='bbox 715 2440 856 2500; x_wconf 85' lang='lat' dir='ltr'><strong>libertina</strong></span> <span class='ocrx_word' id='word_1_185' title='bbox 880 2456 947 2501; x_wconf 86' lang='lat' dir='ltr'><strong>esse</strong></span> <span class='ocrx_word' id='word_1_186' title='bbox 980 2439 1122 2501; x_wconf 84' lang='lat' dir='ltr'><strong>auderem</strong></span> <span class='ocrx_word' id='word_1_187' title='bbox 1150 2441 1361 2502; x_wconf 86' lang='lat' dir='ltr'><strong>internuntios.</strong></span> 
     </span>
     <span class='ocr_line' id='line_1_21' title="bbox 202 2531 1361 2616; baseline -0.002 -13"><span class='ocrx_word' id='word_1_188' title='bbox 202 2542 234 2607; x_wconf 76' lang='grc'><strong>3,</strong></span> <span class='ocrx_word' id='word_1_189' title='bbox 259 2539 298 2600; x_wconf 89' lang='grc'><strong>21</strong></span> <span class='ocrx_word' id='word_1_190' title='bbox 322 2531 380 2616; x_wconf 88' lang='lat'><strong>(=</strong></span> <span class='ocrx_word' id='word_1_191' title='bbox 400 2553 429 2598; x_wconf 83' lang='lat' dir='ltr'><strong>v.</strong></span> <span class='ocrx_word' id='word_1_192' title='bbox 453 2533 546 2614; x_wconf 79' lang='grc'>637);</span> <span class='ocrx_word' id='word_1_193' title='bbox 569 2554 662 2613; x_wconf 77' lang='lat' dir='ltr'><strong>egone</strong></span> <span class='ocrx_word' id='word_1_194' title='bbox 682 2542 718 2598; x_wconf 82' lang='lat' dir='ltr'><strong>ut</strong></span> <span class='ocrx_word' id='word_1_195' title='bbox 740 2554 828 2613; x_wconf 85' lang='lat' dir='ltr'><strong>opem</strong></span> <span class='ocrx_word' id='word_1_196' title='bbox 850 2535 932 2599; x_wconf 83' lang='lat' dir='ltr'><strong>terra</strong></span> <span class='ocrx_word' id='word_1_197' title='bbox 953 2545 1056 2614; x_wconf 82' lang='lat' dir='ltr'><strong>putem</strong></span> <span class='ocrx_word' id='word_1_198' title='bbox 1087 2538 1160 2598; x_wconf 83' lang='lat' dir='ltr'><strong>mihi</strong></span> <span class='ocrx_word' id='word_1_199' title='bbox 1182 2540 1275 2601; x_wconf 85' lang='lat' dir='ltr'><strong>Posse</strong></span> <span class='ocrx_word' id='word_1_200' title='bbox 1296 2540 1361 2601; x_wconf 88' lang='lat' dir='ltr'><strong>ino·</strong></span> 
     </span>
     <span class='ocr_line' id='line_1_22' title="bbox 187 2631 1361 2714; baseline 0.003 -17"><span class='ocrx_word' id='word_1_201' title='bbox 187 2635 349 2713; x_wconf 62' lang='lat' dir='ltr'><strong>¹poenite?</strong></span> <span class='ocrx_word' id='word_1_202' title='bbox 393 2631 448 2712; x_wconf 92' lang='grc' dir='ltr'><strong>Ν,</strong></span> <span class='ocrx_word' id='word_1_203' title='bbox 471 2635 501 2711; x_wconf 88' lang='grc'><strong>8,</strong></span> <span class='ocrx_word' id='word_1_204' title='bbox 527 2639 558 2697; x_wconf 89' lang='lat' dir='ltr'><strong>l:</strong></span> <span class='ocrx_word' id='word_1_205' title='bbox 585 2636 723 2696; x_wconf 79' lang='lat' dir='ltr'><strong>Mesmuc</strong></span> <span class='ocrx_word' id='word_1_206' title='bbox 742 2668 787 2679; x_wconf 92' lang='lat'>—</span> <span class='ocrx_word' id='word_1_207' title='bbox 807 2641 843 2697; x_wconf 83' lang='lat' dir='ltr'><strong>ut</strong></span> <span class='ocrx_word' id='word_1_208' title='bbox 863 2637 1004 2697; x_wconf 87' lang='lat' dir='ltr'><strong>retineat.</strong></span> <span class='ocrx_word' id='word_1_209' title='bbox 1040 2632 1156 2699; x_wconf 74' lang='lat' dir='ltr'><strong>Pseud,</strong></span> <span class='ocrx_word' id='word_1_210' title='bbox 1179 2632 1207 2714; x_wconf 91' lang='lat'><strong>1,</strong></span> <span class='ocrx_word' id='word_1_211' title='bbox 1230 2639 1261 2714; x_wconf 79' lang='lat'><strong>5,</strong></span> <span class='ocrx_word' id='word_1_212' title='bbox 1286 2638 1361 2701; x_wconf 89' lang='lat'>101:</span> 
     </span>
     <span class='ocr_line' id='line_1_23' title="bbox 200 2731 1363 2821; baseline 0.002 -26"><span class='ocrx_word' id='word_1_213' title='bbox 200 2736 307 2810; x_wconf 76' lang='lat' dir='ltr'><strong>Egone</strong></span> <span class='ocrx_word' id='word_1_214' title='bbox 326 2737 362 2795; x_wconf 77' lang='lat' dir='ltr'><strong>art</strong></span> <span class='ocrx_word' id='word_1_215' title='bbox 382 2749 488 2794; x_wconf 83' lang='lat' dir='ltr'><strong>carere</strong></span> <span class='ocrx_word' id='word_1_216' title='bbox 512 2750 667 2808; x_wconf 83' lang='lat' dir='ltr'><strong>nequeam,</strong></span> <span class='ocrx_word' id='word_1_217' title='bbox 690 2736 759 2809; x_wconf 87' lang='lat' dir='ltr'><strong>quoi</strong></span> <span class='ocrx_word' id='word_1_218' title='bbox 777 2734 984 2811; x_wconf 78' lang='lat' dir='ltr'><strong>praedicitur?</strong></span> <span class='ocrx_word' id='word_1_219' title='bbox 1006 2731 1092 2796; x_wconf 86' lang='lat' dir='ltr'><strong>Trin.</strong></span> <span class='ocrx_word' id='word_1_220' title='bbox 1108 2750 1137 2821; x_wconf 78' lang='lat' dir='ltr'><strong>u.</strong></span> <span class='ocrx_word' id='word_1_221' title='bbox 1159 2735 1237 2798; x_wconf 79' lang='lat'><strong>378:</strong></span> <span class='ocrx_word' id='word_1_222' title='bbox 1261 2736 1363 2811; x_wconf 75' lang='lat' dir='ltr'><strong>agone</strong></span> 
     </span>
     <span class='ocr_line' id='line_1_24' title="bbox 202 2829 1363 2911; baseline 0.002 -17"><span class='ocrx_word' id='word_1_223' title='bbox 202 2832 370 2894; x_wconf 78' lang='lat' dir='ltr'><strong>indotatam</strong></span> <span class='ocrx_word' id='word_1_224' title='bbox 394 2839 423 2891; x_wconf 89' lang='lat' dir='ltr'><strong>to</strong></span> <span class='ocrx_word' id='word_1_225' title='bbox 447 2848 568 2891; x_wconf 88' lang='lat' dir='ltr'><strong>uxorem</strong></span> <span class='ocrx_word' id='word_1_226' title='bbox 590 2835 626 2892; x_wconf 84' lang='lat' dir='ltr'><strong>ut</strong></span> <span class='ocrx_word' id='word_1_227' title='bbox 645 2832 767 2906; x_wconf 73' lang='lat' dir='ltr'><strong>penu?</strong></span> <span class='ocrx_word' id='word_1_228' title='bbox 811 2829 906 2896; x_wconf 86' lang='lat' dir='ltr'><strong>Truc.</strong></span> <span class='ocrx_word' id='word_1_229' title='bbox 929 2829 981 2911; x_wconf 88' lang='lat'><strong>11,</strong></span> <span class='ocrx_word' id='word_1_230' title='bbox 1002 2837 1039 2911; x_wconf 84' lang='lat'><strong>4,</strong></span> <span class='ocrx_word' id='word_1_231' title='bbox 1062 2834 1120 2896; x_wconf 80' lang='lat'><strong>87:</strong></span> <span class='ocrx_word' id='word_1_232' title='bbox 1153 2834 1258 2910; x_wconf 75' lang='lat' dir='ltr'><strong>Egone</strong></span> <span class='ocrx_word' id='word_1_233' title='bbox 1279 2834 1363 2896; x_wconf 87' lang='lat' dir='ltr'><strong>illam</strong></span> 
     </span>
     <span class='ocr_line' id='line_1_25' title="bbox 201 2927 1363 3007; baseline 0.003 -15"><span class='ocrx_word' id='word_1_234' title='bbox 201 2936 240 2993; x_wconf 80' lang='lat' dir='ltr'><strong>sat</strong></span> <span class='ocrx_word' id='word_1_235' title='bbox 256 2948 317 3007; x_wconf 85' lang='lat' dir='ltr'><strong>ron</strong></span> <span class='ocrx_word' id='word_1_236' title='bbox 339 2930 454 2990; x_wconf 79' lang='lat' dir='ltr'><strong>amem?</strong></span> <span class='ocrx_word' id='word_1_237' title='bbox 480 2945 574 3004; x_wconf 67' lang='grc' dir='ltr'><strong>οςοηο</strong></span> <span class='ocrx_word' id='word_1_238' title='bbox 600 2930 646 2990; x_wconf 87' lang='lat' dir='ltr'><strong>illi</strong></span> <span class='ocrx_word' id='word_1_239' title='bbox 667 2935 702 2991; x_wconf 80' lang='lat' dir='ltr'><strong>ut</strong></span> <span class='ocrx_word' id='word_1_240' title='bbox 723 2948 782 2991; x_wconf 92' lang='lat' dir='ltr'><strong>non</strong></span> <span class='ocrx_word' id='word_1_241' title='bbox 806 2931 883 2991; x_wconf 85' lang='lat' dir='ltr'><strong>bena</strong></span> <span class='ocrx_word' id='word_1_242' title='bbox 909 2927 1018 2993; x_wconf 68' lang='lat' dir='ltr'><strong>velim?</strong></span> <span class='ocrx_word' id='word_1_243' title='bbox 1062 2927 1190 2993; x_wconf 86' lang='lat' dir='ltr'><strong>Terent.</strong></span> <span class='ocrx_word' id='word_1_244' title='bbox 1213 2929 1314 2995; x_wconf 77' lang='lat' dir='ltr'><strong>Andr.</strong></span> <span class='ocrx_word' id='word_1_245' title='bbox 1336 2929 1363 3007; x_wconf 91' lang='lat'><strong>1,</strong></span> 
     </span>
     <span class='ocr_line' id='line_1_26' title="bbox 205 3024 1362 3105; baseline -0.002 -11"><span class='ocrx_word' id='word_1_246' title='bbox 205 3033 243 3101; x_wconf 74' lang='lat' dir='ltr'><strong>t,</strong></span> <span class='ocrx_word' id='word_1_247' title='bbox 265 3029 322 3093; x_wconf 79' lang='lat'><strong>28:</strong></span> <span class='ocrx_word' id='word_1_248' title='bbox 356 3030 423 3088; x_wconf 75' lang='lat' dir='ltr'><strong>sisto</strong></span> <span class='ocrx_word' id='word_1_249' title='bbox 444 3043 500 3102; x_wconf 86' lang='lat' dir='ltr'><strong>ego</strong></span> <span class='ocrx_word' id='word_1_250' title='bbox 520 3027 737 3089; x_wconf 68' lang='lat' dir='ltr'><strong>utadmser?</strong></span> <span class='ocrx_word' id='word_1_251' title='bbox 781 3024 910 3091; x_wconf 88' lang='lat' dir='ltr'><strong>Phorm.</strong></span> <span class='ocrx_word' id='word_1_252' title='bbox 937 3024 987 3105; x_wconf 92' lang='grc' dir='ltr'><strong>ΙΙ,</strong></span> <span class='ocrx_word' id='word_1_253' title='bbox 1021 3032 1052 3098; x_wconf 87' lang='lat'><strong>1,</strong></span> <span class='ocrx_word' id='word_1_254' title='bbox 1075 3032 1133 3091; x_wconf 78' lang='lat'><strong>74:</strong></span> <span class='ocrx_word' id='word_1_255' title='bbox 1169 3028 1362 3105; x_wconf 82' lang='lat' dir='ltr'><strong>Egon-iliam</strong></span> 
     </span>
     <span class='ocr_line' id='line_1_27' title="bbox 205 3122 1365 3204; baseline 0 -15"><span class='ocrx_word' id='word_1_256' title='bbox 205 3144 274 3189; x_wconf 84' lang='lat' dir='ltr'><strong>anm</strong></span> <span class='ocrx_word' id='word_1_257' title='bbox 296 3128 350 3188; x_wconf 89' lang='lat' dir='ltr'><strong>illu</strong></span> <span class='ocrx_word' id='word_1_258' title='bbox 371 3131 406 3188; x_wconf 80' lang='lat' dir='ltr'><strong>ut</strong></span> <span class='ocrx_word' id='word_1_259' title='bbox 425 3127 525 3201; x_wconf 80' lang='lat' dir='ltr'><strong>patiar</strong></span> <span class='ocrx_word' id='word_1_260' title='bbox 547 3132 668 3200; x_wconf 84' lang='lat' dir='ltr'><strong>nuptum</strong></span> <span class='ocrx_word' id='word_1_261' title='bbox 692 3143 780 3186; x_wconf 87' lang='lat' dir='ltr'><strong>annm</strong></span> <span class='ocrx_word' id='word_1_262' title='bbox 805 3125 905 3188; x_wconf 82' lang='lat' dir='ltr'><strong>diem?</strong></span> <span class='ocrx_word' id='word_1_263' title='bbox 949 3122 990 3204; x_wconf 91' lang='lat' dir='ltr'><strong>V,</strong></span> <span class='ocrx_word' id='word_1_264' title='bbox 1012 3127 1047 3203; x_wconf 90' lang='grc'><strong>8,</strong></span> <span class='ocrx_word' id='word_1_265' title='bbox 1071 3126 1126 3188; x_wconf 80' lang='lat'><strong>62:</strong></span> <span class='ocrx_word' id='word_1_266' title='bbox 1148 3127 1256 3187; x_wconf 73' lang='lat' dir='ltr'><strong>Hicine</strong></span> <span class='ocrx_word' id='word_1_267' title='bbox 1282 3132 1317 3189; x_wconf 80' lang='lat' dir='ltr'><strong>ut</strong></span> <span class='ocrx_word' id='word_1_268' title='bbox 1345 3147 1365 3189; x_wconf 85' lang='lat' dir='ltr'><strong>a</strong></span> 
     </span>
     <span class='ocr_line' id='line_1_28' title="bbox 204 3221 1363 3304; baseline 0.003 -17"><span class='ocrx_word' id='word_1_269' title='bbox 204 3226 293 3287; x_wconf 79' lang='lat' dir='ltr'><strong>nobis</strong></span> <span class='ocrx_word' id='word_1_270' title='bbox 314 3226 371 3287; x_wconf 84' lang='lat' dir='ltr'><strong>hoc</strong></span> <span class='ocrx_word' id='word_1_271' title='bbox 402 3232 516 3284; x_wconf 87' lang='lat' dir='ltr'><strong>tantum</strong></span> <span class='ocrx_word' id='word_1_272' title='bbox 544 3225 661 3298; x_wconf 85' lang='lat' dir='ltr'><strong>argenti</strong></span> <span class='ocrx_word' id='word_1_273' title='bbox 687 3221 805 3284; x_wconf 83' lang='lat' dir='ltr'><strong>auferat</strong></span> <span class='ocrx_word' id='word_1_274' title='bbox 834 3223 907 3284; x_wconf 87' lang='lat' dir='ltr'><strong>Tam</strong></span> <span class='ocrx_word' id='word_1_275' title='bbox 935 3230 1040 3300; x_wconf 80' lang='lat' dir='ltr'><strong>aperte</strong></span> <span class='ocrx_word' id='word_1_276' title='bbox 1074 3223 1229 3285; x_wconf 83' lang='lat' dir='ltr'><strong>inridens?</strong></span> <span class='ocrx_word' id='word_1_277' title='bbox 1273 3229 1303 3304; x_wconf 90' lang='grc'><strong>9,</strong></span> <span class='ocrx_word' id='word_1_278' title='bbox 1327 3228 1363 3290; x_wconf 82' lang='lat'><strong>3:</strong></span> 
     </span>
     <span class='ocr_line' id='line_1_29' title="bbox 204 3320 1363 3398; baseline 0 -13"><span class='ocrx_word' id='word_1_279' title='bbox 204 3323 313 3385; x_wconf 80' lang='lat' dir='ltr'><strong>Hieisae</strong></span> <span class='ocrx_word' id='word_1_280' title='bbox 343 3326 382 3381; x_wconf 82' lang='lat' dir='ltr'><strong>ut</strong></span> <span class='ocrx_word' id='word_1_281' title='bbox 413 3323 469 3382; x_wconf 85' lang='lat' dir='ltr'><strong>tibi</strong></span> <span class='ocrx_word' id='word_1_282' title='bbox 494 3320 686 3398; x_wconf 84' lang='lat' dir='ltr'><strong>respondeat.</strong></span> <span class='ocrx_word' id='word_1_283' title='bbox 731 3322 766 3397; x_wconf 88' lang='grc'><strong>6,</strong></span> <span class='ocrx_word' id='word_1_284' title='bbox 797 3324 854 3385; x_wconf 85' lang='lat'><strong>34:</strong></span> <span class='ocrx_word' id='word_1_285' title='bbox 888 3323 957 3382; x_wconf 76' lang='lat' dir='ltr'><strong>utin</strong></span> <span class='ocrx_word' id='word_1_286' title='bbox 988 3321 1064 3383; x_wconf 82' lang='lat' dir='ltr'><strong>haec</strong></span> <span class='ocrx_word' id='word_1_287' title='bbox 1096 3321 1251 3396; x_wconf 85' lang='lat' dir='ltr'><strong>ignoraret</strong></span> <span class='ocrx_word' id='word_1_288' title='bbox 1278 3341 1363 3385; x_wconf 87' lang='lat' dir='ltr'><strong>suom</strong></span> 
     </span>
     <span class='ocr_line' id='line_1_30' title="bbox 204 3417 1234 3498; baseline -0.002 -15"><span class='ocrx_word' id='word_1_289' title='bbox 204 3419 348 3498; x_wconf 59' lang='lat' dir='ltr'><strong>patrem</strong></span> <span class='ocrx_word' id='word_1_290' title='bbox 392 3418 470 3484; x_wconf 81' lang='lat' dir='ltr'><strong>Heo</strong></span> <span class='ocrx_word' id='word_1_291' title='bbox 491 3417 518 3495; x_wconf 89' lang='lat'><strong>1,</strong></span> <span class='ocrx_word' id='word_1_292' title='bbox 542 3425 569 3495; x_wconf 92' lang='lat' dir='ltr'><strong>l,</strong></span> <span class='ocrx_word' id='word_1_293' title='bbox 593 3423 630 3484; x_wconf 85' lang='lat'><strong>9:</strong></span> <span class='ocrx_word' id='word_1_294' title='bbox 655 3420 731 3481; x_wconf 78' lang='lat' dir='ltr'><strong>Utin</strong></span> <span class='ocrx_word' id='word_1_295' title='bbox 752 3421 891 3481; x_wconf 85' lang='lat' dir='ltr'><strong>eximium</strong></span> <span class='ocrx_word' id='word_1_296' title='bbox 914 3423 1062 3481; x_wconf 85' lang='lat' dir='ltr'><strong>neminem</strong></span> <span class='ocrx_word' id='word_1_297' title='bbox 1084 3417 1234 3481; x_wconf 85' lang='lat' dir='ltr'><strong>habeam?</strong></span> 
     </span>
    </p>

    <p class='ocr_par' dir='ltr' id='par_1_5' title="bbox 194 3513 1365 4088">
     <span class='ocr_line' id='line_1_31' title="bbox 291 3513 1362 3597; baseline -0.003 -15"><span class='ocrx_word' id='word_1_298' title='bbox 291 3514 313 3581; x_wconf 87' lang='lat' dir='ltr'><strong>i.</strong></span> <span class='ocrx_word' id='word_1_299' title='bbox 357 3516 529 3582; x_wconf 83' lang='lat' dir='ltr'><strong>Diversum</strong></span> <span class='ocrx_word' id='word_1_300' title='bbox 550 3521 616 3597; x_wconf 86' lang='lat' dir='ltr'><strong>est,</strong></span> <span class='ocrx_word' id='word_1_301' title='bbox 648 3515 677 3580; x_wconf 91' lang='lat' dir='ltr'><strong>si</strong></span> <span class='ocrx_word' id='word_1_302' title='bbox 705 3515 740 3580; x_wconf 93' lang='lat' dir='ltr'><strong>in</strong></span> <span class='ocrx_word' id='word_1_303' title='bbox 765 3515 876 3581; x_wconf 90' lang='lat' dir='ltr'><strong>interr.</strong></span> <span class='ocrx_word' id='word_1_304' title='bbox 905 3533 977 3582; x_wconf 89' lang='lat' dir='ltr'><strong>cnm</strong></span> <span class='ocrx_word' id='word_1_305' title='bbox 999 3535 1037 3579; x_wconf 78' lang='lat' dir='ltr'><strong>ac</strong></span> <span class='ocrx_word' id='word_1_306' title='bbox 1063 3518 1146 3596; x_wconf 82' lang='lat' dir='ltr'><strong>part</strong></span> <span class='ocrx_word' id='word_1_307' title='bbox 1169 3531 1234 3580; x_wconf 82' lang='lat' dir='ltr'><strong>aco</strong></span> <span class='ocrx_word' id='word_1_308' title='bbox 1257 3532 1284 3580; x_wconf 88' lang='lat' dir='ltr'><strong>c.</strong></span> <span class='ocrx_word' id='word_1_309' title='bbox 1307 3513 1362 3581; x_wconf 80' lang='lat' dir='ltr'><strong>ini.</strong></span> 
     </span>
     <span class='ocr_line' id='line_1_32' title="bbox 194 3612 1361 3697; baseline -0.003 -16"><span class='ocrx_word' id='word_1_310' title='bbox 194 3612 356 3697; x_wconf 70' lang='lat' dir='ltr'><strong>noritur,</strong></span> <span class='ocrx_word' id='word_1_311' title='bbox 384 3613 425 3679; x_wconf 86' lang='lat' dir='ltr'><strong>de</strong></span> <span class='ocrx_word' id='word_1_312' title='bbox 447 3631 512 3695; x_wconf 85' lang='lat' dir='ltr'><strong>qna</strong></span> <span class='ocrx_word' id='word_1_313' title='bbox 531 3632 569 3679; x_wconf 91' lang='lat' dir='ltr'><strong>re</strong></span> <span class='ocrx_word' id='word_1_314' title='bbox 590 3613 779 3680; x_wconf 86' lang='lat' dir='ltr'><strong>Luebkerns</strong></span> <span class='ocrx_word' id='word_1_315' title='bbox 807 3614 847 3679; x_wconf 91' lang='lat' dir='ltr'><strong>de</strong></span> <span class='ocrx_word' id='word_1_316' title='bbox 869 3632 930 3678; x_wconf 88' lang='lat' dir='ltr'><strong>usu</strong></span> <span class='ocrx_word' id='word_1_317' title='bbox 952 3612 1006 3679; x_wconf 83' lang='lat' dir='ltr'><strong>int</strong></span> <span class='ocrx_word' id='word_1_318' title='bbox 1030 3613 1133 3679; x_wconf 82' lang='lat' dir='ltr'><strong>Plaut</strong></span> <span class='ocrx_word' id='word_1_319' title='bbox 1157 3630 1187 3693; x_wconf 88' lang='lat' dir='ltr'><strong>p.</strong></span> <span class='ocrx_word' id='word_1_320' title='bbox 1211 3616 1268 3678; x_wconf 80' lang='lat'><strong>28:</strong></span> <span class='ocrx_word' id='word_1_321' title='bbox 1303 3612 1361 3693; x_wconf 86' lang='lat' dir='ltr'><strong>„Si</strong></span> 
     </span>
     <span class='ocr_line' id='line_1_33' title="bbox 204 3710 1364 3793; baseline -0.003 -14"><span class='ocrx_word' id='word_1_322' title='bbox 204 3711 368 3779; x_wconf 70' lang='lat' dir='ltr'><strong>enuncmti</strong></span> <span class='ocrx_word' id='word_1_323' title='bbox 388 3730 490 3777; x_wconf 83' lang='lat' dir='ltr'><strong>nexus</strong></span> <span class='ocrx_word' id='word_1_324' title='bbox 512 3713 545 3776; x_wconf 92' lang='lat' dir='ltr'><strong>in</strong></span> <span class='ocrx_word' id='word_1_325' title='bbox 566 3713 637 3778; x_wconf 89' lang='lat' dir='ltr'><strong>sola</strong></span> <span class='ocrx_word' id='word_1_326' title='bbox 658 3711 854 3793; x_wconf 86' lang='lat' dir='ltr'><strong>cogitatione</strong></span> <span class='ocrx_word' id='word_1_327' title='bbox 868 3711 1025 3789; x_wconf 66' lang='lat' dir='ltr'><strong>conastit,</strong></span> <span class='ocrx_word' id='word_1_328' title='bbox 1047 3726 1143 3791; x_wconf 87' lang='lat' dir='ltr'><strong>quam</strong></span> <span class='ocrx_word' id='word_1_329' title='bbox 1158 3710 1260 3776; x_wconf 91' lang='lat' dir='ltr'><strong>menti</strong></span> <span class='ocrx_word' id='word_1_330' title='bbox 1273 3726 1364 3776; x_wconf 85' lang='lat' dir='ltr'><strong>meae</strong></span> 
     </span>
     <span class='ocr_line' id='line_1_34' title="bbox 205 3805 1365 3889; baseline -0.004 -11"><span class='ocrx_word' id='word_1_331' title='bbox 205 3811 430 3878; x_wconf 80' lang='lat' dir='ltr'><strong>obversantem</strong></span> <span class='ocrx_word' id='word_1_332' title='bbox 453 3810 608 3876; x_wconf 52' lang='lat' dir='ltr'><strong>&amp;dubito</strong></span> <span class='ocrx_word' id='word_1_333' title='bbox 630 3817 664 3875; x_wconf 90' lang='lat' dir='ltr'><strong>et</strong></span> <span class='ocrx_word' id='word_1_334' title='bbox 685 3811 826 3876; x_wconf 86' lang='lat' dir='ltr'><strong>admiror</strong></span> <span class='ocrx_word' id='word_1_335' title='bbox 847 3817 881 3874; x_wconf 89' lang='lat' dir='ltr'><strong>et</strong></span> <span class='ocrx_word' id='word_1_336' title='bbox 902 3806 973 3874; x_wconf 85' lang='lat' dir='ltr'><strong>fieri</strong></span> <span class='ocrx_word' id='word_1_337' title='bbox 995 3826 1090 3889; x_wconf 82' lang='lat' dir='ltr'><strong>posse</strong></span> <span class='ocrx_word' id='word_1_338' title='bbox 1106 3805 1226 3879; x_wconf 80' lang='lat' dir='ltr'><strong>diffido,</strong></span> <span class='ocrx_word' id='word_1_339' title='bbox 1248 3825 1314 3874; x_wconf 84' lang='lat' dir='ltr'><strong>soc.</strong></span> <span class='ocrx_word' id='word_1_340' title='bbox 1330 3813 1365 3873; x_wconf 87' lang='lat' dir='ltr'><strong>et</strong></span> 
     </span>
     <span class='ocr_line' id='line_1_35' title="bbox 204 3907 1362 3987; baseline -0.007 -10"><span class='ocrx_word' id='word_1_341' title='bbox 204 3908 260 3977; x_wconf 65' lang='grc' dir='ltr'><strong>Ιιί</strong></span> <span class='ocrx_word' id='word_1_342' title='bbox 283 3908 438 3977; x_wconf 77' lang='lat' dir='ltr'><strong>utendum</strong></span> <span class='ocrx_word' id='word_1_343' title='bbox 460 3908 541 3975; x_wconf 77' lang='lat' dir='ltr'><strong>est“</strong></span> <span class='ocrx_word' id='word_1_344' title='bbox 573 3907 679 3973; x_wconf 76' lang='lat' dir='ltr'><strong>Pinus</strong></span> <span class='ocrx_word' id='word_1_345' title='bbox 701 3908 789 3973; x_wconf 82' lang='lat' dir='ltr'><strong>Asin.</strong></span> <span class='ocrx_word' id='word_1_346' title='bbox 811 3908 838 3987; x_wconf 85' lang='grc' dir='ltr'><strong>Ι,</strong></span> <span class='ocrx_word' id='word_1_347' title='bbox 861 3913 891 3987; x_wconf 80' lang='grc'><strong>3,</strong></span> <span class='ocrx_word' id='word_1_348' title='bbox 915 3910 1128 3974; x_wconf 82' lang='lat' dir='ltr'><strong>73:·Hsecine</strong></span> <span class='ocrx_word' id='word_1_349' title='bbox 1144 3916 1176 3970; x_wconf 85' lang='lat' dir='ltr'><strong>te</strong></span> <span class='ocrx_word' id='word_1_350' title='bbox 1198 3925 1265 3970; x_wconf 82' lang='lat' dir='ltr'><strong>essa</strong></span> <span class='ocrx_word' id='word_1_351' title='bbox 1287 3909 1362 3970; x_wconf 85' lang='lat' dir='ltr'><strong>obli·</strong></span> 
     </span>
     <span class='ocr_line' id='line_1_36' title="bbox 205 4004 1363 4088; baseline -0.006 -14"><span class='ocrx_word' id='word_1_352' title='bbox 205 4022 280 4074; x_wconf 78' lang='lat' dir='ltr'><strong>tam</strong></span> <span class='ocrx_word' id='word_1_353' title='bbox 302 4006 376 4072; x_wconf 79' lang='lat' dir='ltr'><strong>auu</strong></span> <span class='ocrx_word' id='word_1_354' title='bbox 397 4004 454 4088; x_wconf 88' lang='grc' dir='ltr'><strong>Ν,</strong></span> <span class='ocrx_word' id='word_1_355' title='bbox 482 4011 531 4083; x_wconf 90' lang='grc'><strong>10,</strong></span> <span class='ocrx_word' id='word_1_356' title='bbox 556 4009 613 4072; x_wconf 82' lang='lat'><strong>16:</strong></span> <span class='ocrx_word' id='word_1_357' title='bbox 635 4009 708 4069; x_wconf 82' lang='lat' dir='ltr'><strong>Cum</strong></span> <span class='ocrx_word' id='word_1_358' title='bbox 729 4009 839 4070; x_wconf 84' lang='lat' dir='ltr'><strong>istacin</strong></span> <span class='ocrx_word' id='word_1_359' title='bbox 861 4016 892 4069; x_wconf 85' lang='lat' dir='ltr'><strong>to</strong></span> <span class='ocrx_word' id='word_1_360' title='bbox 915 4009 1051 4069; x_wconf 84' lang='lat' dir='ltr'><strong>oratione</strong></span> <span class='ocrx_word' id='word_1_361' title='bbox 1068 4007 1126 4068; x_wconf 86' lang='lat' dir='ltr'><strong>huc</strong></span> <span class='ocrx_word' id='word_1_362' title='bbox 1149 4008 1188 4069; x_wconf 85' lang='lat' dir='ltr'><strong>ad</strong></span> <span class='ocrx_word' id='word_1_363' title='bbox 1208 4024 1256 4069; x_wconf 87' lang='lat' dir='ltr'><strong>me</strong></span> <span class='ocrx_word' id='word_1_364' title='bbox 1279 4007 1363 4068; x_wconf 84' lang='lat' dir='ltr'><strong>adira</strong></span> 
     </span>
    </p>
   </div>
   <div class='ocr_carea' id='block_1_3' title="bbox 203 4101 1367 4481">
    <p class='ocr_par' dir='ltr' id='par_1_6' title="bbox 203 4101 1367 4481">
     <span class='ocr_line' id='line_1_37' title="bbox 205 4101 1364 4187; baseline -0.007 -14"><span class='ocrx_word' id='word_1_365' title='bbox 205 4124 321 4187; x_wconf 77' lang='lat' dir='ltr'><strong>mum,</strong></span> <span class='ocrx_word' id='word_1_366' title='bbox 343 4106 525 4182; x_wconf 83' lang='lat' dir='ltr'><strong>impudens?</strong></span> <span class='ocrx_word' id='word_1_367' title='bbox 556 4101 648 4170; x_wconf 79' lang='lat' dir='ltr'><strong>Curc-</strong></span> <span class='ocrx_word' id='word_1_368' title='bbox 670 4104 697 4183; x_wconf 93' lang='grc' dir='ltr'><strong>Ι,</strong></span> <span class='ocrx_word' id='word_1_369' title='bbox 720 4107 751 4185; x_wconf 79' lang='grc'><strong>3,</strong></span> <span class='ocrx_word' id='word_1_370' title='bbox 770 4109 829 4168; x_wconf 82' lang='lat'><strong>44:</strong></span> <span class='ocrx_word' id='word_1_371' title='bbox 852 4107 971 4167; x_wconf 84' lang='lat' dir='ltr'><strong>Hocine</strong></span> <span class='ocrx_word' id='word_1_372' title='bbox 989 4105 1057 4166; x_wconf 80' lang='lat' dir='ltr'><strong>fieri</strong></span> <span class='ocrx_word' id='word_1_373' title='bbox 1079 4113 1112 4165; x_wconf 88' lang='lat' dir='ltr'><strong>nt</strong></span> <span class='ocrx_word' id='word_1_374' title='bbox 1133 4104 1310 4166; x_wconf 83' lang='lat' dir='ltr'><strong>inmodestia</strong></span> <span class='ocrx_word' id='word_1_375' title='bbox 1333 4111 1364 4165; x_wconf 87' lang='lat' dir='ltr'><strong>to</strong></span> 
     </span>
     <span class='ocr_line' id='line_1_38' title="bbox 205 4200 1363 4281; baseline -0.005 -12"><span class='ocrx_word' id='word_1_376' title='bbox 205 4202 256 4269; x_wconf 78' lang='lat' dir='ltr'><strong>hi&#39;o</strong></span> <span class='ocrx_word' id='word_1_377' title='bbox 276 4207 443 4270; x_wconf 82' lang='lat' dir='ltr'><strong>modereris</strong></span> <span class='ocrx_word' id='word_1_378' title='bbox 465 4203 618 4268; x_wconf 82' lang='lat' dir='ltr'><strong>moribus?</strong></span> <span class='ocrx_word' id='word_1_379' title='bbox 664 4201 719 4281; x_wconf 90' lang='grc' dir='ltr'><strong>Ν,</strong></span> <span class='ocrx_word' id='word_1_380' title='bbox 741 4204 774 4276; x_wconf 79' lang='lat'><strong>4,</strong></span> <span class='ocrx_word' id='word_1_381' title='bbox 797 4205 859 4267; x_wconf 81' lang='lat'><strong>33:¹</strong></span> <span class='ocrx_word' id='word_1_382' title='bbox 877 4204 953 4264; x_wconf 88' lang='lat' dir='ltr'><strong>sicin</strong></span> <span class='ocrx_word' id='word_1_383' title='bbox 974 4202 1048 4263; x_wconf 84' lang='lat' dir='ltr'><strong>mihi</strong></span> <span class='ocrx_word' id='word_1_384' title='bbox 1068 4220 1135 4264; x_wconf 86' lang='lat' dir='ltr'><strong>esse</strong></span> <span class='ocrx_word' id='word_1_385' title='bbox 1157 4220 1191 4265; x_wconf 91' lang='lat' dir='ltr'><strong>os</strong></span> <span class='ocrx_word' id='word_1_386' title='bbox 1214 4200 1363 4264; x_wconf 75' lang='lat' dir='ltr'><strong>oblitum?</strong></span> 
     </span>
     <span class='ocr_line' id='line_1_39' title="bbox 203 4299 1364 4386; baseline -0.007 -17"><span class='ocrx_word' id='word_1_387' title='bbox 203 4302 247 4384; x_wconf 81' lang='lat' dir='ltr'><strong>-V,</strong></span> <span class='ocrx_word' id='word_1_388' title='bbox 269 4308 306 4386; x_wconf 74' lang='lat' dir='ltr'><strong>fl,</strong></span> <span class='ocrx_word' id='word_1_389' title='bbox 332 4308 385 4368; x_wconf 80' lang='lat'><strong>1⁷:</strong></span> <span class='ocrx_word' id='word_1_390' title='bbox 418 4305 513 4365; x_wconf 84' lang='lat' dir='ltr'><strong>Hooin</strong></span> <span class='ocrx_word' id='word_1_391' title='bbox 543 4310 634 4378; x_wconf 85' lang='lat' dir='ltr'><strong>pacto</strong></span> <span class='ocrx_word' id='word_1_392' title='bbox 655 4299 752 4380; x_wconf 82' lang='lat' dir='ltr'><strong>[hine]</strong></span> <span class='ocrx_word' id='word_1_393' title='bbox 782 4301 984 4362; x_wconf 83' lang='lat' dir='ltr'><strong>indemnatum</strong></span> <span class='ocrx_word' id='word_1_394' title='bbox 1006 4308 1096 4377; x_wconf 82' lang='lat' dir='ltr'><strong>atque</strong></span> <span class='ocrx_word' id='word_1_395' title='bbox 1119 4303 1294 4361; x_wconf 78' lang='lat' dir='ltr'><strong>intestatum</strong></span> <span class='ocrx_word' id='word_1_396' title='bbox 1316 4317 1364 4361; x_wconf 86' lang='lat' dir='ltr'><strong>me</strong></span> 
     </span>
     <span class='ocr_line' id='line_1_40' title="bbox 205 4397 1367 4481; baseline -0.005 -14"><span class='ocrx_word' id='word_1_397' title='bbox 205 4402 327 4481; x_wconf 63' lang='grc' dir='ltr'><strong>ΜΡΝ</strong></span> <span class='ocrx_word' id='word_1_398' title='bbox 370 4397 486 4466; x_wconf 74' lang='lat' dir='ltr'><strong>aneon</strong></span> <span class='ocrx_word' id='word_1_399' title='bbox 520 4398 551 4480; x_wconf 93' lang='grc' dir='ltr'><strong>Ι,</strong></span> <span class='ocrx_word' id='word_1_400' title='bbox 580 4404 617 4477; x_wconf 92' lang='grc'><strong>2,</strong></span> <span class='ocrx_word' id='word_1_401' title='bbox 646 4406 688 4465; x_wconf 81' lang='grc'><strong>44</strong></span> <span class='ocrx_word' id='word_1_402' title='bbox 721 4402 782 4476; x_wconf 89' lang='lat'><strong>(=</strong></span> <span class='ocrx_word' id='word_1_403' title='bbox 805 4416 833 4462; x_wconf 81' lang='lat' dir='ltr'><strong>u.</strong></span> <span class='ocrx_word' id='word_1_404' title='bbox 860 4400 949 4472; x_wconf 76' lang='lat' dir='ltr'><strong>loli:</strong></span> <span class='ocrx_word' id='word_1_405' title='bbox 989 4401 1155 4477; x_wconf 75' lang='lat' dir='ltr'><strong>Magistros</strong></span> <span class='ocrx_word' id='word_1_406' title='bbox 1188 4414 1367 4475; x_wconf 82' lang='lat' dir='ltr'><strong>quamquam</strong></span> 
     </span>
    </p>
   </div>
   <div class='ocr_carea' id='block_1_4' title="bbox 0 0 1571 5075">
    <p class='ocr_par' dir='ltr' id='par_1_7' title="bbox 0 0 1571 5075">
     <span class='ocr_line' id='line_1_41' title="bbox 0 0 1571 5075; baseline 0 0"><span class='ocrx_word' id='word_1_407' title='bbox 0 0 1571 5075; x_wconf 95' lang='lat' dir='ltr'><strong> </strong></span> 
     </span>
    </p>
   </div>
  </div>
 </body>
</html>
