3125 5075
546 352 694 392 nocrauvs
709 353 973 393 asserosvrvosuu.
1291 361 1353 418 345

206 528 355 604 umanum
377 529 422 588 nti
442 529 559 604 possiet
580 527 653 588 Sine
672 530 751 588 mulo
773 531 861 588 omni.
909 526 1023 593 Pseud.
1046 544 1076 592 v.
1101 532 1180 592 343:
1211 528 1282 589 Sine
1305 546 1354 588 or·

207 627 361 687 manentis.
382 621 410 702 Ι,
434 630 463 699 3,
489 629 564 689 144:
587 628 640 687 Set
662 629 725 687 sinc
749 632 872 699 urgento
893 624 1032 689 frustra's
1060 628 1112 704 qni
1132 644 1179 687 me
1202 628 1246 686 tni
1268 628 1357 686 mise·

206 725 259 783 reri
281 724 428 798 postulas.
473 721 558 786 Men.
580 721 622 801 H,
649 729 676 801 Ι,
699 728 753 789 39:
776 728 840 785 sine
864 725 981 785 damno.
1003 722 1097 789 Most.
1121 742 1150 787 v.
1173 725 1250 787 8482
1273 724 1356 798 Ergo

206 839 234 881 oo
259 822 354 896 igitur
381 823 446 882 sine
475 823 665 897 perductore.
710 819 800 885 Pers.
830 821 855 897 Ι,
884 826 912 899 2,
943 825 997 885 10:
1041 823 1111 883 Sine
1139 840 1206 883 meo
1231 822 1355 896 periclo.

208 915 315 981 Bacch.
337 915 393 987 IV,
416 922 445 996 3,
469 922 507 981 2;
546 920 615 979 Sine
638 922 725 980 modo
748 929 779 981 et
802 922 951 982 modestia
972 939 1053 994 snm,
1091 922 1154 980 sine
1182 920 1261 980 bono
1289 921 1356 978 inre

210 1027 288 1090 atque
311 1017 435 1078 honore.
480 1014 534 1092 lv,
558 1021 587 1096 9,
611 1021 648 1080 6:
683 1020 753 1078 Sine
782 1021 879 1079 classe
909 1021 1032 1093 sineque
1061 1020 1196 1077 exercitu
1218 1025 1249 1077 et
1271 1023 1356 1079 tanto

211 1132 321 1174 numero
341 1116 477 1175 militum
499 1130 529 1176 v.
545 1119 601 1178 50:
626 1117 845 1193 Quadrigcntos
867 1117 945 1177 filios
969 1118 1059 1176 habet
1081 1124 1170 1191 atque
1195 1117 1290 1175 omnis
1312 1119 1357 1176 le·

217 1219 268 1271 ctos
294 1213 358 1273 sine
386 1214 507 1287 probro.
552 1210 702 1287 Stichi,
731 1217 761 1290 2,
789 1219 827 1275 4:
870 1216 1036 1275 Advorsari
1063 1216 1127 1273 sine
1155 1213 1302 1272 dedecore
1326 1219 1358 1271 et

219 1313 318 1370 scelere
349 1328 462 1371 summo
490 1312 548 1371 hau
571 1330 736 1387 possumus.
781 1309 898 1375 Bacch.
925 1309 963 1386 V,
996 1314 1024 1383 2,
1058 1314 1117 1374 12:
1140 1313 1271 1372 Ecastor
1292 1312 1356 1369 sine

222 1410 283 1467 onni
307 1410 439 1469 arbitror
465 1412 582 1469 malitie
608 1427 684 1470 esse.
728 1407 845 1472 Bacch.
873 1425 902 1472 v,
929 1413 960 1471 l:
1008 1412 1121 1482 Quibus
1149 1411 1298 1484 ingenium
1325 1412 1356 1469 in

223 1506 298 1565 animo
325 1509 476 1580 utibilest,
503 1507 651 1567 modicum
679 1516 710 1567 et
739 1510 804 1568 sine
836 1510 1015 1567 vernilitate.
1060 1504 1156 1569 Stich.
1179 1504 1222 1584 Π,
1248 1512 1275 1584 1,
1299 1509 1358 1569 38;

225 1601 298 1665 liinis
319 1605 394 1665 haec
416 1623 467 1666 res
490 1608 555 1665 sino
578 1623 652 1665 cura
673 1608 797 1681 geritur.
828 1609 857 1681 2,
881 1608 931 1668 28.
963 1602 1022 1682 ΙΠ,
1048 1610 1076 1682 1,
1103 1608 1156 1667 12;
1181 1607 1245 1665 sine
1269 1607 1359 1666 advo·

227 1703 290 1762 culis.
333 1699 447 1780 Amph.
471 1699 531 1778 ΙΠ,
558 1708 584 1779 l,
612 1706 663 1765 19:
687 1706 787 1779 pariat
809 1705 873 1764 sine
896 1704 1055 1764 doloribus.
1088 1700 1215 1765 Terent.
1239 1699 1356 1764 Heaut.

227 1793 257 1872 ll,
274 1803 298 1875 3,
321 1803 375 1862 73:
409 1802 475 1860 Non
499 1800 533 1859 fit
554 1803 617 1861 siae
634 1803 748 1875 periclo
771 1801 887 1861 lacinus
913 1820 1049 1876 magnum
1077 1819 1133 1860 nec
1155 1802 1357 1863 memorabile.

226 1893 299 1958 Andr.
320 1895 361 1970 11,
386 1900 416 1968 3,
442 1903 498 1960 17:
523 1901 586 1959 sine
610 1901 690 1960 omni
712 1901 836 1973 periclo.
874 1897 899 1974 Ι,
926 1905 953 1976 1,
978 1903 1028 1963 39.
1051 1896 1077 1977 Ι,
1102 1902 1131 1977 2,
1155 1902 1189 1962 8:
1218 1902 1259 1959 At
1279 1916 1359 1959 nunc

227 1989 302 2068 faciet,
324 2013 430 2070 neque,
455 2006 488 2055 ut
511 1999 625 2071 opinor,
648 1998 714 2057 sine
736 2001 785 2057 tuo
807 2014 914 2072 magno
936 1999 1023 2060 molo.

287 2097 315 2155 4.
336 2094 426 2155 Prae.
441 2125 484 2148 ·.-
500 2110 528 2156 a.
552 2092 752 2172 Praepositio
762 2113 840 2169 prus
860 2111 936 2157 vere
955 2093 1123 2158 locativam
1139 2091 1240 2158 habet
1261 2092 1359 2172 signi·

230 2180 382 2252 ficationem
406 2189 439 2253 in
461 2189 510 2253 his
532 2190 694 2270 exemplis.
717 2190 822 2255 Plaut.
845 2190 960 2255 Bacch.
983 2190 1039 2267 IV,
1064 2197 1093 2269 3,
1120 2196 1173 2255 10:
1198 2194 1256 2266 Qui
1277 2195 1358 2268 putri

228 2287 320 2348 reddidi
345 2289 423 2365 quod
455 2289 511 2349 luit
532 2308 606 2365 prae
629 2309 726 2351 manu.
772 2289 899 2353 Terent.
925 2286 1058 2368 Adelph.
1081 2286 1118 2365 V,
1143 2295 1172 2366 9,
1195 2294 1251 2352 23;
1289 2292 1358 2350 hnic

225 2384 311 2460 dauid
325 2389 446 2461 paulum
462 2406 536 2462 prae
548 2406 636 2448 manu
660 2390 798 2460 Dederis,
822 2391 899 2449 unde
923 2394 1034 2448 utatur.
1051 2419 1093 2428 —
1108 2386 1138 2451 b.
1163 2382 1358 2465 Significatio

225 2472 270 2544 loci
284 2481 473 2548 transfertur
493 2484 533 2549 ad
549 2482 813 2566 significationem
830 2484 1045 2566 praestantiae
1069 2483 1135 2548 sive
1152 2481 1359 2548 excellentiae

224 2579 259 2641 rei
274 2581 434 2646 cuiusdam
455 2600 533 2662 prae
556 2581 667 2648 altera.
713 2583 817 2647 Plaut.
841 2583 932 2664 Epid.
956 2582 1017 2662 Ill,
1039 2588 1070 2662 4,
1094 2587 1150 2646 85:
1184 2588 1283 2660 Atque
1311 2600 1358 2643 ms

217 2680 323 2742 ninoris
346 2681 426 2742 tucio
444 2700 522 2756 prae
542 2683 605 2754 illo,
627 2679 657 2742 h.
681 2698 709 2746 e.
732 2681 758 2744 si
782 2698 852 2745 cum
881 2682 936 2745 illo
967 2699 1018 2745 me
1040 2697 1198 2760 comparo.
1243 2679 1357 2760 Amph.

215 2766 238 2847 Ῑ,
257 2781 282 2853 3,
304 2783 362 2842 3οῑ
407 2781 453 2840 Ne
483 2799 530 2840 me
560 2798 681 2840 uxorem
708 2783 911 2854 praevertisse
939 2783 1040 2842 dicant
1067 2800 1140 2856 prae
1171 2799 1204 2841 re
1227 2783 1357 2855 puplica.

215 2874 277 2939 lul.
293 2875 353 2953 ΙΙΙ,
370 2880 398 2953 6,
417 2879 452 2940 5:
475 2879 552 2937 Prae
576 2895 608 2937 re
631 2880 758 2938 nitorem
775 2887 806 2938 et
816 2881 942 2954 gloriam
964 2897 1036 2954 prae
1061 2881 1148 2955 copia
1164 2881 1221 2953 Qui
1236 2880 1357 2953 habent,

211 2971 287 3054 vulg.
304 2994 382 3050 pro,
411 2973 497 3052 qnod
519 2973 703 3038 emendavit
731 2973 899 3056 Scioppius
922 2994 1057 3056 euntque
1080 2980 1208 3041 secutus
1231 2973 1360 3039 Goelle-

205 3082 266 3136 Ius.
289 3070 356 3136 Mil.
381 3070 436 3146 IV,
459 3077 490 3149 4,
505 3078 540 3135 4:
571 3075 646 3147 Quia
669 3077 747 3134 enim
770 3093 828 3134 non
854 3095 916 3135 sum
937 3077 1042 3151 dignus
1059 3093 1137 3149 prae
1159 3081 1194 3142 le,
1216 3083 1250 3135 nt
1271 3075 1358 3149 figam

200 3174 300 3244 palum
323 3173 354 3230 in
377 3172 535 3246 parietem,
557 3167 589 3234 h.
613 3188 640 3234 e.
663 3170 690 3233 si
713 3176 820 3235 tecum
842 3189 893 3234 me
916 3189 1073 3250 comparo.
1097 3171 1181 3235 Men.
1205 3170 1231 3246 l,
1254 3176 1283 3249 2,
1302 3175 1357 3234 61:

202 3269 291 3330 Satin'
316 3277 351 3329 nt
373 3277 565 3331 occaecatust
586 3272 772 3344 procliuius
804 3273 939 3346 corporis
968 3270 1168 3331 candoribus?
1210 3267 1306 3333 Most.
1330 3286 1359 3332 V.

203 3370 273 3431 245:
322 3368 420 3428 Video
449 3374 478 3428 te
508 3370 594 3428 nihili
626 3371 759 3444 pendere
787 3386 864 3442 proc
893 3369 1064 3428 Philolache
1091 3370 1186 3428 omnis
1214 3369 1358 3429 homines.

204 3461 329 3529 Terent.
348 3463 430 3528 Eun.
447 3464 489 3542 Π,
507 3470 536 3543 2,
547 3469 582 3529 8;
605 3469 662 3527 Hic
686 3485 740 3542 ego
763 3469 845 3527 illum
862 3469 1026 3542 contempsi
1042 3483 1115 3542 prae
1132 3485 1187 3528 me.
1202 3497 1246 3507 —
1261 3483 1286 3528 c.
1311 3462 1360 3528 si·

202 3556 362 3641 gnificstio
390 3559 452 3626 loci
475 3580 511 3626 se
533 3563 691 3628 convertit
713 3564 746 3628 in
769 3562 945 3642 causalem,
970 3568 1006 3626 nt
1026 3562 1110 3628 idem
1133 3562 1176 3626 sit
1191 3563 1276 3642 quod
1286 3583 1359 3639 pro·

196 3666 275 3740 pter,
316 3663 383 3723 mm
412 3659 446 3724 in
471 3658 670 3725 affirmativis
698 3679 793 3740 quam
830 3662 863 3725 in
891 3661 1049 3743 negativis
1069 3661 1245 3725 sententiis.
1289 3660 1358 3726 Liv.

201 3758 404 3823 Andronicus
431 3757 464 3822 in
486 3755 629 3840 Odyssea
655 3757 710 3824 lat.
736 3779 786 3840 ap.
809 3759 928 3840 Egger.
956 3777 986 3839 p.
1014 3764 1088 3823 119:
1124 3763 1220 3836 Igitur
1243 3762 1359 3822 demum

202 3857 282 3919 Ulixi
307 3875 360 3918 cor
382 3856 468 3918 frixit
494 3876 711 3933 praepavore.
756 3857 860 3922 Plani.
885 3856 982 3923 Stich.
1005 3857 1031 3935 Ι,
1054 3863 1083 3936 3,
1108 3861 1162 3923 62:
1179 3861 1255 3921 Prae
1278 3876 1358 3920 mae·

203 3973 270 4016 rore
295 3957 372 4017 adeo
394 3957 487 4017 miser
509 3966 598 4032 atque
620 3958 805 4031 aegritudine
829 3959 986 4020 consenui.
1032 3954 1130 4022 atich.
1153 3976 1183 4021 v.
1209 3960 1291 4021 466:
1318 3958 1360 4018 Ut

202 4070 274 4127 prae
298 4054 417 4115 laetitia
438 4056 589 4116 lacrumae
612 4058 782 4130 prosuliunt
805 4057 886 4117 mihi.
931 4053 1045 4134 Amph.
1068 4053 1094 4131 Ι,
1120 4061 1147 4131 l,
1170 4059 1226 4118 al:
1254 4057 1359 4129 Neque

206 4154 298 4212 miser
318 4169 366 4213 me
390 4171 567 4215 conmovere
590 4170 711 4229 possum
734 4173 807 4229 prae
830 4155 998 4214 formidine.
1043 4153 1170 4218 Terent.
1193 4149 1314 4226 EunI.
1330 4156 1360 4231 2,

207 4251 259 4312 18:
303 4251 382 4312 Prae
406 4269 507 4312 amore
530 4254 659 4314 exclusti
686 4254 765 4313 hunc
788 4252 879 4314 iores.
923 4250 1041 4316 Heant.
1064 4250 1107 4328 11,
1132 4257 1162 4330 3,
1186 4255 1239 4315 67;
1283 4253 1359 4314 Prae

203 4348 326 4422 gaudio,
349 4351 395 4410 ita
416 4367 463 4410 me
487 4351 518 4410 di
540 4358 649 4424 ament,
673 4352 722 4412 nbi
745 4353 798 4411 sim
823 4352 934 4412 nescio.
957 4348 996 4427 V,
1011 4355 1038 4425 1,
1060 4355 1119 4413 47:
1143 4352 1219 4412 Prae
1241 4352 1359 4413 iracun-
