3125 5075
217 383 256 439 76
648 377 803 417 SUBSTANT.
828 376 891 417 CAP.
908 376 947 417 ΙΙΙ.

304 551 353 611 16.
398 549 558 611 Aenariam
584 553 639 611 loci
662 570 728 613 cum
744 555 964 627 praepositam
984 554 1025 611 in
1045 554 1226 613 maiomam.
1253 549 1292 613 In
1315 548 1347 615 ln

216 645 453 727 praepositione
476 664 515 710 ea
536 651 610 711 utar
631 648 874 726 distributione,
896 667 992 729 quarn
1015 648 1155 712 instituit
1180 647 1347 727 Kampmar

219 763 280 809 nus
303 745 343 808 de
367 747 408 806 In
431 761 536 824 praep.
562 745 791 811 usnPlantino.
815 767 843 810 a.
860 744 1025 827 Significat
1046 744 1167 825 aliquid
1188 750 1275 807 inno
1295 744 1347 809 nm

214 841 349 907 alicuius
377 841 437 906 loci
466 847 522 906 aut
552 842 599 906 rei
619 841 790 921 contineri,
826 840 908 924 fieri,
936 843 997 925 agi.
1043 842 1106 920 Qui
1127 839 1206 907 fines
1229 842 1279 907 ita
1300 860 1347 908 sur

216 940 386 1021 cogitandi,
411 945 531 1004 utnon
553 940 655 1006 solum
679 940 841 1005 includant
863 941 1026 1021 planitiem
1048 941 1188 1021 aliquam
1211 940 1244 1003 in
1264 939 1347 1005 latita

214 1039 317 1103 dinem
342 1042 513 1118 patentem,
536 1038 594 1103 scd
617 1040 713 1104 etiam
735 1056 803 1103 rem
826 1058 1027 1120 corpoream;
1058 1040 1167 1119 itaque
1194 1041 1228 1098 in
1252 1038 1347 1119 aliqu'

213 1141 246 1201 et
268 1137 299 1200 in
323 1136 488 1217 superiore
510 1136 646 1202 alicuius
662 1136 708 1201 rei
730 1145 823 1217 parte
844 1138 982 1217 positum
1005 1141 1039 1201 et
1060 1136 1091 1200 in
1107 1136 1261 1200 interiore
1282 1150 1347 1216 pan

213 1235 311 1300 totius
339 1235 387 1300 rei
418 1251 590 1314 corporeae
612 1234 769 1300 inclusum
798 1254 869 1301 esse
897 1235 1024 1300 indicat.
1070 1232 1137 1299 Nos
1168 1252 1231 1298 nou
1261 1234 1347 1299 eade

212 1333 333 1396 utimur
348 1332 585 1413 praepositione
608 1333 640 1396 in
654 1331 703 1398 his
719 1333 903 1398 notionibus
918 1332 1109 1409 indicandis;
1132 1331 1273 1396 alterum
1289 1333 1347 1397 enir

213 1430 346 1495 dicimus
371 1429 435 1509 uui,
459 1430 594 1495 alterum
612 1429 654 1495 in.
683 1431 731 1494 Ea
754 1432 840 1496 notio
864 1431 925 1495 loci
947 1451 966 1496 a
989 1429 1096 1508 rebus,
1120 1446 1203 1509 quae
1224 1430 1347 1495 sensibr

212 1529 442 1610 percipiuntur,
466 1528 614 1593 facillime
638 1527 831 1594 transfertur
853 1529 893 1593 ad
916 1548 968 1593 res
984 1529 1150 1610 cogitatas.
1180 1527 1292 1593 Livius
1308 1530 1347 1593 Ar

212 1627 361 1693 dronicus
384 1627 420 1691 ir.
445 1628 505 1691 ine.
530 1633 610 1708 trag.
636 1634 670 1693 5:
703 1632 785 1689 Haut
811 1636 845 1689 ut
871 1647 957 1704 quern
988 1630 1079 1689 Chiro
1105 1626 1139 1689 in
1160 1627 1243 1689 Pelio
1271 1629 1347 1689 docu

211 1731 281 1789 ocri.
310 1726 347 1788 fr.
375 1726 435 1789 inc.
464 1730 624 1805 trag.10:
656 1728 758 1788 dusmo
786 1725 834 1803 (h,
857 1743 883 1789 e.
907 1724 1061 1803 dumoso)
1090 1729 1119 1786 in
1148 1729 1226 1789 loco.
1272 1723 1347 1789 Nae·

211 1823 437 1904 Gymnasticus
453 1821 489 1886 fr.
506 1830 537 1887 l:
562 1828 590 1884 in
615 1828 684 1886 alto.
709 1823 790 1888 Bell.
813 1822 892 1900 Pun,
915 1821 952 1886 fr.
969 1822 1028 1887 inc.
1047 1827 1095 1886 17.
1113 1840 1143 1900 p.
1165 1826 1207 1887 20
1224 1822 1347 1887 Vahlen

210 1926 244 1983 in
266 1941 368 1996 compo
391 1924 528 1982 hostium.
573 1919 777 1986 Tunicularia
804 1920 842 1985 fr.
870 1927 895 1985 l.
924 1939 951 1984 v.
983 1925 1056 1985 101:
1085 1924 1199 1983 Sedens
1226 1924 1261 1981 ira
1283 1924 1346 1983 cell<

211 2017 388 2084 Tarentilla
408 2016 445 2082 ir.
471 2023 499 2096 2,
524 2037 552 2083 v.
577 2024 634 2083 75:
658 2023 691 2081 In
715 2023 816 2082 choro.
854 2018 933 2083 Bell.
959 2019 1037 2083 Pnu.
1060 2019 1098 2083 ir.
1122 2019 1182 2083 inc.
1206 2025 1236 2099 5,
1260 2037 1290 2099 p.
1318 2024 1347 2083 li

211 2120 332 2180 stabant
353 2121 387 2178 in
407 2119 529 2192 ansuis.
553 2118 780 2198 Agrypnuntes
803 2115 841 2181 ir.
866 2123 900 2180 2:
932 2122 960 2178 in
985 2137 1085 2179 scena.
1130 2116 1311 2181 Tarentilla
1332 2115 1347 2181 f

213 2222 240 2296 l,
264 2233 291 2279 v.
316 2222 370 2280 71:
407 2220 437 2278 in
465 2218 594 2277 theatro.
625 2215 702 2279 Bell.
728 2215 805 2280 Pun.
830 2215 850 2279 l.
875 2215 899 2291 l,
923 2214 960 2280 fr.
985 2221 1018 2279 2:
1056 2219 1216 2291 Postquam
1244 2235 1346 2278 avesr

210 2319 307 2392 spexit
321 2318 355 2375 in
370 2316 474 2389 templo
486 2316 626 2377 Anchisa.
651 2316 761 2379 Danae
777 2315 817 2377 fr.
835 2318 868 2378 6:
892 2320 1015 2391 siquam
1032 2319 1124 2376 solam
1144 2318 1245 2375 videre
1261 2316 1294 2373 in
1310 2317 1347 2374 cir

208 2412 326 2478 Fabius
355 2411 463 2477 Pictor
490 2429 540 2493 ap.
569 2413 685 2493 Egger.
715 2430 744 2492 p.
776 2416 851 2476 107:
885 2415 981 2474 Pedes
1013 2415 1100 2487 lecti,
1129 2414 1162 2472 in
1185 2431 1243 2486 qao
1271 2416 1347 2474 cuba

207 2510 269 2575 Ib.:
293 2514 396 2588 Neque
419 2515 452 2572 in
474 2531 507 2574 co
529 2515 599 2575 lecto
623 2514 731 2574 cubare
756 2514 855 2573 alium
869 2511 915 2573 ies
938 2520 993 2573 est.
1038 2507 1117 2575 Cato
1139 2510 1176 2575 R.
1202 2511 1238 2576 R.
1263 2528 1288 2575 o.
1314 2517 1347 2577 tt

208 2613 325 2673 radices
348 2613 381 2670 in
403 2628 508 2671 occ-roo
535 2614 589 2672 snb
613 2613 661 2672 dio
684 2618 779 2671 metas
808 2611 908 2672 facito.
938 2606 971 2672 C.
997 2612 1031 2672 6:
1056 2612 1090 2669 in
1117 2629 1191 2685 apro
1217 2629 1347 2674 crassos

208 2709 301 2771 caldo.
321 2707 383 2772 Ib.:
407 2711 530 2771 Vineam
553 2728 610 2785 qno
632 2713 665 2769 in
687 2729 760 2784 oqro
784 2712 901 2769 conseri
925 2717 1053 2784 oportet,
1079 2712 1121 2769 sic
1141 2711 1312 2771 observato.
1335 2708 1347 2772 (

208 2809 265 2870 64:
290 2809 365 2867 Nam
386 2810 482 2868 oleum
497 2827 583 2885 quarn
600 2810 766 2870 diutissime
786 2809 818 2866 in
831 2824 954 2870 amurca
969 2815 1000 2867 et
1015 2808 1193 2880 infractores
1215 2810 1286 2881 erit,
1309 2817 1347 2870 tar

209 2905 402 2966 deterrimum
418 2908 484 2966 erit.
509 2904 543 2969 G.
563 2910 604 2969 1.:
628 2911 672 2968 sic
688 2908 722 2965 in
737 2907 838 2966 ocioso
861 2908 978 2966 habeto.
1003 2902 1036 2969 C.
1054 2910 1098 2968 5.:
1123 2907 1212 2967 scibit
1226 2908 1263 2966 io
1276 2924 1347 2968 mern

206 3001 336 3064 familiae
360 3005 431 3079 quid
453 3007 520 3065 siet.
544 3001 579 3067 0.
608 3009 651 3067 5.:
678 3008 711 3065 in
736 3006 859 3078 cmnpito
887 3011 938 3064 aut
964 3005 997 3063 in
1025 3005 1099 3076 foco.
1129 3000 1161 3066 C.
1195 3009 1269 3076 157:
1300 3023 1346 3066 ma

206 3103 278 3162 nihil
303 3103 380 3163 sinet
401 3104 435 3160 in
457 3121 576 3178 corpore
599 3106 775 3164 consistere.
803 3101 865 3166 Ib.:
899 3121 957 3163 non
986 3110 1111 3178 possunt
1138 3104 1347 3178 perspirarea'

206 3206 262 3261 toto
277 3218 404 3274 corpore.
429 3197 545 3264 c.10.:
569 3204 727 3262 Scamnum
749 3203 782 3260 in
804 3202 936 3262 echionio
958 3220 1056 3261 nuum.
1081 3197 1126 3263 lb.
1142 3203 1219 3274 §.52
1243 3203 1347 3262 Lectus

204 3300 238 3359 io
259 3300 390 3361 cubiculo
420 3300 442 3359 I.
469 3295 502 3362 G.
527 3303 563 3360 7:
595 3300 628 3359 ln
657 3301 760 3360 eodem
790 3298 890 3360 fundo.
919 3295 953 3362 C.
984 3301 1018 3361 8:
1049 3301 1138 3359 Ficos
1167 3300 1346 3360 mariscasi

204 3400 264 3458 loco
286 3404 395 3460 cretoso
424 3405 476 3458 aut
497 3399 658 3460 stercorato
681 3400 785 3458 serito.
814 3395 848 3461 C.
873 3400 930 3460 35:
965 3399 1076 3457 Fabam
1104 3398 1138 3455 in
1159 3397 1231 3458 locis
1259 3397 1347 3459 valta

202 3513 261 3555 non
284 3498 464 3558 calamitosis
486 3498 588 3559 serito.
616 3529 659 3538 -
688 3497 840 3572 siliginem
872 3532 910 3543 -
940 3497 973 3553 in
995 3497 1055 3555 loco
1077 3500 1193 3569 operto,
1223 3497 1299 3556 celso
1325 3526 1347 3536 -

203 3596 264 3656 seri
292 3601 422 3670 oportet.
463 3597 581 3655 Lentim
610 3597 643 3654 in
677 3595 797 3654 rudecto
829 3595 978 3655 rubricoso
1011 3595 1071 3654 loco
1100 3624 1142 3634 -
1169 3595 1275 3654 serito.
1312 3590 1347 3656 Ib

202 3711 258 3766 quo
280 3695 312 3752 in
334 3693 395 3752 loco
418 3695 572 3754 sementim
592 3700 738 3753 maturam
760 3693 860 3752 iacere
884 3711 941 3753 non
965 3693 1107 3765 potueris.
1132 3689 1193 3753 Ib.:
1219 3693 1347 3767 Rapinar

204 3823 245 3832 -
269 3793 301 3850 ic
324 3792 384 3849 loco
406 3795 565 3851 stercorato
592 3792 667 3852 bene
691 3799 742 3850 aut
758 3792 791 3848 in
812 3792 872 3850 loco
895 3808 994 3850 crosso
1017 3792 1119 3852 serito.
1144 3786 1178 3852 0.
1206 3790 1242 3850 6:
1266 3791 1297 3849 in
1320 3791 1347 3849 hi

201 3890 285 3950 locis.
310 3886 372 3951 Ib.:
407 3890 457 3949 Sin
480 3891 514 3948 in
537 3889 597 3949 loco
623 3907 721 3950 crosso
744 3897 795 3949 ant
818 3888 902 3948 coldo
932 3889 1045 3948 severis
1072 3890 1146 3950 cett.
1169 3885 1234 3949 Ib.:
1265 3888 1347 3948 Sionl

199 3987 233 4044 in
255 3987 303 4047 iris
326 3987 396 4048 locis
417 3988 500 4062 ripae
524 3995 575 4046 ant
597 3988 680 4047 locus
705 3988 859 4047 humectus
882 3989 947 4047 erit.
973 3982 1007 4048 C.
1028 3989 1064 4047 4:
1084 3985 1126 4044 In
1147 3987 1221 4044 cono
1238 3985 1347 4060 proclii

202 4086 227 4144 si
249 4085 326 4145 bene
354 4084 568 4146 aedificaveris.
598 4081 632 4146 O.
655 4087 711 4147 88:
742 4087 842 4160 Usque
872 4087 947 4145 adeo
979 4085 1012 4143 in
1033 4085 1092 4145 sole
1114 4085 1237 4158 habeto,
1269 4085 1347 4144 donc

201 4185 395 4244 concreverit.
421 4178 454 4246 C.
471 4185 547 4245 113:
572 4190 603 4242 et
619 4201 655 4242 ne
672 4183 738 4257 plus
763 4184 949 4257 quatriduum
973 4184 1079 4244 insola
1099 4184 1213 4243 siveris.
1231 4177 1267 4243 (l.
1284 4186 1313 4256 3,
1330 4188 1347 4244 t

202 4278 234 4337 Si
256 4280 290 4338 in
312 4285 393 4340 terro
416 4288 446 4341 et
469 4281 601 4341 tabulato
623 4283 690 4342 olea
712 4282 832 4340 nimium
857 4281 907 4340 din
930 4283 996 4340 erit.
1022 4277 1055 4343 C.
1076 4284 1128 4342 18:
1151 4281 1193 4339 In
1213 4281 1253 4341 iis
1275 4281 1347 4354 tiqui

198 4374 332 4451 parietes
355 4382 494 4439 extruite.
520 4375 554 4441 C.
579 4379 632 4440 67:
660 4379 700 4437 In
723 4379 883 4438 torculario
906 4389 937 4438 et
958 4379 991 4436 in
1014 4380 1216 4438 collocarent
1239 4380 1347 4454 diligen
