3125 5075
452 550 544 591 GASUS
558 547 828 590 SUBfflNTlVOliUH.
842 567 866 578 -
881 547 1022 588 horstius.
1296 558 1337 613 29

214 742 255 788 aaa
274 724 417 805 congruit
439 741 512 789 cum
535 722 689 790 subiectis
709 725 798 797 servi,
819 725 957 798 ancillae,
979 741 1062 804 quae
1082 722 1173 787 initio
1190 722 1339 786 enuncia·

211 821 281 887 huis
301 827 376 887 sunt
396 822 519 903 posita,
557 822 615 888 sed
636 820 816 887 enunciatio
843 820 1033 901 interposita
1063 826 1115 885 est
1135 819 1337 885 secundaria:

209 923 296 997 spuis
316 937 431 997 earum,
454 925 489 986 et
507 919 573 985 iam
588 917 720 984 uerbum
740 935 869 999 quoque
887 917 1086 999 potissimum
1108 918 1339 983 enunciationis

206 1018 257 1079 tecit
278 1018 429 1098 congruit
448 1035 521 1083 oum
549 1016 702 1098 partitiva
730 1015 785 1080 illo
808 1020 888 1093 quis,
922 1016 968 1079 ita
996 1020 1034 1080 ut
1059 1015 1102 1079 sit
1127 1014 1339 1081 anacoluthon

204 1120 224 1176 et
233 1114 415 1179 nominativi
429 1114 476 1179 illi
492 1118 582 1191 servi,
605 1117 732 1176 ancillae
748 1113 825 1179 facti
841 1114 906 1179 sint
919 1113 1066 1179 absolute
1082 1113 1187 1194 positi.
1212 1108 1339 1174 Ἀνακο-

202 1205 301 1285 λούθως
321 1213 401 1277 item
424 1212 492 1278 sive
513 1211 669 1293 eliiptice,
706 1218 795 1278 certe
822 1218 931 1277 autem
958 1210 1160 1291 negligenter
1185 1210 1339 1291 scriptum

202 1310 293 1375 stab
315 1309 429 1375 eodem
451 1308 575 1375 Catone
600 1309 641 1374 de
668 1327 704 1375 re
732 1308 865 1374 militari
893 1308 993 1386 (bion.
1017 1307 1128 1373 (laton.
1156 1327 1188 1390 p.
1212 1312 1267 1385 43)
1290 1325 1340 1388 ap.

201 1404 261 1473 Pia
283 1406 359 1474 bist
381 1413 446 1473 nat.
469 1404 570 1489 praei
593 1403 743 1473 sublim:
781 1411 851 1470 Scio
874 1428 943 1485 ego,
966 1426 1042 1485 quae
1065 1410 1180 1484 scripta
1202 1414 1285 1480 suut,
1316 1408 1342 1467 si

203 1608 236 1678 qui
256 1623 343 1667 verae
368 1606 466 1666 laudis
493 1614 634 1681 expertes
647 1599 743 1678 ¹snut,
777 1602 818 1666 ad
846 1620 876 1683 q.
904 1603 924 1668 l.
947 1601 1090 1667 Bolhuis.
1118 1601 1211 1666 distr.
1240 1600 1287 1665 lis
1309 1598 1342 1663 ia

204 1696 254 1765 tac
275 1719 336 1766 scr.
359 1699 439 1768 hacc
460 1700 572 1767 habet:
606 1701 775 1782 „Abrupta
797 1701 914 1781 oratio,
949 1719 1020 1764 cnm
1041 1699 1265 1780 grammatices
1289 1717 1340 1763 re·

204 1798 279 1876 gulae
299 1804 437 1881 poscant
458 1800 543 1863 eos.“
577 1798 687 1864 Mente
708 1798 828 1865 addere
850 1798 955 1879 possis
976 1803 1051 1879 post
1071 1800 1115 1858 ii:
1139 1800 1195 1859 hoc
1218 1796 1341 1871 iaciunt,

206 1896 299 1961 abac
325 1901 405 1978 puto
432 1895 530 1961 etiam
558 1896 663 1962 ammo
691 1896 856 1977 scriptoris
883 1897 1089 1962 obversatum
1120 1911 1199 1959 esse.
1245 1893 1342 1958 hece·

208 1990 297 2060 lamus
318 1994 361 2060 ud
382 1992 542 2059 Plautum.
585 1994 702 2060 Pseud.
725 1994 752 2076 1,
778 2000 806 2075 l,
827 1998 868 2059 62
891 2013 973 2076 sqq.:

349 2113 436 2173 Nunc
458 2112 555 2173 nostri
576 2127 690 2174 amores
711 2130 807 2175 moros
827 2114 1049 2176 mmuctudim

346 2211 438 2272 Iona
458 2209 547 2271 iudos
567 2227 661 2271 serino
681 2213 785 2274 araas
805 2214 942 2280 scacho,

353 2307 580 2383 (impressiones
601 2312 687 2368 artae
709 2318 860 2370 amantum
882 2327 1054 2385 oonpsrnm,

352 2408 535 2483 Papillarum
559 2408 779 2468 horridularum
803 2408 1078 2482 oppressiuaculoo:

354 2504 479 2566 Horam
500 2501 577 2568 nihi
597 2505 782 2581 voluptatum
803 2505 936 2566 omnium
956 2536 999 2547 —-

352 2604 520 2665 Distractio
542 2605 632 2664 uenit

211 2709 274 2781 lea
297 2715 378 2798 prol
400 2735 430 2781 v.
454 2722 494 2780 57
518 2733 600 2798 squ:

355 2828 600 2903 Epidamniensis
620 2829 679 2900 iile,
701 2850 787 2908 quem
810 2833 920 2894 dudum
943 2835 1086 2907 dixeram,

354 2929 511 2988 Geminum
533 2930 617 2989 illum
637 2948 762 3005 puerum
785 2935 836 3007 qui
858 2935 1012 3008 surrupuit
1033 2933 1171 3003 alterum,

355 3025 400 3086 Ei
421 3026 593 3101 liberorum,
616 3029 674 3088 nisi
697 3028 829 3104 divitiae,
852 3031 894 3088 nil
919 3037 999 3089 erat:

352 3121 485 3196 Adoptat
505 3124 588 3184 illum
611 3143 736 3200 puerum
759 3128 982 3201 surrupticium.

153 3220 156 3233 ¹
201 3231 419 3316 bitumen,
450 3242 487 3301 ut
513 3237 608 3303 docet
634 3237 821 3319 LambinuS,
855 3256 920 3305 non
949 3258 1031 3320 opus
1057 3249 1109 3304 est
1135 3235 1348 3302 anacoluthon

201 3333 257 3398 sive
278 3333 510 3398 nominativum
530 3334 713 3400 absolutum
734 3340 886 3417 statuere,
910 3342 1018 3418 potest
1037 3336 1118 3401 enim
1135 3334 1349 3399 nominativus

199 3429 241 3498 ille
262 3439 426 3513 tamquam
449 3431 628 3497 subiectum
651 3431 764 3497 referri
786 3433 827 3499 ad
850 3436 984 3512 adoptat,
1008 3433 1055 3498 ita
1077 3439 1114 3496 ut
1136 3432 1229 3496 haec:
1260 3435 1290 3493 ei
1311 3434 1347 3493 li·

198 3530 326 3593 berorum
352 3563 391 3574 -
415 3532 458 3591 nil
479 3538 546 3591 erat
566 3528 774 3609 parenthesin
797 3528 945 3596 efficiant
989 3528 1094 3594 Locus
1115 3528 1212 3592 Poen.
1235 3527 1291 3606 IV,
1319 3531 1349 3606 2,

202 3630 233 3692 ro
254 3644 336 3708 sqq,
359 3626 414 3706 qui
436 3625 533 3706 vulgo
555 3626 602 3691 sic
624 3626 791 3692 scribitur:

786 3776 826 3788 -
850 3763 920 3806 erus
943 3761 1026 3804 meus
1049 3745 1261 3819 Agorastocles

234 3842 347 3903 Ibidem
368 3815 580 3916 gnatm'iudo
603 3848 761 3917 surruptas
780 3840 845 3903 iere
868 3843 1016 3915 sexennis,
1037 3841 1147 3916 postibi

238 3939 294 4011 Qui
316 3955 385 3998 eum
409 3939 576 4012 surrupuit,
599 3940 657 3999 buc
680 3939 800 4000 devexit
821 3958 946 4015 meoque
973 3956 1025 4000 oro
1048 3955 1113 3998 eum
1138 3939 1187 3997 hic
1208 3935 1351 4008 vendidit,

153 4046 155 4101 i
208 4063 257 4113 uon
277 4049 421 4131 pertinet
442 4048 519 4130 huc,
552 4067 626 4114 uam
648 4051 693 4116 ibi
714 4051 851 4116 Bothius
873 4051 1024 4116 facillima
1052 4055 1086 4116 et
1107 4049 1229 4129 optima
1250 4052 1355 4112 muta·

208 4144 281 4212 done
303 4163 365 4228 pro
388 4156 496 4224 gnocm
519 4147 648 4229 scripsit
669 4159 801 4226 gnatust,
824 4167 863 4213 ex
885 4148 964 4229 Pal,
986 4148 1041 4228 qui
1063 4159 1169 4226 gnatus
1193 4155 1230 4209 st.
1264 4145 1354 4209 Duos

209 4235 279 4309 boos
302 4243 367 4310 huc
393 4244 594 4325 pertinentes
623 4245 735 4311 attulit
763 4245 952 4328 Bernhardy
981 4250 1063 4328 synt
1094 4245 1208 4310 Graec.
1239 4261 1269 4324 p.
1302 4245 1353 4320 68,

209 4336 299 4406 unat
325 4340 586 4423 112,Bacch.1,
612 4347 640 4422 i,
665 4347 722 4409 65:

858 4443 934 4516 Quia
956 4444 1033 4504 istoc
1052 4442 1269 4503 inlecebrosius

241 4535 320 4599 lieri
341 4540 386 4599 nil
407 4544 524 4616 potest,
546 4554 607 4601 stoa
627 4538 738 4600 weber
757 4540 863 4601 dmm
884 4540 996 4600 bomini
1017 4539 1255 4600 adulescentulo.
