3125 5075
210 366 250 426 54
643 362 799 405 suasanus.
823 363 886 407 car.
902 365 942 405 nr.

207 532 284 612 quid
306 532 364 597 tibi
387 497 520 613 prostat
565 534 681 601 Heaut.
698 537 738 617 Π,
760 543 787 617 l,
809 543 844 603 9:
866 544 1012 617 periclum
1036 558 1073 601 ex
1092 541 1160 601 aliis
1182 538 1284 613 tacito,
1312 547 1324 598 t

208 634 277 707 quid
301 651 337 693 ca
359 650 416 694 accc
439 636 505 694 sict.
551 632 628 699 Hac.
652 633 707 714 IV,
734 642 761 716 l,
785 640 842 702 33:
876 642 902 700 si
931 657 967 699 ca
992 657 1050 699 aaa
1079 644 1162 699 esset
1183 638 1325 699 nostroh

207 730 463 805 matrimoniuml,
497 729 536 794 ad
564 746 594 810 q.
617 730 637 795 l.
661 731 803 799 Ruhnk.:
838 753 932 815 „proz
968 735 995 800 si
1024 733 1115 798 nobis
1141 730 1222 796 utile
1250 745 1324 797 esse

207 825 288 889 Eun.
311 825 349 904 V,
373 829 403 903 8,
430 831 485 890 47:
521 847 576 891 neo
604 835 697 909 magis
725 851 761 893 ec
788 851 846 894 aaut
873 840 922 893 tuo
948 835 1081 894 Nemost.
1125 825 1252 892 Phorm.
1276 828 1315 908 V,

207 928 262 987 76:
285 926 352 986 Non
367 926 469 986 hercle
489 943 525 986 aa
544 945 578 987 re
599 930 685 990 istius
707 946 753 990 me
776 932 936 1007 instigasti,
958 930 1107 1005 Demipho
1127 924 1169 1001 (h.
1186 944 1213 991 e.
1229 942 1270 989 ex
1285 943 1324 992 us

208 1021 290 1085 Eun.
313 1019 338 1099 Ι,
363 1024 392 1099 2,
417 1024 491 1085 118:
514 1028 613 1101 Atque
636 1044 672 1086 ea
694 1028 820 1088 aliorum
842 1030 969 1101 inperalia
989 1044 1067 1089 nunc
1090 1043 1137 1086 ma
1159 1026 1282 1088 indicet.
1298 1015 1314 1036 ”’

295 1123 342 1182 ll.
376 1117 539 1183 Ahlotc'cus
561 1140 627 1183 cum
642 1125 863 1197 praepositione
888 1127 928 1184 de
950 1128 1128 1186 coniunctae.
1173 1120 1223 1184 De
1246 1120 1325 1200 signi

207 1215 332 1282 catione
362 1215 525 1297 primitiva
551 1218 797 1300 praepositionis
819 1223 854 1282 de
879 1221 947 1301 egit
967 1220 1201 1287 Heidtmannus
1223 1218 1255 1281 in
1281 1218 1325 1283 Ze

208 1311 321 1378 schn'lt
346 1311 367 1376 l.
391 1312 456 1379 Alt.
480 1318 578 1397 1846,
611 1335 642 1399 p.
666 1320 728 1382 865
751 1333 833 1398 sqq,
867 1335 962 1399 quam
983 1318 1092 1384 docuit
1114 1334 1186 1381 esse
1213 1323 1284 1378 ton
1310 1330 1325 1378 a

210 1410 315 1474 itaut
341 1410 576 1491 separationem
599 1431 708 1480 eorum
731 1432 813 1496 quae
836 1421 932 1481 antea
953 1415 1134 1481 necessaria
1156 1414 1293 1493 quadam
1316 1434 1325 1477 r

205 1508 294 1572 tione
316 1506 484 1575 coniuncta
502 1508 643 1590 luerunt,
663 1512 830 1591 exprimat.
875 1514 997 1577 Iterum
1025 1527 1142 1592 sequar
1169 1508 1236 1575 iore
1259 1511 1323 1575 dist

210 1609 373 1673 hutionem
395 1607 576 1690 Komponni
597 1608 637 1674 de
659 1612 715 1671 Da
739 1626 846 1690 praep.
869 1626 930 1674 usu
952 1608 1111 1675 Plautino.

287 1724 315 1771 a.
351 1707 401 1771 De
421 1706 491 1772 loco
516 1704 643 1787 dicitur,
666 1706 750 1771 unde
769 1707 846 1786 quid
869 1710 1025 1786 movetur,
1050 1707 1116 1770 sive
1136 1703 1163 1770 is
1186 1711 1237 1770 est
1251 1704 1325 1784 plan

206 1801 273 1867 sive
295 1801 440 1883 inferior,
474 1802 508 1865 in
530 1802 627 1866 rebus
649 1803 735 1867 veris
758 1807 793 1866 ct
823 1803 978 1884 cogitatis.
1024 1803 1133 1867 Livius
1162 1802 1325 1866 Andronis

202 1900 235 1965 in
264 1900 407 1983 Odyssea
437 1899 536 1963 latina
560 1916 611 1979 ap.
635 1900 752 1982 Egger.
782 1899 838 1966 lat.
868 1919 962 1965 serm.
989 1904 1107 1964 vetust
1136 1899 1192 1963 rel.
1224 1917 1254 1979 p.
1288 1905 1322 1963 11

202 2000 296 2060 Simul
319 2017 354 2060 ac
375 2004 522 2074 lacrymas
544 1999 580 2059 de
601 2016 653 2058 ore
674 2016 781 2072 nospco
806 1999 837 2068 (i.
855 2017 881 2061 e.
898 1996 1045 2070 candido)
1070 2000 1206 2060 detersit.
1244 1996 1324 2061 Fabi

205 2094 314 2160 Pictor
335 2113 385 2175 ap.
409 2095 525 2175 Egger.
550 2111 580 2173 p.
608 2098 680 2159 107:
702 2096 737 2155 de
761 2114 793 2155 eo
816 2098 887 2156 lecto
909 2097 1081 2156 trinoctium
1105 2097 1279 2155 continuum
1303 2116 1321 2155 n

204 2195 340 2256 decubat.
386 2190 466 2257 Cato
488 2191 525 2256 R.
548 2191 585 2256 R.
608 2211 633 2257 c.
661 2197 737 2255 157:
770 2195 819 2253 Dc
840 2194 934 2267 capite
956 2201 987 2253 at
1009 2193 1045 2251 de
1067 2194 1160 2254 oculis
1189 2196 1291 2253 omnia
1306 2195 1325 2254 d

204 2294 301 2352 ducat.
347 2288 381 2354 C.
407 2294 482 2354 112:
506 2293 566 2353 Ubi
587 2291 723 2352 hauseris
746 2291 781 2351 de
803 2291 891 2350 mart.
936 2287 970 2354 0.
999 2295 1053 2353 14:
1077 2290 1166 2351 Side
1188 2290 1269 2351 coeo
1292 2281 1325 2350 ri}

204 2397 287 2451 tacta
309 2393 357 2451 sit.
403 2386 437 2451 C.
462 2391 521 2452 42:
555 2391 683 2449 alteram
705 2389 814 2448 lihrnm
837 2406 903 2449 cum
925 2406 1041 2463 gemma
1068 2388 1104 2447 dc
1126 2404 1158 2447 eo
1180 2388 1251 2459 fico,
1287 2408 1324 2463 qu

202 2505 295 2564 genus
324 2505 392 2549 asse
421 2490 517 2561 volas
552 2488 688 2557 eximito,
724 2481 778 2547 ubi
800 2499 910 2563 praep.
934 2483 1109 2565 dependet
1135 2501 1155 2548 a
1180 2483 1281 2549 verbo
1304 2504 1325 2546 e:

202 2603 300 2660 mera,
335 2601 398 2648 non
422 2600 497 2646 vero
526 2582 567 2646 ad
594 2600 710 2659 gemma
737 2580 885 2661 pertinet.
931 2579 965 2646 C.
988 2585 1045 2646 43:
1079 2582 1170 2643 facita
1198 2583 1234 2642 cle
1266 2601 1324 2644 scra

205 2701 283 2758 aqua
302 2685 332 2742 in
356 2683 469 2743 sulcum
492 2680 611 2742 defluat.
656 2675 751 2740 Ennii
774 2677 876 2742 annal.
903 2677 921 2742 l.
944 2677 970 2757 Ι,
992 2675 1030 2742 fr.
1047 2682 1098 2756 36,
1122 2695 1151 2742 v.
1176 2683 1230 2742 54:
1254 2682 1297 2742 Ut
1319 2701 1325 2739 r

203 2779 238 2838 da
260 2780 340 2838 caclo
364 2781 453 2839 visas.
487 2775 911 2855 intercapedante
932 2778 1019 2837 coslo.
1054 2774 1147 2852 llll,
1171 2774 1208 2839 fr.
1230 2781 1260 2840 1:
1287 2781 1322 2838 01

202 2876 238 2934 de
253 2877 333 2935 coelo
355 2877 470 2936 laevum
495 2877 578 2937 dedit
597 2876 726 2949 inclytus
749 2876 874 2950 signum.
910 2872 1080 2937 Alexandri
1101 2871 1138 2937 fr.
1156 2878 1189 2936 2:
1211 2876 1247 2936 da
1270 2893 1323 2934 cae

206 2970 318 3034 Annal.
348 2969 368 3035 l.
392 2968 430 3049 V,
453 2969 492 3036 ir.
515 2976 549 3034 6:
584 2977 705 3033 ansatas
733 2972 856 3031 mittunt
882 2973 917 3030 de
939 2973 1080 3033 turribus.
1125 2970 1145 3033 l.
1170 2968 1225 3048 VI,
1248 2969 1287 3034 ir.
1316 2978 1325 3034 l

203 3085 232 3131 r.
250 3071 327 3133 216:
351 3070 478 3131 animam
502 3071 538 3131 de
558 3087 678 3144 corpore
699 3071 796 3129 mitto.
841 3066 860 3128 l.
878 3065 964 3145 Vlll,
987 3065 1025 3130 ir.
1043 3071 1100 3130 20:
1123 3071 1159 3128 dc
1180 3072 1277 3130 murts
1300 3089 1325 3130 ra

200 3169 279 3241 gerit
296 3169 420 3243 Opscus.
456 3162 578 3251 111111,
601 3164 638 3228 ir.
656 3169 689 3228 9:
714 3167 795 3238 Quos
819 3166 869 3225 ubi
892 3182 946 3223 rex
967 3167 1094 3240 populos
1118 3168 1216 3240 spexit
1237 3168 1274 3226 dc
1296 3185 1325 3227 cc

200 3265 278 3325 tibus
299 3265 390 3327 celsis.
441 3250 661 3327 Andromacha
683 3257 901 3324 Acchmalotis
922 3258 960 3322 ir.
986 3264 1034 3339 12,
1057 3264 1186 3343 aleb:
1222 3265 1325 3324 lleeto

201 3369 303 3422 natum
327 3363 363 3422 de
382 3348 469 3439 moja
492 3362 643 3422 iactarier.
689 3355 821 3436 Telephi
850 3357 888 3422 fr.
915 3360 963 3437 13,
985 3374 1013 3419 v.
1038 3330 1135 3443 3883*
1148 3361 1239 3432 Quasi
1264 3364 1325 3421 lum

198 3460 235 3519 dc
248 3477 300 3521 soc
316 3460 427 3520 lumine
441 3456 596 3537 accendat.
642 3453 853 3534 Epicharmus
867 3452 905 3517 ir.
923 3458 957 3518 6:
980 3458 1053 3517 Istic
1074 3466 1121 3517 est
1135 3457 1243 3516 desole
1264 3478 1325 3518 sum

199 3565 256 3618 tus.
301 3553 399 3619 Ennii
415 3552 562 3631 Thyestis
577 3550 614 3615 fr.
629 3556 658 3628 5,
682 3569 710 3615 v.
726 3555 800 3615 395:
824 3561 857 3613 ut
880 3555 968 3626 scias,
992 3563 1102 3628 quanto
1123 3572 1140 3613 c
1161 3557 1237 3628 loeo,
1264 3558 1325 3629 Qua

200 3656 241 3714 tis
265 3655 382 3729 opibus,
405 3654 512 3726 paroc
530 3653 566 3712 dc
588 3651 784 3724 retrolapsa
806 3648 926 3710 lortuna
942 3653 1079 3733 accidat..
1094 3649 1325 3735 EnniiEuhen

203 3766 258 3813 rus
280 3747 318 3814 ir.
336 3753 367 3827 3,
397 3764 427 3828 p.
447 3751 507 3811 169
530 3745 682 3811 Vahlen:
706 3748 842 3820 suadent,
860 3778 898 3789 -
916 3754 950 3809 ut
972 3748 1009 3808 de
1028 3765 1118 3822 ropac
1140 3734 1203 3810 nob
1218 3767 1325 3811 conce(

201 3847 306 3909 tratri.-
343 3844 448 3909 Plaut.
464 3843 579 3908 Pseud.
595 3842 650 3922 IV,
668 3848 697 3920 7,
717 3846 792 3906 127:
815 3845 864 3904 Dc
885 3846 1019 3919 ittprobia
1040 3845 1116 3906 ciris
1139 3846 1253 3907 auferri
1276 3865 1325 3923 pra

202 3947 290 4005 mium
313 3952 345 4007 et
367 3944 509 4019 praedam
533 3944 628 4004 decet.
674 3938 759 4004 Men.
772 3938 798 4017 1,
825 3946 852 4019 l,
878 3945 933 4004 27:
957 3945 983 4004 si
999 3942 1119 4017 quidde
1133 3961 1246 4004 summo
1265 3953 1325 4019 peta

202 4045 231 4119 3,
254 4042 313 4106 26:
334 4043 446 4118 aliquid
470 4041 712 4102 scitamentorum
735 4038 772 4099 de
795 4040 861 4112 soro
883 4041 1066 4101 obsonariar.
1105 4038 1162 4118 111,
1186 4044 1216 4118 2,
1240 4043 1299 4103 26:

200 4140 384 4215 surrupuisti
410 4146 440 4198 tc
462 4139 536 4197 mihi
558 4138 667 4198 dudum
690 4136 725 4196 de
747 4136 823 4209 soro.
869 4134 953 4199 Men.
983 4154 1011 4199 r.
1035 4140 1110 4200 599:
1148 4139 1207 4200 Ubi
1234 4140 1325 4214 primu

201 4235 353 4309 licitumst,
380 4237 450 4296 ilico
472 4237 632 4309 properavi
654 4236 737 4297 abire
760 4235 796 4295 de
818 4235 894 4308 soro.
924 4249 953 4296 v.
977 4236 1056 4297 sto:
1081 4236 1134 4296 Set
1154 4238 1220 4310 quis
1240 4232 1323 4297 hice

200 4332 252 4407 qui
275 4349 321 4424 ¹¹¹⁰.
348 4335 458 4408 capillo
481 4334 550 4392 hino
573 4331 608 4390 de
629 4349 721 4393 curro
744 4332 875 4407 deripit?
919 4330 1034 4396 Bacch.
1051 4329 1155 4457 Ilhl,
1178 4335 1232 4395 ie:
1256 4335 1325 4396 Dec
