3125 5075
433 390 521 430 CASUS
535 391 804 434 suesrnnnvoevit.
819 414 844 423 -
855 395 995 437 Accusat.
1239 409 1303 470 209

175 559 337 628 indemnia
365 562 447 630 locin
467 562 662 646 significatio
686 565 782 630 simul
809 572 860 633 est
889 569 1103 636 distributiva
1148 570 1184 637 G.
1209 576 1243 638 2:
1274 578 1301 638 ni

175 661 213 722 nii
231 661 309 726 dem
326 664 363 722 ὴ
383 679 506 733 mem,
530 666 575 725 uti
596 673 730 740 paretur.
763 663 867 731 Pleut.
885 665 980 732 Most
995 666 1022 748 Ι,
1047 673 1074 749 l,
1098 671 1154 734 64:
1178 690 1233 748 ego
1255 675 1301 734 ire

175 759 326 821 il’iiueum
346 763 415 823 uolo
435 761 479 821 Ia
498 779 652 837 vespernam
673 780 784 839 parare
809 767 959 840 piscatum
980 768 1062 827 mihi
1107 765 1165 846 III,
1190 771 1220 847 2,
1246 773 1299 833 ll:

175 873 202 918 eu
219 863 356 933 purtim
376 862 457 920 main
482 861 527 919 r'n-
540 877 696 934 coeperam
717 863 786 922 huic
810 865 885 924 seni.
930 859 1020 927 Pers.
1042 860 1097 939 iv,
1120 868 1150 943 3,
1172 868 1209 928 2:
1243 884 1299 945 ego

175 955 226 1016 tolie
239 958 390 1032 conpendi
404 956 464 1018 ieci
479 958 565 1018 binos
579 976 674 1034 panes
688 959 722 1018 r'rv
735 961 806 1021 dies.
853 958 909 1039 iv,
933 962 963 1038 6,
988 964 1023 1022 7:
1046 962 1145 1023 Lucro
1160 961 1300 1026 faciundo

175 1055 365 1129 puuspicnui
385 1056 420 1114 ia
441 1056 626 1117 herodiam.
673 1053 770 1120 Mero.
794 1055 832 1134 V,
864 1061 891 1135 1,
922 1061 956 1122 9:
990 1059 1022 1118 in
1051 1059 1125 1120 dies.
1169 1059 1296 1125 Terent

175 1163 217 1210 un
238 1147 276 1229 V,
298 1153 329 1231 6,
355 1155 409 1216 19:
442 1152 502 1213 Sed
522 1154 557 1212 ira
578 1154 656 1213 diem
678 1155 771 1229 istuc,
794 1156 961 1230 Parmeno,
985 1164 1032 1218 est
1054 1156 1198 1233 somnne,
1220 1161 1300 1235 quod

175 1247 256 1322 iure,
279 1246 335 1313 uhi
358 1248 521 1329 cogitetur
542 1249 582 1315 de
606 1254 751 1329 tempore
773 1249 891 1316 futuro.

219 1349 267 1408 46.
295 1343 330 1409 Si
353 1345 528 1411 secundum
551 1347 649 1412 sitnm
670 1346 787 1412 obiecti
809 1348 946 1414 directio
972 1348 1108 1414 actionis
1130 1351 1297 1416 constitui·

175 1457 204 1520 n,
221 1459 350 1523 semper
363 1443 519 1508 accedunt
533 1444 788 1524 praepositiones
802 1444 843 1509 ed
859 1446 1090 1526 accusativum,
1112 1463 1193 1527 quas
1207 1447 1297 1513 dein·

175 1555 212 1619 epu
230 1539 384 1605 tractabo.

218 1638 379 1708 Adversas,
401 1641 567 1709 mavum,
589 1655 671 1717 quae
691 1642 725 1702 et
739 1637 892 1703 adverbia
907 1644 941 1704 et
955 1640 1209 1721 praepositiones
1224 1658 1295 1706 esse

175 1741 276 1812 neunt,
293 1736 431 1816 primum
446 1734 567 1800 habent
581 1733 845 1816 significationem
861 1735 932 1816 loci,
949 1735 1123 1821 praenitet,
1140 1737 1293 1819 oetgeate,

175 1827 295 1904 detinet
313 1833 375 1912 ipio,
398 1850 481 1914 quae
504 1834 600 1898 etium
622 1831 842 1913 metaphorica
864 1853 935 1900 esse
949 1841 1066 1916 potest,
1088 1840 1125 1899 ut
1144 1835 1183 1900 de
1200 1851 1292 1916 pree-

175 1930 237 1994 utia
250 1930 385 1997 alicuius
400 1931 599 2012 accipiantur
609 1935 643 1994 et
657 1930 741 1994 idem
757 1929 936 2011 significent
951 1933 1037 2013 qnod
1052 1951 1161 2002 avam,
1177 1932 1291 1998 deinde
1384 1925 1389 1938 '

175 2025 371 2094 meterentur
397 2030 438 2093 ed
461 2027 600 2092 animum
629 2044 692 2108 quo
722 2047 832 2094 sumus
861 2028 913 2093 vel
936 2030 1060 2110 agimus
1087 2030 1215 2095 ratione
1237 2030 1294 2096 eii-

175 2122 223 2190 ius
245 2126 294 2189 rei
316 2126 367 2192 uel
392 2125 530 2190 hominis
552 2125 663 2190 habita
690 2132 748 2190 eut
769 2124 919 2191 hostilem
941 2132 998 2189 aut
1019 2127 1155 2192 amicum
1182 2131 1216 2192 et
1238 2127 1295 2192 be·

175 2221 289 2304 nolum,
312 2222 358 2288 itu
379 2227 417 2287 nt
438 2229 473 2287 et
493 2240 553 2304 pro
576 2230 680 2285 watra
702 2231 733 2288 et
759 2241 818 2304 pro
841 2243 913 2298 erpa
935 2223 1090 2288 dicantur.
1137 2229 1164 2288 1.
1188 2223 1293 2306 Signi·

175 2321 235 2386 aiio
263 2321 327 2386 luci
349 2327 399 2386 est
427 2339 477 2401 ep.
506 2320 611 2385 plaut.
634 2321 724 2385 Pers.
748 2321 791 2398 ΙΙ,
816 2326 845 2399 2,
872 2324 924 2384 18;
961 2330 1008 2383 set
1035 2325 1102 2397 quis
1131 2323 1205 2383 haec
1234 2331 1290 2396 est,

175 2437 207 2481 te
227 2439 276 2480 ne
297 2422 457 2483 adversm
479 2422 599 2481 incedit.
644 2418 795 2483 Plurimis
815 2422 924 2482 autem
946 2417 978 2481 in
1004 2415 1092 2497 locis,
1115 2416 1170 2481 ubi
1195 2417 1293 2498 signi-

175 2517 236 2583 ntio
258 2517 321 2583 loci
343 2524 488 2599 apparet,
510 2523 586 2582 snut
605 2515 768 2595 adverbia,
788 2517 872 2581 unde
895 2513 1050 2580 formulae
1073 2516 1214 2579 adversa
1234 2517 1291 2584 tre,

175 2634 272 2679 maa
293 2619 408 2685 venire,
431 2618 574 2678 adverm
596 2634 668 2685 csse,
696 2632 754 2695 pro
778 2614 903 2679 obviam
925 2613 974 2677 ire
997 2619 1072 2677 cett.
1117 2611 1169 2677 Sic
1191 2613 1286 2677 Most.

175 2720 200 2791 l,
220 2722 252 2780 1:
274 2718 446 2777 Advorsum
464 2717 562 2775 veniri
577 2716 649 2774 mihi
663 2715 702 2774 ad
718 2715 921 2774 Philolachem
937 2714 1014 2773 Volo
1030 2714 1166 2787 temperi.
1193 2709 1287 2774 Most.

180 2816 261 2878 938:
296 2816 487 2875 Callidamati
515 2821 618 2873 nostro
650 2812 808 2872 advorsum
836 2812 977 2871 vertimus.
1022 2807 1120 2872 Mero.
1143 2807 1169 2885 Ι,
1198 2813 1227 2883 2,
1256 2813 1285 2870 4.

175 2908 226 2973 iah.
242 2910 269 2988 1,
286 2915 316 2989 2,
332 2915 387 2974 32:
410 2912 491 2971 ierre
513 2910 672 2969 advorsum
695 2910 807 2969 homini
829 2926 1008 2983 occupemus
1031 2909 1192 2969 ausonium.
1220 2903 1286 2968 Mil.

191 3012 222 3088 2,
249 3015 304 3073 14:
328 3011 422 3069 Estne
447 3010 607 3068 advorsum
629 3009 679 3066 hic
701 3009 751 3082 qui
773 3007 853 3065 verrit
872 3004 1075 3081 [Palaestrio].
1121 3003 1187 3075 (sic
1209 3003 1286 3068 scri·

175 3104 425 3171 ;Fleckeiseuus
447 3106 480 3169 in
502 3105 550 3168 ed.
577 3102 681 3167 Plauti
703 3101 738 3166 T.
763 3102 788 3180 Ι,
810 3100 909 3181 praef.
936 3106 975 3166 23
999 3118 1070 3164 eum
1093 3100 1283 3171 Fritnschioi

175 3202 326 3269 obviam.
371 3200 525 3267 Similiter
550 3201 634 3265 Men.
659 3199 701 3277 ΙΙ,
730 3206 759 3279 3,
790 3206 846 3264 82:
880 3203 954 3259 Tum
979 3198 1071 3260 facito
1098 3207 1166 3258 ante
1192 3202 1286 3259 solem

175 3318 266 3363 mum
282 3311 316 3364 nt
330 3304 433 3362 venas
447 3302 608 3362 advorsum
622 3302 704 3362 mihi.
725 3331 763 3342 -
783 3303 812 3362 2.
836 3296 951 3372 Quum,
973 3294 1028 3373 qui
1050 3310 1157 3358 coram
1179 3292 1286 3372 aliquo

175 3402 248 3478 etat,
271 3400 302 3463 ei
324 3398 368 3463 sit
390 3399 559 3475 adversus,
590 3397 706 3461 dicitur
729 3399 889 3457 cacam
911 3391 1007 3455 etiam
1031 3390 1071 3455 de
1093 3390 1284 3470 praesentia.

175 3494 225 3558 mii
242 3494 375 3576 Telephi
396 3494 434 3559 ir.
460 3500 518 3560 ll:
542 3499 607 3557 Ted
628 3500 724 3571 ipsum
747 3500 870 3571 oportet
891 3493 947 3552 hoc
971 3489 1108 3564 profiteri
1130 3496 1162 3548 et
1183 3491 1283 3564 prolo-

175 3594 372 3656 iddnorevm
393 3596 480 3654 illam
502 3597 583 3655 mihi.
628 3593 731 3657 Pleut.
763 3588 875 3670 Amph.
903 3585 963 3663 ΙΙΙ,
991 3589 1020 3663 2,
1050 3589 1102 3649 55;
1135 3589 1211 3646 Nam
1238 3588 1284 3646 ins

175 3694 283 3753 mudum
305 3711 408 3753 rernm
431 3698 457 3751 tc
481 3694 642 3754 advorsum
665 3693 742 3752 dedi.
787 3687 884 3752 Poen.
900 3683 927 3763 I,
945 3687 973 3761 2,
999 3686 1073 3747 188:
1097 3702 1134 3744 ne
1156 3683 1284 3743 meudun

175 3788 347 3851 todooreum
362 3793 429 3851 siet.
473 3788 540 3853 Mil.
558 3787 611 3867 lv,
635 3794 664 3866 2,
687 3792 743 3852 88:
766 3805 803 3849 ne
820 3789 894 3847 haec
910 3789 1049 3844 censeret
1062 3800 1109 3841 me
1125 3782 1284 3841 advorsum

175 3892 308 3962 tuentiri,
331 3885 386 3952 ubi
407 3885 471 3952 vid.
494 3886 608 3967 interp.
633 3885 689 3966 (=
704 3903 810 3950 coram
823 3882 883 3958 se).
906 3878 977 3942 hul.
993 3876 1048 3955 lv,
1073 3882 1101 3956 7,
1123 3881 1156 3940 9:
1178 3879 1282 3953 Egone

175 3982 390 4046 itendvorevm
411 3988 555 4062 mentiar,
589 3995 685 4047 mater
715 3983 804 4044 mea?
848 3974 962 4041 Bacch.
985 3974 1040 4053 IV,
1067 3980 1097 4052 4,
1122 3980 1156 4037 i:
1190 3976 1282 4035 Immo

175 4076 277 4146 lunias
299 4100 376 4161 quae
400 4084 482 4143 dictu
503 4084 579 4143 dixit
598 4102 644 4144 me
667 4086 826 4143 adversm
847 4078 911 4149 tibi,
936 4071 1020 4153 quod
1039 4069 1185 4135 Handius
1201 4069 1282 4134 Tur·

175 4166 257 4243 eir,
277 4180 307 4260 Ι,
329 4197 359 4260 p.
387 4183 443 4243 181
475 4180 520 4244 ita
549 4180 700 4260 explicet:
737 4197 783 4240 me
810 4180 970 4252 praesente
997 4173 1027 4229 in
1055 4177 1085 4228 te
1115 4170 1279 4230 absentem.

175 4266 245 4339 ittth.
265 4276 291 4358 I,
314 4283 344 4357 2,
370 4282 424 4341 19:
447 4281 547 4339 Etiam
570 4281 635 4339 mad
656 4279 814 4339 adesum
837 4270 974 4333 exordire
996 4267 1150 4342 argutias?
1182 4263 1279 4330 Pacu

175 4358 188 4440 'a
202 4372 224 4448 i,
247 4378 296 4439 18:
325 4376 475 4452 Numquid
498 4396 618 4441 recusas
641 4384 747 4438 contra
768 4373 836 4433 me?
880 4365 943 4430 LY.
971 4365 1130 4426 advorsum
1152 4364 1279 4440 quidem,

198 4464 265 4517 tavae.
278 4475 389 4527 synaxis.
418 4474 436 4513 1.
1030 4471 1069 4528 14
