3125 5075
217 269 280 328 278
670 259 826 299 SUBSTANT.
842 259 905 301 CAP.
919 257 960 299 ΙΙΙ.

219 445 253 497 ut
276 435 390 499 uoclu’e
412 437 571 514 homiuem,
605 455 691 513 quem
718 437 832 513 pudeat
855 434 979 512 probri?
1022 429 1139 498 Bacch.
1185 429 1243 510 IV,
1268 433 1299 511 9,
1322 433 1384 498 84:

220 535 317 596 Pudet
338 535 461 611 prodire
483 553 529 595 me
554 533 591 595 od
614 537 697 622 tostin
720 541 923 610 conspectum.
968 549 997 596 v.
1022 533 1078 597 93:
1102 531 1207 608 quoius
1230 547 1280 592 me
1302 547 1384 592 nune

219 631 294 693 lecti
316 633 418 708 pudet.
462 628 577 696 Bacch.
618 635 771 694 v.1155:
817 633 914 692 Pudet
936 633 1036 693 dicere
1065 647 1112 690 me
1141 629 1197 689 tlbi
1226 625 1381 706 quiddam.

217 725 312 806 Epio.
335 726 361 806 1,
386 731 414 806 2,
436 734 471 792 4:
495 731 568 791 Idne
592 731 686 806 pudet
709 737 748 791 te.
772 727 859 791 Tris.
882 727 938 808 lv,
962 732 990 809 2,
1012 730 1070 790 6⁷:
1092 729 1190 788 Deum
1211 727 1382 788 mehercle

218 832 308 902 utque
331 827 479 887 homiuum
501 828 602 902 pudet.
647 825 713 891 Mil.
753 823 949 904 111‚1‚2o:
987 825 1135 903 siqnidem
1165 829 1192 884 te
1220 825 1381 900 quicquam

218 923 298 998 quod
318 921 395 985 lexis
417 926 519 1000 pudet.
564 921 654 1002 cept.
682 920 726 1002 II,
751 928 778 1002 1,
803 928 838 987 9:
883 928 924 986 At
945 940 1000 987 noe
1022 925 1125 1000 pudet,
1148 923 1309 998 quiscum
1332 937 1382 982 eu·

219 1023 297 1082 tonis
320 1040 429 1083 snmus.
474 1019 562 1085 Asin·
595 1020 622 1098 Ι,
647 1026 673 1096 l,
696 1023 751 1084 56:
796 1025 901 1098 Neque
923 1023 1031 1100 pudult
1053 1038 1118 1083 eum
1141 1019 1173 1080 id
1195 1019 1308 1080 sutelis
1332 1037 1380 1080 sn·

219 1119 395 1193 euphemius
419 1121 552 1180 Strnere.
598 1117 683 1182 Asin.
707 1116 745 1198 V,
770 1124 799 1197 2,
822 1122 881 1184 83:
904 1121 994 1181 Nilne
1017 1127 1047 1180 te
1071 1117 1186 1194 pudet?
1223 1113 1292 1178 DE.
1325 1115 1380 1176 Pol

214 1217 246 1275 si
268 1218 343 1276 elini
366 1220 408 1277 uil
431 1219 479 1294 sit,
502 1217 546 1276 lui
568 1233 626 1290 me,
649 1234 732 1291 uxor,
754 1219 857 1294 pudet.
903 1213 975 1280 Cos.
996 1213 1040 1292 ΙΙ,
1065 1219 1094 1292 3,
1118 1217 1176 1276 26;
1204 1213 1326 1289 Ecquid
1350 1218 1379 1272 ts
1485 1247 1490 1254 -

218 1313 338 1388 pudet?
380 1310 447 1376 llil.
471 1311 530 1391 ΙΙΙ,
558 1317 585 1392 l,
611 1316 686 1376 143:
729 1315 779 1375 Nil
804 1333 850 1375 me
872 1315 1009 1390 paenitet
1030 1314 1088 1374 ism
1112 1309 1223 1387 quanto
1248 1311 1380 1386 sumptui

218 1409 327 1471 fuerim
350 1413 414 1484 tibi,
448 1408 477 1473 h.
503 1429 529 1476 e.
568 1427 632 1473 non
654 1426 768 1489 perum
791 1409 868 1475 milri
889 1409 1027 1486 ridetur,
1050 1411 1205 1488 quantum
1228 1411 1379 1488 sumptus

222 1504 328 1573 adhuc
349 1506 382 1570 iu
404 1525 456 1571 me
474 1505 588 1574 fecisti.
625 1510 722 1575 Hand
743 1527 879 1592 pomum
901 1505 1006 1572 indico
1030 1509 1192 1585 sumptum
1208 1521 1292 1584 esse,
1316 1519 1378 1584 quo
1468 1496 1490 1540 ²

221 1601 282 1668 tibi
305 1604 448 1685 constiti;
482 1624 544 1670 nou
568 1608 724 1689 estquod
746 1603 1013 1686 ampliuslucins.
1056 1601 1174 1668 Pseud.
1212 1601 1238 1681 Ι,
1263 1605 1292 1680 3,
1318 1605 1377 1666 71:

221 1703 288 1777 elro,
319 1721 357 1764 nn
380 1707 516 1778 poenitet
538 1715 583 1782 te,
612 1717 724 1783 quanto
747 1709 796 1766 hic
819 1705 911 1766 fuerit
932 1703 1037 1765 ussui?
1080 1699 1162 1765 und
1202 1697 1246 1781 ΙΙ,
1270 1704 1300 1776 7,
1324 1701 1377 1764 2οε

225 1817 263 1860 uu
286 1807 318 1861 te
339 1803 485 1879 paenitet,
507 1800 547 1865 ad
571 1820 600 1883 q.
622 1805 642 1869 l.
667 1802 862 1868 Gronovius:
894 1801 1067 1881 „Poenum
1088 1797 1260 1876 interdum,
1284 1800 1377 1862 utet

220 1891 288 1974 hic,
319 1903 577 1980 usurpaturque
599 1919 661 1966 nou
685 1904 871 1965 contentum
895 1915 981 1977 esse,
1009 1914 1072 1961 non
1101 1897 1180 1962 sutis
1203 1893 1377 1960 iudicare.“

219 1989 308 2057 Trin.
346 1992 389 2063 ΙΙ,
411 1998 441 2076 2,
465 2000 519 2062 39:
554 2002 584 2062 Is
606 2002 741 2078 probust,
764 2017 851 2076 quem
874 2001 1009 2076 poenitet
1040 2015 1127 2073 quarn
1148 1995 1262 2073 probus
1286 1995 1327 2054 sit
1349 2001 1389 2054 et

219 2089 300 2168 frugi
320 2093 426 2168 lunae,
449 2093 492 2158 ad
507 2113 537 2176 q.
560 2095 580 2158 l.
604 2096 666 2162 rid.
691 2097 829 2163 Gronov.
853 2099 887 2159 et
908 2092 1061 2172 Lindem,
1084 2089 1139 2172 qui
1162 2089 1241 2155 lmec
1263 2087 1399 2156 habet:

220 2185 385 2267 „Dicimus
416 2193 543 2267 aliquem
564 2196 732 2275 poenitere,
765 2213 856 2270 quoru
883 2195 935 2268 sit,
968 2189 1035 2255 sivo
1058 2193 1204 2264 wantum
1223 2189 1288 2263 fiel,
1325 2185 1454 2270 qui-

221 2301 285 2350 uon
310 2292 481 2354 contentus
504 2295 556 2354 est
577 2307 630 2370 eo,
667 2290 752 2370 quod
773 2296 833 2368 est,
856 2287 907 2353 uel
935 2293 1088 2368 quantum
1113 2286 1172 2364 sit;
1193 2303 1255 2346 uon
1272 2287 1460 2361 poeni-

224 2387 292 2462 tere,
319 2384 373 2463 qui
396 2387 474 2451 satis
497 2403 535 2452 eo
557 2393 726 2454 contentus
749 2385 829 2452 esl.“
875 2385 968 2450 Truc.
992 2382 1034 2460 ΙΙ,
1057 2391 1087 2463 4,
1112 2389 1168 2448 7⁷:
1192 2387 1307 2460 Quoius
1330 2393 1461 2444 mea

221 2499 281 2544 uon
305 2487 469 2559 poeniteat.
515 2483 593 2551 cist.
615 2485 642 2567 I,
668 2491 695 2562 l,
718 2491 776 2552 49:
800 2485 880 2547 uuud
902 2502 949 2545 mo
971 2485 1114 2561 poenitet.
1142 2479 1242 2547 Stich.
1265 2499 1296 2545 v.
1321 2485 1413 2547 51.-
1460 2490 1466 2528 ²

220 2582 263 2641 Et
283 2599 331 2642 me
354 2584 472 2658 quidem
500 2586 575 2645 hoec
605 2588 741 2647 condicio
768 2603 847 2646 nuuc
875 2601 934 2644 uon
957 2584 1101 2658 paenitet.
1145 2579 1217 2644 Aul.
1256 2578 1318 2660 ΙΙΙ,
1349 2582 1386 2645 2.
1440 2582 1472 2643 ἵ,

222 2680 354 2741 201Me
377 2682 456 2741 haud
478 2686 623 2757 poenitet.
668 2680 782 2763 Amph.
805 2680 844 2759 V,
871 2684 898 2758 1,
921 2684 976 2743 72:
1003 2682 1057 2741 Pol
1080 2697 1126 2740 me
1149 2680 1208 2740 hen
1230 2680 1370 2759 poenitet
1400 2680 1473 2727 Ξ·

220 2772 338 2839 Pseud.
361 2774 387 2856 1,
411 2782 440 2856 3,
464 2783 521 2843 74:
565 2783 655 2843 Nilne
678 2792 709 2843 to
732 2779 875 2843 miseret?
919 2776 957 2856 V,
983 2780 1013 2856 2,
1037 2780 1092 2841 25:
1137 2779 1242 2855 Neque
1266 2784 1298 2838 te
1322 2793 1389 2839 me‘
1417 2760 1476 2821 ΕΙ

222 2876 299 2949 tergi
322 2876 494 2952 misereret,
522 2880 546 2939 si
569 2880 627 2941 hoc
656 2898 714 2941 uon
737 2880 826 2940 hodie
850 2877 1034 2939 eclecissem.
1080 2871 1177 2939 Stich.
1222 2871 1264 2954 ΙΙ,
1290 2876 1363 2951 2,5
1470 2874 1476 2917 ²

220 2972 299 3033 Num
321 2990 367 3033 me
391 2974 509 3051 quidem
533 2977 695 3038 miserebat
716 2978 831 3038 hurum.
874 2972 979 3038 Plaut.
1002 2972 1114 3054 fragm.
1143 2969 1255 3036 Dinies
1284 2970 1421 3036 Nico-
1452 2984 1476 3001 ‘·

223 3068 335 3134 demus
351 3068 497 3139 Cocistus
515 3090 547 3153 p.
563 3078 626 3140 497
649 3073 723 3138 Mai.
739 3090 767 3137 v.
784 3078 821 3139 3:
845 3076 914 3151 quis
928 3090 975 3133 me
998 3072 1161 3133 miserebat
1183 3072 1237 3131 tul.
1260 3065 1373 3133 Bscclr.
1414 3068 1473 3163 ξ·

220 3166 277 3247 lv,
301 3172 330 3248 9,
356 3174 436 3236 121;
459 3174 587 3235 Miseret
608 3191 655 3234 me
678 3174 767 3235 illius.
814 3170 890 3236 dist.
914 3168 968 3250 lv,
991 3174 1021 3248 2,
1046 3170 1122 3233 103:
1145 3186 1192 3229 me
1215 3168 1306 3229 huius
1329 3168 1395 3229 mi-
1426 3168 1475 3213 J·

225 3275 317 3329 seret.
364 3267 452 3333 Pers.
475 3268 530 3348 IV,
554 3275 585 3348 4,
608 3274 664 3335 87:
688 3279 777 3347 etque
801 3288 847 3330 me
870 3271 995 3331 miseret
1016 3276 1126 3330 temen.
1170 3262 1258 3329 Trin.
1282 3262 1370 3344 11‚4
1412 3286 1471 3323 ⁴,

225 3365 281 3429 30:
304 3366 432 3428 Miseret
454 3374 484 3428 te
508 3372 644 3444 oliorum,
668 3372 711 3429 tui
733 3386 789 3429 uec
813 3370 935 3429 miseret
957 3382 1013 3426 neo
1036 3366 1138 3439 pudet
1161 3379 1190 3426 u.
1214 3366 1272 3428 29:
1305 3360 1469 3425 unffi

221 3482 302 3525 nune
324 3482 389 3524 eum
413 3466 474 3526 ridi
497 3468 637 3527 miserum
668 3473 699 3527 et
725 3484 772 3527 me
810 3468 873 3527 eius
894 3466 1096 3526 miseritnmst.
1145 3459 1233 3525 Pers.
1270 3458 1370 3539 1v‚o
1459 3488 1466 3516 ι

221 3562 258 3624 8:
281 3562 332 3623 Nil
354 3564 426 3622 mihi
449 3570 509 3624 tum
532 3567 656 3640 perrisl,
680 3567 750 3640 quin
773 3580 820 3624 me
841 3564 873 3623 id
895 3566 997 3641 pigent
1018 3561 1156 3639 perdere.
1186 3554 1259 3623 Aut
1283 3555 1329 3637 ΙΙ,
1353 3560 1371 3621 2
1457 3583 1465 3612 v

223 3662 281 3725 33:
305 3662 423 3734 Quaeso
447 3664 525 3738 quod
548 3670 578 3724 te
599 3663 810 3739 percontabor,
833 3680 871 3723 ne
893 3662 925 3721 ld
947 3666 974 3722 tt
989 3663 1091 3737 pigeat
1112 3658 1260 3735 proloqui.
1283 3654 1372 3721 Most
1453 3681 1459 3695 ·

220 3755 248 3835 Ι,
271 3764 301 3837 4,
323 3762 361 3821 4:
386 3761 434 3819 lto
455 3778 502 3821 me
524 3761 566 3820 ibi
588 3763 666 3822 mole
690 3762 806 3822 convivi
828 3760 1032 3835 sermonisque
1055 3762 1206 3819 tsesnmst
1231 3754 1329 3819 Most.
1354 3770 1373 3817 v
1394 3778 1455 3805 κ

223 3860 303 3921 166:
328 3853 416 3917 sotiu’
439 3858 514 3920 hoec
536 3878 584 3921 me
606 3862 698 3922 vestis
722 3859 837 3921 decent.
883 3856 970 3921 Pers.
993 3853 1036 3931 II,
1060 3858 1089 3933 2,
1114 3856 1169 3918 38:
1202 3854 1304 3913 Decet
1326 3870 1372 3912 me
1388 3876 1449 3903 κ

222 3954 283 4023 SO.
306 3958 358 4017 Me
382 3956 501 4030 quidem
525 3959 596 4018 item
619 3959 756 4021 nddeeet.
800 3954 898 4019 Mero.
921 3952 960 4033 V,
982 3960 1013 4033 4,
1037 3956 1092 4017 24:
1116 3952 1223 4013 Itidem
1250 3959 1285 4012 nt
1308 3958 1444 4011 tem!

223 4056 384 4131 posenni,
422 4057 549 4114 eelotcm
571 4056 662 4115 alium
699 4056 781 4116 eliud
804 4054 915 4115 loetum
944 4054 1085 4114 condecet.
1131 4046 1245 4129 Amph.
1283 4046 1328 4125 ΙΙ,
1353 4050 1418 4119 2,

224 4152 281 4215 90:
319 4153 420 4227 copies
443 4154 522 4228 quod
545 4159 575 4213 te
599 4154 756 4215 condecet.
807 4149 922 4214 Pseud.
961 4148 1150 4227 1u,r,‘.>r:
1189 4154 1314 4209 ornatus
1336 4146 1402 4205 hi&

227 4250 324 4310 satine
348 4267 393 4309 me
418 4251 585 4312 coudecet?
608 4248 699 4331 Copt.
723 4246 765 4329 ΙΙ,
790 4250 819 4327 3,
844 4252 898 4313 37;
922 4250 1057 4309 remittat
1080 4254 1215 4307 nostrum
1238 4248 1296 4306 hue
1321 4262 1394 4306 sm*
