3125 5075
299 376 360 437 138
737 367 864 414 nunni.
895 367 959 407 (ΙΔΡ.
973 368 1022 407 xli.

295 560 413 619 Nullum
438 560 570 617 invenire
594 561 747 631 prologum
765 562 865 630 peeeel
887 576 985 618 noros.
1012 557 1036 635 Ι,
1062 562 1090 634 2,
1114 559 1172 619 dli:
1195 559 1275 627 Non,
1305 560 1335 620 ιιι·
1367 561 1452 623 redir-

292 661 345 724 ecl,
369 659 396 714 ei
418 662 506 731 pater
529 658 643 715 reniam
667 652 776 715 derel?
801 659 830 730 3,
854 660 888 717 3:
913 657 998 729 Quod
1021 657 1054 714 ni
1069 657 1191 728 fuissem
1207 659 1396 734 incogitane,
1416 662 1453 719 ite

295 752 387 830 [eum]
411 758 600 827 expectarem,
624 759 657 811 ut
680 771 734 827 per
757 752 821 814 init.
846 757 876 830 4,
904 757 955 816 13:
981 754 1101 829 Aliquid
1130 771 1341 815 mnoaeaesem
1371 766 1452 833 atque

294 854 363 912 hinc
388 869 432 911 mo
455 852 614 912 conicerem
636 853 785 925 protinam
808 852 839 909 in
861 853 962 926 pedes.
982 848 1109 913 Phorm.
1134 849 1175 926 ΙΙ,
1205 856 1308 928 1,39:
1336 856 1453 914 Nomai

294 952 369 1026 haec
390 954 434 1010 ite
455 955 558 1017 essent,
580 967 645 1008 cnm
669 950 721 1006 illo
745 950 823 1008 hand
844 954 947 1021 stores,
973 951 1128 1009 Phaedria.
1152 967 1180 1011 v.
1197 952 1264 1012 485
1280 951 1330 1010 Ni
1345 970 1453 1014 ιιοοοιιιι

290 1065 423 1120 cansam,
446 1047 592 1107 crederem
614 1063 683 1105 rora
706 1046 784 1104 hunc
809 1031 913 1120 loqui.
945 1045 1020 1109 llee.
1044 1044 1099 1115 lv,
1130 1052 1153 1124 l,
1178 1053 1216 1112 39
1242 1063 1309 1126 sq.:
1336 1053 1452 1111 nimai

294 1149 320 1207 ie
338 1150 437 1219 posset
459 1147 495 1205 ab
519 1162 555 1205 ee
578 1161 643 1203 sese
674 1146 838 1217 derepente
866 1148 1006 1216 avellere,
1039 1147 1171 1218 Quacum
1198 1154 1246 1207 tot
1276 1159 1451 1210 consuesset

291 1262 397 1314 annos,
422 1262 479 1303 non
504 1260 569 1301 enm
594 1243 740 1301 hominem
766 1242 910 1303 ducerem.
964 1241 1095 1321 Adelph.
1123 1241 1148 1320 Ι,
1177 1248 1206 1317 2,
1240 1247 1281 1305 27
1305 1261 1397 1325 sqq.:
1424 1255 1450 1307 et

293 1344 375 1403 illum
409 1348 440 1400 tn
474 1349 567 1412 tunm,
600 1339 627 1399 ei
663 1355 737 1399 esses
769 1342 864 1415 homo,
895 1339 1012 1401 Sineres
1041 1360 1118 1402 nunc
1150 1342 1251 1401 iacere
1283 1373 1325 1385 -
1352 1346 1447 1405 Potine

293 1455 391 1517 qnam,
415 1440 465 1498 uhi
487 1447 515 1496 te
538 1442 726 1511 expectatum
751 1438 891 1497 eiecisset
914 1438 1004 1512 iores,
1028 1440 1175 1499 Alieniori
1197 1449 1301 1501 aetate
1321 1449 1393 1519 post
1407 1443 1449 1514 sn·

291 1542 370 1598 cerel
403 1543 510 1595 lamen.
544 1531 585 1605 ΙΙ,
622 1538 649 1605 Ι,
679 1538 732 1594 24:
768 1533 802 1593 se·
835 1536 990 1609 carpasia,
1021 1538 1118 1609 ferree
1152 1535 1363 1616 infartnninm.
1396 1538 1447 1616 ΙΙΙ,

293 1639 324 1710 3,
346 1637 384 1696 41
404 1650 464 1711 sq.:
489 1651 556 1691 nom
578 1632 688 1691 aliems
712 1650 781 1692 rero
804 1634 888 1691 illum
912 1641 991 1694 loom
1018 1635 1129 1694 Facere
1153 1636 1251 1694 hoec?
1276 1635 1347 1699 DE.
1372 1637 1447 1697 Sine

290 1749 353 1790 rem
384 1731 489 1790 illurn?
518 1742 569 1789 aul
590 1749 659 1815 ¹non
690 1748 742 1789 sex
777 1733 848 1791 totis
874 1735 1024 1792 mensibus
1056 1734 1140 1792 Prin's
1163 1733 1341 1811 olfecissem,
1365 1755 1446 1812 qnam

293 1831 344 1889 ille
368 1831 523 1903 quicquam
546 1828 696 1899 coeperet?
722 1824 757 1901 V,
782 1832 810 1894 3,
834 1831 888 1889 42:
911 1831 1000 1889 scires
1021 1810 1147 1889 liberum
1169 1833 1330 1907 Ingenium
1361 1841 1444 1909 atque

294 1929 433 1986 animum.

382 2026 429 2084 14.
447 2022 476 2085 Ι).
524 2023 731 2083 mucamitem
742 2025 922 2096 potentialis.
968 2023 1156 2088 Petentialis
1171 2025 1359 2104 praesentis
1374 2031 1446 2088 tem·

293 2118 381 2199 poris
408 2119 607 2183 coniunctim
642 2119 820 2197 praesentis
848 2131 881 2181 et
918 2120 1059 2200 perlecti,
1095 2121 1248 2201 temporis
1281 2124 1445 2200 praeteriti

291 2216 476 2297 imperfecto
500 2217 696 2295 exprimitur.
729 2216 791 2279 'Ad
815 2220 1021 2296 potentialem
1044 2219 1206 2297 pertinent
1228 2222 1330 2282 etiam
1355 2222 1445 2283 inter·

291 2318 473 2397 rogationes
503 2314 710 2401 dubitativae,
741 2313 818 2376 item
845 2318 940 2386 velim,
968 2319 1067 2384 ieelim,
1096 2334 1157 2379 non
1189 2315 1366 2381 referenda
1396 2316 1445 2380 ille

294 2414 335 2478 ad
364 2413 552 2492 optativum,
584 2420 620 2475 nt
646 2418 732 2475 reete
756 2411 834 2474 dicit
864 2413 1042 2493 Madvigius
1071 2409 1307 2496 ”liemetfunpen
1338 2433 1369 2495 p.
1400 2421 1444 2493 ll,

293 2529 366 2576 nani
398 2511 540 2592 optativa
572 2507 760 2591 significatio
792 2528 853 2573 non
882 2513 913 2575 in
945 2512 1046 2588 modo,
1078 2513 1133 2577 aed
1164 2514 1195 2575 in
1233 2513 1344 2577 rerhi»¹
1374 2514 1444 2594 ipsis

294 2609 385 2674 inest.
422 2611 518 2689 Legg.
544 2609 604 2672 XII
628 2608 722 2685 labb,
747 2608 782 2682 V,
799 2607 887 2674 iai:
913 2615 944 2672 Si
968 2617 1109 2672 intestato
1131 2616 1273 2688 moritur,
1303 2618 1354 2674 eni
1385 2632 1447 2674 suns

294 2711 382 2770 heres
407 2728 461 2768 nee
483 2711 530 2770 eit.
567 2706 715 2769 Nonnulli
739 2706 850 2786 legunt
872 2713 941 2770 escit
963 2711 1101 2787 (=aritl,
1136 2711 1219 2787 quod
1249 2710 1447 2773 commendat

293 2806 493 2870 Dirhsonius.
540 2804 648 2868 Naevii
671 2804 710 2867 fr.
733 2804 792 2868 ine.
817 2825 895 2869 eom.
919 2813 975 2871 23:
1000 2812 1066 2868 dnm
1092 2819 1119 2867 te
1143 2808 1250 2876 videet,
1275 2817 1338 2868 tam
1363 2812 1445 2869 etiam

292 2907 376 2972 scial,
405 2906 481 2977 Quid
515 2907 657 2978 scriptum
684 2908 733 2965 sit..
784 2903 862 2968 Cato
890 2905 1116 2984 apophthegm.
1145 2923 1193 2983 ap.
1225 2902 1310 2967 Geli.
1351 2906 1445 2984 lige

294 3000 398 3072 (Lien.
419 2999 489 3079 98):
514 3003 578 3061 Tibi
598 3005 718 3076 -quis
742 3007 883 3078 perpulit,
908 3017 940 3064 ιιι
962 3008 991 3064 id
1013 3007 1225 3076 committerem
1250 3007 1332 3079 qnod
1357 3009 1444 3080 prins-

297 3120 383 3176 quam
412 3101 545 3167 laceres,
563 3104 695 3174 peteres,
722 3101 755 3160 ιιι
775 3104 996 3177 ignosceretur,
1022 3127 1062 3152 =
1094 3100 1151 3165 tihi
1175 3101 1351 3178 petendum
1373 3111 1444 3175 erat,

293 3198 331 3259 tu
357 3196 457 3269 littori
482 3195 569 3258 hillen
596 3193 715 3274 nillilon.
761 3199 797 3261 R.
824 3199 857 3261 R.
882 3218 907 3263 e.
934 3206 967 3263 2:
994 3203 1109 3259 Vendat
1132 3204 1228 3259 oleum
1255 3231 1293 3240 —
1322 3185 1446 3259 frumen·

293 3306 412 3371 tumque
436 3297 515 3368 prod
536 3291 682 3368 supersit(
719 3292 751 3358 O.
786 3303 835 3360 16:
866 3301 1007 3359 Dominus
1036 3300 1179 3373 lapidem,
1211 3299 1292 3370 ligna
1323 3301 1362 3357 ad
1391 3299 1444 3357 ior·

287 3413 412 3466 necem,
437 3396 514 3470 quod
536 3412 610 3467 opus
632 3395 699 3461 siet,
721 3398 847 3470 praebet
870 3395 915 3473 (ιιι
939 3393 968 3471 io
993 3393 1059 3456 tecit
1084 3397 1115 3455 ee
1141 3390 1245 3472 1161th
1269 3392 1332 3465 Ῐιιιι
1358 3393 1443 3474 meg).

292 3489 371 3554 Cato
411 3509 455 3553 οι.
492 3490 532 3552 de
555 3488 673 3552 vestitu
704 3498 736 3553 et
760 3490 913 3556 vehiculis
936 3511 985 3573 ap.
1009 3491 1124 3555 Prisc:
1153 3495 1227 3551 Nom
1252 3495 1444 3566 periniurium

289 3590 360 3657 sier,
392 3609 457 3649 cnm
488 3588 558 3648 mihi
586 3590 623 3647 ob
646 3606 697 3649 eos
720 3609 817 3651 mores
841 3611 913 3666 qnos
936 3595 1019 3666 prius
1043 3594 1132 3650 hebui
1155 3592 1248 3651 honos
1272 3592 1380 3665 detor,
1402 3591 1444 3650 nhi

291 3687 377 3747 datus
400 3699 463 3759 est,
492 3696 552 3745 tum
577 3688 619 3745 nli
643 3704 693 3747 eoe
717 3697 826 3749 mntem
849 3701 937 3766 atque
961 3692 1012 3752 alii
1043 3688 1082 3758 (Ιι.
1107 3706 1133 3750 e.
1157 3687 1252 3761 alius)
1281 3693 1365 3750 modi
1387 3692 1443 3750 sim.

290 3782 383 3845 Ennii
408 3782 537 3846 Telemo
560 3781 598 3846 fr.
626 3788 638 3844 l
664 3801 714 3862 ap.
739 3783 803 3848 Cic.
827 3786 866 3848 de
890 3792 953 3850 niet.
977 3786 1025 3849 de.
1050 3785 1108 3861 ΙΙΙ,
1132 3789 1192 3848 32;

334 3885 398 3979 Ego
422 3885 508 3943 deum
532 3902 623 3958 genus
649 3901 714 3942 esee
739 3903 856 3959 semper
880 3887 940 3944 dixi
964 3894 993 3945 el
1016 3888 1110 3946 dicam
1134 3887 1285 3957 coelitum,

332 3983 391 4041 Sed
415 3999 465 4040 eos
490 3999 547 4040 non
571 3999 677 4040 curere
701 3985 817 4056 opinor,
841 3985 911 4058 qnid
935 3996 1004 4058 agat
1027 3986 1183 4043 humanum
1206 4001 1321 4056 genus:

332 4081 407 4138 Nam
430 4080 456 4138 si
479 4084 590 4146 curent,
615 4080 689 4139 hane
713 4081 799 4140 bonis
821 4081 869 4148 sil,
894 4085 969 4142 male
993 4085 1088 4157 malie,
1112 4083 1189 4156 quod
1213 4100 1293 4140 nunc
1310 4084 1406 4154 abest.

282 4175 382 4241 Ennii
406 4174 569 4243 Phoenicis
593 4176 631 4238 fr.
656 4183 690 4241 3:
715 4180 784 4238 Plus
808 4181 897 4240 miser
917 4180 989 4253 sim,
1012 4181 1039 4240 si
1060 4183 1221 4240 scelestum
1247 4181 1352 4251 fenim
1374 4177 1442 4256 qnod

289 4277 384 4335 dicem
409 4275 481 4335 fore.
527 4271 712 4353 Iphigeniae
727 4275 773 4338 ir.
798 4284 829 4353 4,
854 4295 880 4338 v.
898 4281 973 4340 254:
998 4280 1073 4337 Nam
1095 4280 1144 4336 cni
1166 4281 1246 4352 quod
1269 4285 1345 4351 apat
1366 4280 1441 4338 insti·

290 4382 425 4434 tutnmat.
470 4371 507 4434 ir.
530 4376 559 4444 8,
584 4389 610 4435 v.
635 4377 696 4437 266
713 4391 774 4455 sq.:
809 4379 866 4437 Pro
890 4375 1057 4436 malefactis
1081 4378 1197 4437 Helene
1219 4377 1338 4446 redeat,
1369 4383 1442 4452 virgo
