3125 5075
581 339 620 377 ΒΕ
635 339 732 380 101)Ιῦ.
746 361 771 369 -
787 341 1009 383 ΟΟΝΙΙΙΙΙΟΤΙΙΙΠΒ.
1317 355 1376 417 179

213 532 257 597 lu)
279 528 411 601 Meas,
441 528 514 603 φαία
534 532 705 605 extempulo
726 532 820 608 Dupli
841 533 914 608 tibi,
941 532 1007 593 auri
1029 539 1061 593 et
1083 532 1212 595 hominia
1238 533 1378 599 furlano

212 624 289 686 sict?
330 622 388 694 IV.
409 627 438 705 2,
462 629 519 689 59:
543 628 623 705 Quid
643 645 716 702 ergo
736 630 864 698 debitos,
886 631 959 704 φαία
973 630 1114 691 lubenter
1136 637 1188 692 tuo
1209 649 1262 693 oro
1283 650 1376 709 meus,

213 723 294 799 quod
315 725 432 799 possiet
452 726 578 799 Facere,
596 725 701 798 sociat
721 729 809 789 male.
855 725 983 791 Terent.
1007 725 1106 792 Andr.
1128 727 1159 805 l,
1183 730 1218 805 2,
1245 732 1278 792 l:
1308 730 1378 790 Non

212 822 371 889 dommac,
393 823 467 895 φαίη
489 841 611 884 morem
632 823 709 883 nolit
729 824 817 887 filius.
862 822 905 901 11,
930 827 959 902 3,
986 829 1023 887 17
1036 841 1098 904 alp:
1122 842 1192 886 nom
1215 827 1271 889 hoc
1294 827 1377 889 houd

212 921 373 997 άαίίααίαί,
394 922 468 994 φαία
491 920 634 982 Chremes
655 922 722 982 Tibi
744 939 804 984 nou
826 922 875 982 det
895 927 1025 999 gustam.
1070 925 1107 999 4,
1131 925 1159 987 2.
1184 920 1249 999 ΙΠ,
1273 929 1302 1001 2,
1326 928 1376 988 ol.

213 1014 319 1081 Plaut.
344 1016 458 1097 Amph.
475 1014 533 1094 ΙΙΙ,
551 1021 580 1095 3,
602 1021 647 1080 15.
677 1013 940 1096 eist.1,1,1ro:
964 1020 1118 1096 Numquid
1140 1035 1187 1081 mu
1202 1022 1258 1096 oia,
1282 1029 1378 1084 mator

212 1117 295 1177 iutro
317 1116 390 1190 φαία
420 1114 507 1177 eam?
553 1113 682 1178 Terent.
707 1114 841 1195 Adelph.
864 1114 908 1194 II,
933 1119 963 1195 2,
986 1122 1041 1183 39:
1063 1120 1228 1196 Numquid.
1241 1122 1288 1181 oca
1301 1121 1375 1193 φαία

213 1215 341 1276 obeam
385 1209 500 1275 Hesus.
525 1208 584 1289 IV,
597 1214 627 1290 2,
643 1214 681 1275 8;
703 1212 759 1274 Nil
780 1220 840 1275 tam
862 1214 1022 1295 difficilest,
1045 1218 1119 1291 φαία
1140 1218 1313 1294 quaerendo
1329 1219 1376 1279 iu·

213 1312 355 1387 vestigari
386 1310 503 1383 possiet.
549 1311 584 1386 6,
616 1313 648 1372 l:
681 1311 805 1371 It'ulloet
834 1319 895 1373 tom
921 1313 1109 1389 faciliores,
1140 1316 1214 1389 φαία
1244 1313 1377 1378 diflicilia

211 1410 281 1478 aiot.
311 1411 405 1483 Quom
434 1408 545 1467 invitus
573 1406 677 1469 faciae.
722 1407 805 1471 Eun.
828 1406 867 1487 V,
891 1412 921 1487 2,
945 1414 978 1474 3:
1008 1419 1043 1472 ut
1063 1410 1147 1474 nullo
1180 1413 1267 1474 modo
1289 1414 1374 1475 latro

212 1508 259 1569 ira
289 1524 408 1582 possem
436 1507 509 1579 φαία
538 1506 673 1567 viderem
701 1524 759 1568 me.
808 1505 886 1571 Hac·
911 1504 938 1584 Ι,
965 1511 992 1586 l,
1016 1512 1113 1587 lap:
1140 1510 1183 1569 Et
1212 1527 1318 1571 moneo
1342 1516 1374 1572 et

212 1606 335 1683 hortor,
349 1621 387 1664 αα
402 1606 596 1680 quoiusquam
610 1603 757 1672 ίαίαανφαί,
779 1604 860 1681 Quin
873 1605 982 1679 spolies
996 1607 1113 1666 mutiles
1129 1607 1248 1682 luceres,
1271 1625 1373 1684 quem·

212 1719 302 1778 quem
323 1709 414 1763 nacto
443 1702 500 1773 sis,
531 1698 586 1764 ubi
608 1699 745 1765 Ursinus
774 1700 845 1764 vult
871 1704 945 1775 φαία
972 1700 1122 1767 hortandi
1149 1701 1213 1767 mm
1240 1700 1373 1783 habere,

212 1797 342 1863 uidetur
364 1796 464 1877 igitur
479 1796 511 1861 in
526 1795 586 1861 hac
601 1794 823 1861 enuntiatione
838 1796 1074 1863 oouiunotivum
1088 1816 1147 1880 pro
1165 1799 1371 1881 imperatorio

212 1896 393 1975 accepisse,
421 1911 485 1959 uon
510 1898 608 1958 recta.
652 1893 734 1959 Eun.
758 1894 813 1974 IV,
837 1901 873 1965 1,
896 1899 953 1961 21:
982 1914 1145 1973 αααιφααα
1166 1899 1271 1959 oscedo
1299 1900 1373 1973 φαία

212 1998 267 2059 aba
295 2003 325 2054 te
352 1995 457 2054 oleam
486 1995 612 2055 doctior.
656 1991 734 2056 Heu.
755 1991 788 2070 I,
811 1996 848 2070 2,
872 1998 928 2059 75:
952 2013 1017 2056 eam
1040 1997 1170 2058 ludibrio
1193 1997 1307 2070 haberi,
1332 2032 1370 2044 -

211 2096 294 2172 ραία
314 2095 463 2169 integram
484 2092 588 2153 itidem
610 2092 743 2166 reddam,
766 2100 800 2152 ut
821 2094 927 2168 accepi
949 2094 986 2154 ab
1002 2095 1072 2168 suis,
1095 2092 1199 2167 Neque
1220 2096 1374 2156 Ιιαααείαα

211 2194 287 2254 milri
307 2207 400 2265 noque
414 2189 487 2252 utic
508 2190 567 2263 ipsi
589 2189 733 2265 virginisl.
767 2186 830 2265 111,
853 2193 884 2267 3,
909 2191 965 2252 39:
991 2191 1054 2251 acio
1076 2190 1188 2249 αααίαί
1211 2195 1301 2255 aliter
1323 2210 1372 2255 aas·

211 2293 341 2365 ,pedum
359 2287 442 2362 sore,
473 2287 570 2364 Quin,
599 2286 677 2362 quod
698 2288 765 2347 veri
785 2288 927 2355 similest,
955 2304 993 2347 ex
1014 2293 1045 2347 ta
1074 2293 1158 2348 recte
1181 2304 1249 2349 eum
1272 2298 1372 2351 uotum

215 2391 336 2464 puteal.
380 2383 462 2448 Eun.
484 2380 524 2461 V,
547 2386 582 2460 8,
605 2385 663 2446 62:
690 2384 864 2459 Numquam
894 2385 983 2445 otiam
1005 2383 1055 2457 soi
1075 2402 1213 2460 usquam,
1235 2386 1309 2459 φαία
1329 2405 1375 2448 ma

213 2489 354 2548 moal
376 2500 477 2546 omnes
499 2483 668 2560 plurimum.
713 2477 739 2560 I,
763 2485 792 2559 2,
820 2484 896 2546 100:
920 2499 1011 2557 φαααί
1032 2484 1099 2545 ioco
1123 2483 1197 2544 Rem
1221 2485 1375 2548 voluistis

212 2601 261 2646 ma
283 2583 423 2655 taudem,
453 2579 528 2655 φαία
550 2581 736 2653 perfeceris?
779 2577 819 2659 V,
843 2583 880 2658 2,
903 2583 933 2645 3.
958 2578 1076 2644 Heaut.
1098 2576 1130 2659 Ι,
1153 2585 1188 2657 2,
1212 2582 1265 2645 19;
1293 2583 1374 2660 Quid

211 2683 347 2745 relicuist
366 2679 438 2753 φαία
461 2677 576 2738 palmo
609 2675 743 2756 Adelph.
767 2675 811 2756 ΙΙ,
835 2681 865 2757 2,
891 2681 940 2741 14.
964 2681 998 2755 3,
1021 2680 1051 2740 4.
1076 2673 1114 2755 V,
1136 2680 1167 2756 4,
1190 2678 1220 2741 2.
1242 2675 1371 2745 Phorm.

211 2777 252 2856 V,
276 2784 306 2856 4,
331 2779 359 2840 6.
387 2780 416 2853 9,
441 2777 495 2837 26:
518 2793 556 2836 ea
576 2776 649 2849 φαία
670 2776 711 2835 sit
730 2774 922 2849 ίφαοεααάα.
950 2773 1006 2838 ubi
1035 2774 1208 2840 secuudum
1231 2772 1370 2841 Schmie·

211 2875 327 2940 rlorum
350 2889 389 2938 es
404 2871 603 2953 praegressis
618 2890 679 2932 oon
692 2888 765 2947 αιφο
779 2877 887 2937 mente
903 2871 1083 2936 addendum
1100 2875 1150 2935 est
1164 2889 1224 2932 ααα
1238 2876 1369 2949 mobis.

209 2970 289 3037 Hoc.
313 2969 351 3048 V,
377 2975 405 3042 1.
427 2973 463 3034 2:
486 2971 548 3032 Nec
573 2972 623 3046 pol
645 2986 692 3031 ma
716 2973 840 3031 multum
862 2971 953 3048 follit,
975 2971 1048 3044 φαία
1069 2971 1149 3046 quod
1171 2973 1310 3048 suspicor
1331 2974 1373 3034 ait

211 3071 292 3148 quod
320 3071 404 3134 velit.
450 3071 484 3147 2,
508 3071 542 3132 2:
563 3068 619 3127 Nil
644 3067 725 3143 apud
752 3085 799 3129 me
830 3068 886 3128 tibi
913 3068 1029 3140 Defieri
1049 3069 1172 3140 potior,
1193 3069 1267 3141 φαία
1294 3071 1372 3145 quod

212 3186 290 3244 opus
325 3167 365 3229 'sit
391 3167 518 3241 herimo
548 3166 740 3240 petasatos.
795 3163 845 3228 De
878 3162 1016 3227 formula
1047 3164 1158 3224 αίίαααί
1194 3167 1267 3239 φαία
1300 3164 1373 3229 vida

209 3265 385 3329 Duautzer.
407 3263 448 3327 ad
470 3261 537 3326 Liv.
561 3260 659 3326 Andr.
682 3258 719 3325 ir.
732 3260 820 3326 Aiac.
844 3279 875 3340 p.
892 3264 943 3326 39.
973 3259 1062 3324 Boot.
1079 3266 1247 3324 commeat.
1265 3259 1368 3326 Plaut

207 3378 241 3442 p.
267 3364 327 3425 177
343 3377 390 3440 sq.
434 3359 579 3424 Liudcm.
606 3358 647 3423 ad
673 3358 788 3439 Amph.
817 3357 911 3439 1‚1,
938 3361 1006 3422 132.
1050 3354 1154 3421 Plaut.
1186 3355 1301 3439 Amph.
1325 3356 1368 3439 11,

208 3463 239 3538 2,
266 3462 341 3523 118:
362 3461 481 3522 Mirum
508 3460 582 3534 φαία
611 3466 642 3518 to
669 3460 814 3520 advorsus
843 3458 932 3518 sicot
979 3453 1051 3519 Aul.
1073 3452 1107 3531 I,
1129 3457 1166 3533 2,
1191 3458 1228 3518 7;
1251 3458 1368 3518 Mirum

206 3559 282 3634 φαία
303 3565 356 3620 tuo
377 3563 425 3618 me
446 3574 538 3618 eausa
559 3556 656 3629 sociat
686 3557 823 3631 luppiter
850 3556 1020 3630 Philippum
1047 3569 1160 3628 regem.
1210 3548 1287 3617 cist.
1311 3552 1368 3631 IV,

205 3659 237 3735 2,
260 3658 320 3719 67:
343 3656 468 3729 Mirum,
492 3654 566 3727 φαία
586 3671 659 3728 grex
682 3655 829 3714 uenalium
851 3654 881 3713 lu
897 3650 1017 3712 cistella
1030 3649 1159 3723 infuerit
1181 3669 1248 3714 uua.
1272 3649 1368 3716 Most.

205 3751 251 3834 11,
274 3755 304 3830 2,
327 3755 382 3816 62:
411 3752 544 3820 lfirum,
570 3750 645 3824 φαία
675 3752 810 3827 vigilanti
838 3751 955 3812 diceret.
1000 3744 1098 3810 Mero
1121 3744 1149 3823 Ι,
1171 3749 1202 3825 2,
1224 3751 1282 3811 91:
1305 3751 1367 3812 afi-

203 3869 275 3913 rum
298 3850 371 3925 φαία
392 3867 438 3910 me
461 3849 644 3923 solipitorcl.
675 3845 764 3911 Pers.
787 3844 845 3925 ΠΙ,
871 3851 898 3925 1,
925 3849 961 3909 ll
979 3859 1044 3923 etp:
1066 3846 1371 3924 Μίνααιφαίατοφία

203 3949 339 4024 Philippi
368 3964 459 4008 eausa
481 3952 533 4007 aut
554 3946 650 4006 Attali
672 3945 714 4006 ‘le
737 3947 837 4021 potius
859 3943 986 4006 oudam
1008 3959 1096 4019 quam
1118 3959 1202 4018 mea,
1225 3962 1301 4020 quaa
1324 3949 1367 4011 uis

202 4063 281 4109 mea.
330 4046 359 4121 3,
383 4047 440 4108 28:
463 4044 579 4106 Μίνααί
601 4043 674 4118 φαία
695 4044 751 4104 tlbi
771 4060 828 4120 ego
850 4043 1009 4109 crederem
1026 4063 1070 4094 =
1084 4054 1148 4103 uon
1170 4043 1221 4104 eat
1241 4042 1367 4123 mirum,

202 4139 291 4223 quod
329 4139 387 4205 tibi
430 4157 493 4204 non
532 4139 637 4204 credo.
693 4137 776 4203 llud.
807 4137 846 4213 V,
869 4142 906 4216 3,
935 4141 993 4201 ὅτε
1023 4139 1141 4200 Mirum
1181 4141 1256 4215 φαία
1290 4147 1372 4202 tuum

171 4242 263 4302 ⁴ius·
289 4257 354 4301 meo
389 4241 505 4316 periclo
552 4255 607 4315 aps
643 4246 674 4299 te
718 4233 865 4313 copulam.
926 4232 1012 4298 Tria.
1052 4232 1104 4314 11,
1137 4239 1173 4316 4,
1211 4241 1267 4302 at:
1309 4240 1372 4301 Mi·

201 4354 272 4400 rum
303 4338 376 4412 ouis
410 4344 444 4400 tu
476 4338 530 4399 luo
562 4343 662 4400 tecum
694 4337 813 4399 diuitias
846 4335 938 4409 saroa.
984 4329 1040 4412 IV,
1067 4336 1102 4410 2,
1135 4336 1213 4400 12⁶:
1247 4337 1372 4401 Minoe

1084 4430 1149 4497 12*
