3125 5075
558 330 660 371 altune.
688 331 958 374 luusuuouuuivnu.
1242 340 1303 400 255

146 513 194 596 (u
218 533 246 582 e
267 514 475 583 hauddubie
496 521 533 584 tu
555 517 595 584 de
617 518 733 599 puellis
763 518 918 600 loquaris,
947 518 975 584 si
1003 524 1092 585 recte
1115 522 1305 587 sententiam

146 618 238 680 mum
265 615 456 694 assequorl)
506 614 563 681 SC.
592 620 703 693 Nesope
734 617 897 681 molestu's.
942 614 999 696 IV,
1026 623 1062 696 4,
1100 623 1151 684 te:
1193 621 1307 695 Nmpe
1404 642 1406 646 ·

146 712 199 774 lde
221 718 293 776 tuus
315 711 399 793 esti,
421 711 452 778 h.
476 731 505 779 e.
534 731 724 796 perseveras
751 714 853 796 igitur
874 715 906 779 in
929 732 968 779 eo
995 715 1081 795 quod
1103 716 1165 780 iam
1186 715 1306 797 dixisti,

146 808 236 876 duno
261 813 353 876 tuum
381 812 473 878 esse?
518 812 588 878 llos
614 811 718 892 ipsum
751 812 815 876 iam
846 812 1018 894 aliquoties
1049 814 1082 877 iu
1113 812 1173 880 hae
1205 832 1305 879 scena

148 905 321 973 Tmuhalio
344 907 540 975 Daemouem
563 910 837 991 interrogaverat,
860 910 915 975 sed
939 910 1059 991 repetit
1080 911 1306 994 interrogatio·

146 1021 222 1070 nem
243 1023 353 1070 suam:
375 1006 436 1073 llio
458 1008 567 1089 igitur,
591 1007 857 1088 quemadmodum
873 1007 990 1085 dixisti,
1013 1025 1127 1074 reuera
1142 1013 1218 1074 tuus
1234 1008 1305 1074 est?

146 1100 247 1168 Certe
274 1109 363 1170 reete
390 1104 520 1170 audivi?
565 1124 594 1169 v.
625 1110 683 1170 36:
710 1109 823 1182 Nesope
848 1114 881 1168 tu
908 1109 985 1169 hano
1008 1109 1099 1178 dieis,
1127 1128 1215 1186 quam
1236 1125 1305 1171 esse

145 1202 253 1265 alaim
272 1204 381 1265 dudum
404 1209 579 1282 popularem
602 1205 736 1283 meaml,
758 1205 813 1269 ubi
835 1205 919 1269 scire
933 1203 1004 1269 vult
1018 1206 1205 1282 Daemones,
1228 1223 1305 1269 num

145 1303 251 1379 reum,
283 1316 380 1380 quam
406 1300 494 1367 dicat
523 1301 708 1372 Trachalio,
742 1308 909 1367 assecutus
935 1302 995 1382 sit,
1028 1303 1070 1368 bu
1098 1299 1204 1382 meluit
1234 1302 1304 1381 tuda

146 1395 195 1462 ule
216 1396 281 1462 -Ι
325 1398 364 1476 V,
386 1403 416 1479 e,
440 1404 498 1465 36:
531 1402 643 1476 Nempe
668 1419 724 1477 pro
753 1419 819 1463 meo
847 1405 916 1463 lure
943 1402 1033 1466 eras?
1077 1399 1165 1466 Triu.
1195 1399 1250 1479 IV,
1274 1406 1304 1477 2,

149 1501 227 1565 124:
249 1498 362 1573 Nm
383 1500 421 1560 ab
443 1502 510 1575 ipso
532 1501 563 1560 id
585 1502 730 1576 accepisti
752 1500 948 1577 Charmidai,
969 1496 1000 1564 h.
1023 1517 1051 1563 e.
1074 1516 1152 1564 reue
1174 1516 1250 1564 vera
1271 1503 1304 1563 te

146 1595 187 1661 ab
210 1593 282 1676 ipso
304 1591 361 1659 Clu
384 1594 445 1660 hoe
467 1595 631 1676 occepisse
654 1594 818 1662 affirmas?
852 1596 944 1662 Truo.
975 1595 1026 1676 ΙΙ,
1048 1602 1085 1675 4,
1110 1601 1164 1662 11:
1191 1597 1306 1672 Nmpe

146 1703 180 1756 tn
202 1696 265 1756 eria
288 1694 376 1755 hodie
400 1712 525 1770 meeum,
549 1713 616 1755 mea
637 1694 857 1758 Phronesium?
900 1692 1027 1759 Terent
1043 1693 1140 1758 Andr.
1162 1693 1189 1773 l,
1206 1700 1232 1771 l,
1246 1698 1301 1759 24:

147 1791 263 1867 Nesope
281 1809 353 1866 ergo
374 1801 480 1869 aperte
502 1794 547 1854 ris
569 1810 645 1868 quae
668 1801 785 1856 restant
807 1811 854 1855 me
877 1794 982 1869 loqui?
1011 1792 1050 1871 V,
1065 1796 1095 1871 4,
1111 1797 1167 1856 47:
1187 1790 1306 1868 Nempe

147 1889 202 1954 id?
245 1887 447 1968 Phormll,
474 1893 583 1968 1,72;
613 1892 726 1966 Nesope
754 1892 982 1953 Phormionem?
1026 1888 1104 1955 Hes.
1132 1888 1163 1969 1,
1187 1894 1221 1965 2,
1244 1894 1304 1956 30:

146 1989 260 2063 Nm
283 2007 322 2049 aa
343 2003 451 2066 eausa,
474 1995 507 2049 ut
530 2006 567 2048 ne
590 1989 620 2050 ld
641 1989 696 2050 fist
717 1991 837 2065 palam?

234 2101 264 2165 g.
309 2084 455 2165 Denique
476 2083 686 2165 interrogatio
707 2085 839 2166 ponitur
860 2103 920 2165 pro
950 2083 1172 2150 enuntiatione
1194 2102 1304 2167 sump-

146 2181 223 2246 tiva
267 2180 320 2248 sic
340 2180 444 2247 Ptaut
468 2182 585 2264 Amph.
608 2181 667 2262 ΙΙΙ,
690 2190 721 2262 4,
748 2184 935 2248 12:21mat
958 2186 1046 2261 sapit,
1069 2182 1099 2248 lu
1124 2200 1151 2246 e.
1166 2186 1196 2243 oi
1210 2190 1303 2252 amat,

145 2278 304 2354 alluoulu
323 2278 383 2358 111,
399 2286 429 2359 4,
453 2284 486 2346 e:
508 2284 595 2343 lllum
617 2285 770 2359 exoptavit
796 2283 917 2358 potius?

237 2383 287 2442 ll.
330 2376 546 2443 Transeamus
567 2378 608 2444 ad
630 2396 687 2443 eas
707 2378 990 2459 interrogationes,
1019 2394 1102 2457 quae
1131 2394 1304 2457 expressae

148 2478 228 2541 sunt
248 2491 308 2556 por
329 2475 518 2557 pronomina
540 2474 592 2543 vel
613 2475 767 2542 adverbia
788 2476 1027 2558 interrogativa
1062 2474 1167 2540 Plaut
1189 2474 1304 2557 Amplu

147 2572 191 2654 ΙΙ,
213 2578 245 2655 2,
270 2579 345 2641 tar:
367 2577 525 2654 wudu
547 2576 768 2638 sithominis?
811 2574 883 2639 Aul.
906 2573 953 2653 ΙΙ,
976 2579 1013 2653 2,
1036 2578 1095 2644 40:
1123 2576 1203 2652 Quid
1225 2594 1303 2637 none

147 2690 194 2735 me
221 2674 288 2735 ria?
331 2678 369 2753 4,
396 2677 450 2738 l'l:
483 2674 565 2753 Quid
585 2673 736 2750 negotist?
781 2671 853 2737 cas.
876 2670 940 2751 ΙΙΙ,
964 2677 1000 2752 5,
1024 2677 1078 2736 dl:
1111 2673 1185 2747 quid
1205 2671 1302 2734 dues?

146 2766 253 2847 toleio
274 2766 366 2852 glutll
395 2768 473 2835 cist
495 2770 544 2846 II,
568 2775 607 2848 3,
629 2774 687 2836 36;
718 2773 800 2850 „um
822 2768 982 2834 habim?“
1006 2773 1134 2848 inquam.
1157 2773 1244 2848 „Due
1266 2788 1304 2831 au

146 2869 325 2931 demonstra
350 2867 458 2933 mihll“
503 2866 560 2948 IV,
583 2873 617 2947 2,
643 2872 697 2932 16:
723 2870 804 2947 Quid
826 2867 945 2946 „lnio?“
967 2894 1009 2922 =
1030 2867 1106 2947 quid
1135 2866 1206 2932 dieo
1229 2869 1303 2930 lule?

146 2963 240 3046 upiu.
263 2963 322 3042 lV,
344 2970 375 3045 2,
398 2970 434 3031 3:
457 2963 559 3046 Quom
580 2983 677 3028 meam
698 2968 859 3044 matreml,
882 2965 936 3031 ubi
955 2985 1047 3041 quom
1066 2969 1117 3030 est
1143 2983 1232 3045 pron.
1255 2965 1305 3028 in·

146 3062 391 3144 terrogutiuum.
435 3063 531 3128 Most
553 3061 618 3142 ΙΙΙ,
645 3070 675 3141 l,
699 3066 754 3128 92:
776 3064 857 3141 Quid
877 3064 1017 3126 iubeam?
1062 3062 1258 3128 Menaechm.
1276 3061 1304 3142 Ι,

147 3162 177 3240 2,
198 3166 257 3226 44:
279 3165 344 3240 Age
366 3179 439 3226 saue
460 3164 561 3239 igitur,
584 3162 704 3238 quaudo
725 3180 850 3238 aequom
873 3178 950 3235 oras,
973 3178 1067 3247 quamn
1088 3179 1155 3222 mox
1174 3161 1304 3222 lucendo

146 3259 273 3335 rogum?
314 3256 403 3324 Pers
425 3258 475 3338 11,
499 3263 535 3338 2,
558 3262 616 3324 28;
641 3260 723 3336 Quod
752 3258 824 3321 me?
865 3255 959 3321 Plu.
989 3260 1094 3320 Utrum
1122 3264 1168 3332 te,
1198 3259 1303 3318 hercle

146 3357 280 3419 buseio.
323 3354 452 3422 Tenent.
479 3355 595 3422 Heaut
624 3354 679 3429 lv,
703 3361 738 3435 3,
769 3360 823 3422 38:
850 3356 933 3434 Quid
958 3359 1067 3416 malum
1094 3372 1140 3416 me
1170 3363 1301 3416 aetatem

146 3470 254 3516 eausa
280 3457 360 3517 ralla
385 3457 416 3516 id
444 3454 676 3517 sdsimularlerl
717 3451 1304 3531 Puom.11,a‚1u.s,1:noum-

145 3566 239 3625 qaeu
259 3553 417 3629 quoiquam
440 3554 684 3615 contumeliosius
705 3553 841 3613 Audistis
864 3551 974 3613 lautam
995 3552 1133 3612 iniurium
1155 3549 1217 3612 -Ι
1263 3546 1303 3620 V,

148 3652 176 3722 l,
201 3651 255 3714 12:
278 3656 311 3711 et
331 3668 429 3713 meum
450 3667 558 3713 nomen
580 3648 755 3725 nominati,
785 3647 840 3713 ubi
866 3651 933 3723 gule
954 3667 993 3713 ex
1016 3664 1208 3728 praegressa
1228 3665 1305 3711 oru-

146 3743 233 3811 tione
263 3752 370 3812 mento
401 3745 583 3812 addendum
609 3751 667 3810 est.
714 3744 772 3808 nd.
801 3743 864 3824 111,
895 3750 929 3824 2,
954 3750 1011 3809 28:
1039 3748 1206 3808 Aurelium
1237 3742 1303 3808 SO.

145 3843 228 3920 Ouid
253 3846 281 3906 is
309 3846 402 3923 ergo?
445 3843 515 3912 GE.
543 3847 660 3907 uinum
687 3854 735 3906 eat
761 3846 799 3907 ab
821 3852 924 3905 nostra
958 3845 1079 3908 familia.
1125 3841 1185 3908 SO.
1213 3846 1301 3920 Hem,

145 3942 235 4005 Parit
267 3960 329 4018 guo
362 3944 416 4006 re?
465 3941 515 4007 De
548 3958 625 4008 vose
657 3940 887 4021 interrogativa
918 3943 994 4016 quin
1030 3940 1102 4005 uide
1136 3941 1166 4004 iu
1201 3937 1304 4019 parti·

228 4087 283 4200 ⁸18.
328 4134 392 4203 Sed
413 4140 550 4216 possunt
570 4135 840 4218 interrogationes
862 4135 959 4200 etiam
981 4134 1117 4216 proferri
1141 4152 1198 4215 per
1220 4151 1296 4214 por·

145 4231 262 4299 tiuulas
275 4232 533 4319 interrogativas,
555 4251 637 4315 quaa
651 4251 736 4299 nuno
750 4234 902 4314 deinoeps
916 4231 1135 4298 tractabimus.
1165 4230 1295 4296 Initium

144 4327 202 4395 fiat
227 4350 249 4396 a
274 4351 324 4411 oe,
354 4332 441 4412 quod
462 4341 551 4398 reete
580 4332 762 4414 appellatur
791 4331 832 4396 ab
855 4330 980 4396 llaudio
1003 4330 1096 4394 Turs.
1119 4329 1175 4408 lv,
1200 4347 1229 4409 p.
1254 4333 1299 4393 73
