3125 5075
526 385 633 428 BNUNO.
659 385 927 424 loreaeooarlt'ae.
1236 392 1298 454 267

135 592 259 652 qusque
280 591 329 636 me
351 574 496 638 adiuvo?
519 572 581 638 Hic
603 573 686 639 dunc
709 573 949 639 enunciationes
970 572 1003 638 iu
1023 588 1118 637 unam
1133 572 1299 648 conflatae,

135 669 264 736 altera:
288 673 373 734 Satin
396 704 439 717 -
461 689 508 734 me
531 675 666 747 adiurat,
695 671 811 736 altera:
841 679 874 734 ut
896 673 1091 735 commoditas
1114 704 1155 714 -
1178 688 1224 732 rue
1248 672 1300 732 ad·

138 769 257 831 iurat“
299 766 391 834 Adde
414 768 528 848 Amph.
552 768 602 844 11,
626 772 663 849 2,
690 775 719 834 l:
750 769 839 830 Setia
860 787 953 847 parra
984 788 1034 833 res
1063 778 1096 831 ιι
1117 767 1184 831 -i
1229 765 1300 832 Cae.

139 863 187 942 ΙΙ,
209 871 241 945 4,
264 868 323 930 aaz
347 868 456 929 Sumne
479 885 533 945 ego
556 870 647 929 miser
669 865 774 929 bomo?
795 867 884 930 solin'
906 886 1009 930 omues
1031 884 1081 929 res
1103 876 1173 929 suut
1196 867 1302 928 adror-

136 981 196 1025 sae
219 962 316 1026 tibi?
345 963 406 1046 111,
429 970 460 1040 4,
483 968 519 1029 8:
543 964 632 1026 Satin
653 974 779 1042 propter
803 976 832 1027 te
854 983 947 1044 pereo
970 984 1025 1041 ego
1048 974 1136 1042 atque
1159 963 1303 1027 occasio?

139 1057 219 1123 eisc
243 1058 278 1130 1,
301 1066 334 1141 3,
358 1065 395 1126 2:
429 1063 516 1126 Satin
545 1065 592 1124 rix
621 1066 743 1140 reliquit
773 1065 846 1139 deo,
882 1065 961 1140 qnod
991 1067 1183 1141 loqueretur,
1219 1060 1303 1124 loci?

139 1155 239 1238 Enio
261 1156 300 1238 V,
327 1164 356 1239 l,
379 1164 397 1223 2
422 1176 484 1239 sq:
507 1160 604 1222 Sutin'
626 1163 687 1223 illic
710 1163 798 1224 homo
821 1163 949 1223 ludibrio
979 1179 1034 1223 uos
1057 1164 1174 1222 vetulos
1198 1162 1302 1220 decre-

139 1257 225 1333 pitos
253 1257 328 1319 duos
361 1258 482 1322 Habet?
526 1256 641 1322 Bacch.
672 1255 739 1337 ΙΠ,
771 1263 807 1334 3,
832 1263 891 1323 87:
926 1258 1014 1320 Sotira
1043 1267 1076 1319 ut
1096 1290 1140 1300 —
1163 1256 1303 1320 nescias?

137 1345 184 1432 4,
201 1356 236 1418 ll
261 1357 350 1418 satin.
396 1354 492 1420 Most.
515 1354 541 1434 I,
570 1362 595 1435 l,
619 1361 673 1420 73:
698 1357 795 1444 Sotin'
816 1360 890 1419 obiit
912 1374 1008 1433 neque
1030 1358 1108 1431 quod
1132 1358 1193 1417 dixi
1215 1354 1303 1416 flocci

139 1452 340 1528 exbtumatl,
363 1472 393 1518 r.
416 1452 524 1518 adnot.
547 1451 646 1517 Gron.
671 1453 867 1520 Menaechm.
884 1452 953 1528 111,
969 1457 999 1532 2,
1023 1457 1062 1518 56
1086 1452 1189 1516 8ιιίι’.
1219 1450 1304 1516 Meu.

143 1567 174 1613 r.
199 1551 276 1614 736:
297 1550 388 1612 seon'
410 1554 483 1613 baec
505 1561 590 1612 recte
613 1553 753 1615 fabulor?
774 1577 819 1604 =
841 1569 955 1617 nonne.
990 1550 1058 1616 Mil.
1073 1568 1102 1615 v.
1126 1555 1188 1617 333
1207 1552 1303 1613 Satin.

143 1643 192 1726 ΙΙ,
214 1649 245 1722 6,
272 1652 303 1711 l:
324 1647 412 1709 Satin
433 1651 507 1710 abiit
536 1652 597 1712 ills.
643 1649 707 1714 Mil.
731 1669 759 1715 v.
785 1655 855 1716 393.
886 1649 985 1714 Mero.
1009 1649 1056 1726 ΙΙ,
1080 1654 1118 1726 3,
1143 1652 1179 1713 3:
1204 1648 1301 1726 Satin,

142 1745 287 1824 quidquid
310 1755 373 1821 est,
396 1750 423 1808 si
444 1767 530 1823 quum
555 1767 616 1810 rem
640 1769 695 1826 ego
718 1769 808 1827 egere
831 1752 953 1824 occepi,
977 1751 1131 1826 Proprium
1155 1749 1228 1808 mibi
1252 1763 1305 1807 ne·

143 1846 210 1921 quit
240 1845 360 1906 evenire
390 1846 421 1906 id
450 1848 528 1922 quod
558 1847 667 1921 cupio?
710 1854 746 1925 4,
774 1853 829 1912 13:
859 1846 955 1907 Sotin'
984 1856 1018 1908 ut
1039 1848 1151 1908 oblitus
1174 1844 1218 1905 fui
1239 1845 1306 1905 Tibi

143 1960 192 2004 rue
215 1942 410 2005 narravisse?
454 1943 568 2008 Pseud.
592 1941 617 2022 I,
643 1948 672 2022 2,
696 1947 755 2007 60:
787 1948 868 2007 satin
891 1945 1063 2021 magnificus
1086 1945 1141 2005 tibi
1164 1941 1305 2005 ridetur?

143 2036 201 2117 iv,
227 2042 257 2108 1,
279 2041 335 2101 24:
366 2051 490 2103 ornatus
513 2045 561 2102 bic
584 2044 682 2103 sotim
703 2061 749 2104 mc
773 2043 944 2104 condecet?
987 2038 1084 2105 Poeo.
1113 2038 1168 2115 IV,
1192 2045 1222 2115 2,
1246 2042 1306 2103 97:

143 2131 267 2205 Setino,
297 2138 471 2214 priusquam
494 2149 615 2202 unumst
637 2142 779 2202 iniectum
803 2146 912 2214 telum,
946 2142 1005 2199 iam
1038 2141 1132 2200 instet
1153 2135 1305 2200 alterum?

142 2232 253 2315 (Vulg-
277 2239 353 2303 mm,
375 2221 481 2317 Aflpg
504 2242 579 2307 tom,
601 2236 695 2302 Both.
717 2236 803 2315 inm).
848 2237 937 2300 Pers.
961 2234 992 2310 Ι,
1019 2242 1055 2311 l,
1080 2239 1134 2299 23:
1164 2236 1252 2295 Sotira
1275 2241 1307 2295 tu

145 2351 241 2412 usque
263 2327 410 2396 valuisti?
454 2333 509 2404 ΙΙΙ,
532 2342 567 2413 4,
593 2340 626 2399 l:
658 2336 746 2396 Satin
768 2338 905 2397 Athenae
935 2337 992 2397 tibi
1015 2342 1083 2396 sunt
1105 2336 1186 2397 visae
1210 2333 1307 2394 iortu·

145 2441 237 2496 natm
259 2440 349 2507 atque
372 2435 536 2508 opiparas?
560 2453 588 2496 v.
606 2436 677 2496 106:
702 2434 798 2494 Sotin'
819 2444 852 2495 ιι
871 2435 1004 2494 meminit
1026 2429 1199 2496 libertatis?
1223 2428 1307 2493 itud.

144 2524 201 2602 IV,
219 2531 248 2604 5,
266 2531 301 2593 3:
326 2528 413 2591 Scan
435 2533 531 2608 siquoi
554 2533 666 2595 homini
688 2534 718 2593 di
741 2551 808 2595 esse
832 2534 907 2594 bene
930 2530 1042 2593 iactum
1062 2531 1174 2604 rolunt,
1197 2531 1308 2605 Aliquo

143 2629 217 2689 illut
239 2633 329 2703 paeto
352 2630 480 2704 optingit
510 2640 646 2706 optatum
668 2633 743 2707 piis,
773 2629 815 2694 ud
838 2647 867 2710 q.
891 2627 911 2693 l.
935 2627 1090 2694 Gronovc
1121 2625 1212 2707 „Hac
1234 2642 1307 2706 par-

145 2722 248 2789 ticule
275 2742 432 2805 persaepe
462 2725 565 2791 utitur
588 2724 722 2792 Plautus
745 2745 820 2807 pru:
848 2744 950 2791 nonne
973 2743 1083 2791 verum
1107 2730 1174 2802 est,
1205 2738 1309 2788 nonne

144 2821 317 2903 appareb'‘
347 2821 435 2888 Trin.
459 2823 513 2899 lV,
536 2829 565 2898 2,
582 2828 639 2889 80:
662 2826 752 2886 Satin
773 2829 853 2888 inter
875 2830 962 2888 labra
983 2833 1072 2902 atque
1095 2826 1195 2887 dentis
1218 2826 1308 2885 latuit

146 2923 195 2983 rir
217 2923 339 2983 minumi
361 2922 478 3000 pretii,
508 2921 549 2987 ad
572 2939 601 3002 q.
624 2919 644 2988 l.
668 2922 774 2987 Linde
806 2922 896 3002 „Hoc
917 2922 987 2987 loco
1010 2924 1091 2985 autin
1112 2919 1307 3003 indignantis

144 3023 215 3085 est:
238 3038 337 3093 nonno
360 3039 462 3084 rerum
485 3028 546 3094 cst,
579 3040 645 3081 eum
669 3024 718 3082 diu
741 3024 866 3084 latuisse
875 3020 911 3084 ?“
936 3024 964 3097 3,
989 3023 1025 3084 6;
1061 3021 1149 3082 Sotira
1170 3024 1200 3081 in
1224 3022 1306 3081 lber·

145 3119 280 3195 morolio
303 3119 478 3181 Condalium
501 3138 534 3179 es
557 3120 667 3180 oblitus
690 3119 754 3182 —i

235 3232 264 3279 n.
311 3214 491 3296 Separatim
514 3216 768 3282 commemorabo
792 3213 889 3280 etium
911 3212 1079 3280 formulam
1102 3213 1305 3293 frequentem

140 3314 257 3389 potho
302 3310 405 3378 Plout.
430 3311 500 3378 Cae.
524 3312 587 3384 ΙΙΙ,
611 3320 639 3390 6,
666 3319 722 3379 10:
746 3315 845 3389 pooa'
875 3333 961 3377 eme
984 3314 1097 3378 abeas?
1139 3310 1255 3376 Bacch.
1278 3328 1307 3374 ν.

148 3414 231 3477 tol:
251 3400 344 3487 botin
371 3422 405 3475 ut
427 3433 515 3475 eures
538 3423 566 3474 te
591 3421 680 3490 atque
707 3423 740 3475 ut
762 3432 799 3474 ue
821 3431 930 3489 parcae
952 3412 1046 3475 mibi?
1090 3409 1205 3475 Pseud.
1229 3408 1254 3489 I,
1278 3414 1309 3489 3,

147 3512 187 3573 b:
210 3508 301 3571 Potin
329 3513 419 3573 aliam
447 3530 511 3572 rem
535 3522 567 3572 ut
590 3510 698 3573 cures?
741 3509 839 3575 Poon.
863 3509 918 3586 lv,
942 3506 1052 3587 2494:
1081 3508 1180 3571 Potin'
1206 3517 1239 3569 ιι
1266 3519 1312 3569 ιιι·

148 3606 244 3670 cousi
265 3606 354 3673 Pers.
379 3606 420 3683 ΙΙ,
447 3612 473 3684 l,
498 3612 532 3674 8:
555 3608 651 3670 Potia'
674 3620 707 3673 ιι
721 3609 850 3672 taceas?
869 3611 954 3685 ροιίι
976 3629 1014 3671 ne
1036 3608 1179 3671 moneas?
1209 3615 1240 3677 4,
1260 3610 1309 3671 16:

148 3708 241 3771 Potin
262 3715 295 3769 ut
316 3710 459 3769 molestus
483 3726 520 3767 ne
551 3709 635 3770 sies?
679 3726 708 3770 ι.
734 3711 790 3771 26;
818 3708 918 3782 poon’
940 3708 1052 3771 abeas?
1096 3703 1310 3784 Truc.11,8,

149 3813 187 3873 o:
210 3806 466 3881 Quaeso.1›otioe
488 3808 624 3882 planius,
649 3809 742 3882 Quem
766 3810 905 3869 exclusus
929 3825 1007 3868 nunc
1028 3805 1117 3868 sum?
1161 3801 1200 3878 V,
1223 3820 1252 3866 v.
1277 3806 1312 3866 b:

146 3904 255 3976 Potin',
282 3910 317 3965 ιι
338 3906 480 3966 molestus
503 3922 541 3965 ne
563 3905 627 3968 sis?

235 4018 264 4067 o.
308 3999 343 4067 Si
365 4001 544 4083 complures
576 4001 845 4083 interrogationes
868 4006 1060 4081 sequuntur,
1090 4016 1227 4081 quarum
1249 3999 1315 4080 pri·

147 4116 222 4167 mae
242 4118 283 4163 ae
302 4099 446 4165 additum
468 4109 528 4171 est,
550 4099 582 4164 id
604 4099 638 4164 in
661 4098 795 4180 reliquis
818 4099 1124 4180 interrogationibus
1144 4097 1311 4162 omittitur.

148 4197 257 4267 Plena
280 4196 371 4279 eant.
395 4197 420 4277 l,
444 4201 474 4275 2,
498 4203 554 4263 36;
577 4202 683 4274 morae
705 4201 788 4260 illum
813 4217 871 4260 nou
894 4198 1004 4262 tieem?
1029 4213 1082 4272 coo
1104 4215 1163 4259 uon
1185 4195 1313 4257 defleam

148 4302 256 4364 Talem
276 4297 527 4363 admsreeutem?
557 4294 614 4374 IV,
638 4302 668 4375 2,
692 4301 733 4362 99
749 4312 819 4377 sqq.
842 4294 921 4361 baec
943 4295 1094 4375 deinceps
1116 4297 1313 4375 sequuntur:

149 4397 455 4477 lieumee'gnatum?
484 4428 527 4441 —
555 4399 597 4458 Et
619 4399 768 4474 raporum
792 4396 876 4457 illum
897 4394 1095 4459 Alidensem?
1118 4426 1157 4443 --
1186 4396 1228 4455 Et
1250 4411 1315 4456 rer·
