3125 5075
211 371 274 430 248
645 361 801 404 sussum.
821 361 885 404 on.
900 362 941 404 ΙΙΙ.

209 555 260 599 me
281 539 396 598 licebit.
441 534 567 600 Terent.
591 534 727 617 Adelph.
750 536 789 616 V,
811 540 842 616 8,
865 540 900 600 8:
933 540 1045 600 Petere
1066 538 1127 598 ism
1147 539 1199 598 din
1221 538 1299 598 baec
1318 556 1376 613 per

209 653 304 696 uanos
326 653 385 697 non
405 641 517 711 potest.
542 634 600 699 Ad.
614 632 640 714 1,
658 641 687 712 2,
703 637 758 700 28:
782 635 851 696 dnm
868 653 927 710 per
940 641 1065 698 actum
1087 633 1168 697 licet.
1192 632 1293 698 Andr.
1317 632 1373 713 lv,

211 736 241 811 2,
267 736 323 795 16:
361 739 394 794 nt
416 750 453 793 ne
474 740 562 810 pater
588 750 646 807 per
666 751 713 794 me
735 735 856 795 stetisse
880 735 995 795 credet.
1039 730 1080 796 ib.
1104 749 1133 796 v.
1158 734 1216 796 18:
1244 750 1306 807 per
1326 751 1374 795 stc

210 833 332 893 stetisse
363 839 397 891 ut
419 832 531 892 credat.
553 828 635 893 Eun.
651 827 678 904 1,
694 833 723 909 2,
740 833 796 895 33:
822 832 906 907 signa
929 841 1032 892 cetera
1041 832 1147 906 Neque
1157 831 1255 892 scibat
1274 848 1373 908 neque

201 945 263 1002 per
284 932 408 988 aetutem
420 930 510 989 etiam
525 930 606 1004 potis
620 934 695 989 erat,
714 959 751 971 —
769 931 810 1006 3.,
825 928 884 989 Per
894 926 1026 1007 ponitur
1039 925 1076 990 in·
1088 925 1371 992 obtestationibus.

211 1023 273 1090 Hic
297 1042 375 1089 usus
397 1024 438 1089 ab
461 1041 499 1089 eo
523 1021 716 1089 derivandus
746 1028 812 1105 est,
840 1040 934 1105 quem
964 1024 1067 1105 primo
1096 1024 1166 1089 loco
1193 1024 1371 1105 posuimus,

211 1120 323 1187 eodem
346 1121 440 1187 modo
463 1138 525 1204 quo
548 1119 623 1202 πρός
646 1139 718 1186 cum
740 1122 837 1203 gemit.
866 1122 1006 1203 positum
1033 1122 1066 1187 in
1088 1120 1371 1202 obtestationibus,

209 1225 247 1285 ut
267 1215 348 1302 πρὸς
368 1220 430 1283 τῶν
452 1220 549 1299 θεῶν,
586 1219 726 1284 adeum
756 1237 851 1285 usum
883 1220 1127 1300 praepositionis
1164 1217 1371 1285 referendum

209 1322 270 1395 est,
302 1334 364 1397 qno
394 1312 553 1398 significat
579 1329 642 1381 uou
666 1351 705 1362 -
728 1313 794 1398 bet,
832 1330 894 1381 uou
925 1312 1051 1389 britto,
1089 1315 1219 1398 quade
1248 1335 1285 1383 re
1307 1317 1370 1383 vid.

207 1414 413 1496 Krnegerum
443 1431 575 1495 mamm.
603 1432 708 1495 graec.
740 1433 770 1496 p.
803 1420 873 1481 300.
919 1414 1000 1481 Nam
1028 1414 1200 1495 utrobique
1228 1414 1262 1479 id
1284 1415 1372 1495 quod

209 1511 415 1577 obsecremus
438 1510 502 1576 tole
523 1508 665 1593 fingitur,
686 1513 773 1594 quod
795 1513 836 1578 sb
855 1530 893 1577 eo
916 1530 941 1577 s.
963 1529 1024 1593 per
1046 1530 1172 1592 eum,a
1200 1528 1264 1592 qno
1287 1512 1370 1593 peti·

210 1627 291 1687 mus,
314 1606 514 1674 efficiendum
536 1609 586 1674 sit.
631 1610 726 1675 Ennii
749 1609 899 1676 Hectoris
921 1609 1026 1676 lustra
1046 1607 1084 1673 fr.
1110 1613 1163 1674 16:
1182 1630 1240 1685 per
1263 1630 1315 1674 vos
1337 1620 1369 1675 et

203 1713 336 1770 vostrum
356 1710 513 1783 imperium
541 1715 572 1770 et
600 1710 688 1783 fidon
710 1710 869 1787 [Obsecro,
894 1709 964 1786 mei]
1002 1708 1221 1785 Myrmidonum
1250 1714 1368 1787 vigiles,

208 1808 464 1868 conmiscrescitet
508 1803 612 1870 Plant.
637 1806 717 1872 Rud.
741 1805 801 1887 III,
826 1811 854 1881 2,
881 1812 935 1873 13:
963 1807 1021 1868 Pcr
1043 1826 1098 1884 ego
1121 1808 1194 1868 buco
1213 1823 1315 1883 penus
1337 1818 1368 1871 te

209 1906 353 1979 obtestor,
366 1922 466 1965 senex.
488 1902 581 1969 Truc.
604 1902 659 1984 1v,
678 1910 707 1984 3,
725 1910 782 1970 53:
805 1906 864 1966 Pcr
886 1911 938 1967 tua
961 1907 1086 1967 obsecro
1106 1922 1217 1982 pmcn,
1241 1923 1263 1968 a
1278 1922 1368 1970 more

213 2017 317 2080 genna
339 1999 371 2064 in
394 1999 452 2064 tali
473 2018 508 2065 re
529 2001 682 2083 tangendi
715 2001 824 2078 (Hera.
848 2002 889 2067 ad
912 2000 987 2067 Sall.
1025 2019 1057 2082 p.
1084 2005 1155 2081 182,
1192 2001 1248 2080 qui
1271 2001 1369 2067 docet

211 2097 271 2162 bnc
294 2096 326 2161 in
347 2115 382 2160 re
406 2096 598 2180 elegantiam
620 2097 735 2179 fuisse,
763 2100 850 2164 inter
871 2118 980 2165 casum
1002 2118 1096 2175 sper
1117 2097 1312 2180 pendentem
1335 2106 1370 2165 et

209 2195 478 2277 praepositionem
498 2214 614 2262 nomen
629 2196 698 2263 eins
712 2198 768 2277 qui
782 2196 972 2263 obsecratur
986 2195 1038 2262 vel
1052 2195 1252 2262 obsecrantis
1268 2197 1369 2279 ipsius

209 2294 351 2358 inserere
373 2294 426 2359 vel
448 2299 618 2377 utrumque
641 2295 756 2370 simul).
795 2293 911 2360 Bacch.
942 2295 996 2374 IV,
1018 2298 1049 2365 8.
1071 2298 1128 2359 64:
1157 2313 1216 2370 per
1237 2304 1281 2375 te,
1304 2316 1367 2375 ere,

206 2411 333 2467 opsecro
355 2394 438 2456 Dece
458 2396 638 2456 inmortalis.
661 2393 756 2458 Poen.
781 2409 878 2457 scena
899 2392 1013 2458 ultima
1033 2413 1063 2457 v.
1088 2397 1144 2458 11:
1175 2396 1234 2454 Per
1257 2412 1314 2471 ego
1336 2404 1367 2457 te

203 2494 257 2552 tua
273 2509 372 2566 pensu
394 2495 520 2555 obsecro
542 2500 575 2554 et
595 2494 688 2569 turno,
718 2500 876 2570 cognatum
906 2511 993 2570 quem
1015 2499 1097 2554 tuum
1120 2509 1187 2554 esse
1211 2495 1365 2569 intellego.

196 2586 334 2652 Terent
357 2590 455 2653 Andr.
486 2588 544 2660 111,
568 2596 597 2669 3,
621 2594 657 2654 6:
687 2593 745 2651 Per
768 2599 798 2652 te
821 2593 889 2653 deos
911 2609 965 2652 oro
987 2598 1018 2652 et
1037 2595 1170 2651 nostram
1193 2592 1366 2653 amisum.

206 2683 305 2749 Andr.
330 2685 368 2762 V,
395 2692 421 2764 l,
449 2691 575 2764 15:1uer
598 2708 652 2767 ego
675 2697 705 2750 te
728 2690 795 2750 deos
819 2708 882 2752 oro.

295 2788 344 2848 56.
369 2783 406 2860 b)
427 2785 626 2849 Accusatus
644 2789 871 2863 proprcssioutc.
896 2787 928 2861 c)
957 2786 991 2846 st
1013 2787 1090 2846 actio
1112 2789 1156 2845 cst
1174 2784 1365 2858 nodosum

204 2879 277 2945 Huc
307 2886 434 2962 spectat
462 2884 655 2949 constructio
685 2884 860 2950 accusativi
887 2901 959 2949 cum
986 2879 1151 2947 infinitivo.
1196 2881 1246 2946 De
1275 2882 1367 2946 cuius

204 2995 303 3042 causa
323 2978 416 3043 multi
447 2979 705 3062 disputaverunt,
733 2982 883 3062 quoniam
913 2999 964 3046 res
992 2984 1043 3046 est
1068 2979 1110 3045 ad
1142 2977 1367 3059 explicandum

205 3073 398 3142 difficillima.
451 3077 523 3144 Alia
559 3080 683 3144 ratione
718 3084 816 3161 atque
852 3079 1016 3144 lacobsius
1053 3095 1123 3142 eam
1161 3074 1368 3156 explicarunt

206 3178 334 3253 praeter
355 3175 437 3241 elios
459 3175 663 3242 Wuellnerns
685 3177 725 3241 de
750 3177 877 3243 casibus
899 3194 929 3257 p.
944 3181 1133 3252 -113-115,
1149 3173 1367 3255 ‚Fuistingiua

208 3273 434 3338 commentatio
464 3274 503 3340 dc
526 3280 642 3340 notura
663 3274 838 3340 accusativi
861 3293 932 3341 enm
954 3270 1109 3338 infinitivo
1131 3270 1218 3352 apud
1234 3272 1367 3337 Latinos

205 3367 394 3435 Monasterii
426 3377 522 3452 1839,
561 3391 632 3438 cum
666 3389 729 3452 qua
765 3372 875 3438 conier
908 3390 1076 3438 censuram
1111 3370 1368 3436 Weissenbornii

203 3465 298 3532 buius
324 3467 396 3533 libri
420 3470 453 3534 in
475 3469 630 3536 Zeitscbr.
653 3468 674 3534 f.
698 3469 936 3536 Alterthumsw.
959 3490 987 3535 a.
1013 3474 1105 3548 1842,
1127 3486 1158 3548 p.
1183 3472 1367 3547 959-967,

203 3563 384 3647 Madvigius
409 3585 540 3650 gramm.
568 3566 624 3633 lut.
646 3586 676 3647 p.
701 3572 762 3632 206
786 3568 894 3632 adnot.
926 3573 940 3632 l
972 3568 1031 3633 sub
1059 3562 1154 3631 finem
1177 3573 1212 3629 et
1235 3564 1368 3629 Bemer-

199 3661 329 3744 kungen
370 3666 422 3731 nb.
447 3664 568 3731 verseh.
590 3665 713 3732 Puncte
735 3665 793 3731 des
816 3664 900 3747 Syst.
928 3667 987 3731 der
1016 3664 1071 3730 lat
1096 3661 1239 3744 Spracbl.
1271 3681 1301 3743 p.
1325 3668 1364 3730 31

208 3767 243 3826 et
270 3769 319 3828 77.
362 3751 613 3845 Antiquissimns
642 3783 719 3830 usus
750 3765 821 3829 eius
846 3763 1009 3828 invenitur
1034 3763 1067 3827 in
1088 3761 1228 3826 carmine
1256 3761 1368 3829 saliari

201 3876 251 3939 ap.
274 3859 390 3925 Marini
417 3861 462 3944 gli
488 3861 549 3925 atti
572 3861 648 3929 tabl.
678 3861 768 3927 XLI:
815 3881 888 3925 neus
916 3867 1019 3925 lnerve
1041 3895 1081 3904 —
1106 3864 1169 3923 sins
1196 3863 1366 3937 incurrere,

197 3955 228 4021 h.
245 3975 272 4020 e.
289 3974 369 4022 neve
393 3957 477 4023 luem
501 3960 586 4025 sinus
607 3960 781 4039 incurrere,
804 3964 838 4024 et
860 3959 955 4040 paulo
977 3957 1073 4024 inira:
1098 3976 1172 4021 neve
1195 3963 1303 4021 lnerve
1319 3990 1362 4001 —

201 4074 266 4119 sors
289 4059 462 4137 incurrere,
490 4056 521 4122 h.
545 4075 570 4122 e.
595 4057 678 4137 siris,
701 4056 832 4136 siveris,
868 4075 929 4122 sec.
953 4054 1141 4122 Grotefendi
1169 4054 1367 4135 interpreta-

201 4153 332 4219 tionem.
370 4154 427 4219 ib:
466 4163 552 4218 satur
574 4157 681 4225 tutare,
715 4154 744 4218 h.
769 4173 796 4220 e.
821 4173 883 4221 sec.
906 4153 1205 4234 interpretationem
1251 4150 1368 4218 Lemnii

201 4252 275 4314 ador
298 4254 387 4331 fiere,
425 4245 504 4315 ὥστε
528 4260 612 4316 σῖτον
633 4250 784 4328 γενέσθαι.
810 4287 849 4297 -
874 4250 931 4318 ib:
963 4255 1055 4314 limen
1078 4254 1150 4313 solis
1173 4258 1221 4312 sta
1245 4253 1365 4328 berbcr,

202 4348 234 4413 b.
258 4365 284 4413 c.
308 4366 368 4414 sec.
392 4349 561 4432 interpret.
585 4347 776 4417 Grotefendi
799 4355 898 4414 lumen
920 4353 993 4414 solis
1015 4353 1088 4414 siste
1111 4349 1244 4415 ferrera.
1267 4349 1367 4432 Legg.
