3125 5075
270 551 334 617 376
549 544 613 586 car.
626 542 673 585 xv.
704 540 854 583 wmarus
880 537 1129 582 sauscmrrorms.

356 753 381 800 c.
427 734 476 799 Ab
499 734 648 798 universa
669 731 724 796 illa
748 730 943 812 exceptionis
964 728 1089 794 ratione
1109 745 1172 791 uon
1187 725 1345 792 recedunt
1366 741 1424 789 ese

270 832 439 903 dictiones,
473 830 589 913 quibus
621 835 696 911 post
728 828 856 894 aomina
892 825 1104 892 multitudiuis
1144 825 1195 891 vel
1236 822 1425 904 quantitatis

270 930 434 995 adduntur
455 949 503 1010 ea,
527 946 608 1009 quse
632 928 839 1010 excipiantur.
875 925 1002 990 Dicitur
1024 923 1124 1005 igitur
1145 926 1206 986 niet
1229 922 1341 988 eadem
1355 920 1425 985 iere

270 1026 514 1110 significatione,
537 1045 599 1107 qua
625 1033 756 1102 praeter.
780 1024 883 1089 Plaut.
906 1022 989 1086 Meu.
1015 1022 1095 1100 prol.
1117 1041 1147 1087 v.
1172 1025 1228 1087 59:
1251 1024 1292 1083 Ei
1313 1023 1426 1082 libero·

270 1146 352 1203 rum,
386 1128 446 1189 nisi
475 1126 611 1201 divitiae,
645 1130 688 1187 nil
715 1134 794 1198 erat,
829 1121 883 1186 ubi
911 1121 982 1185 vide
1009 1119 1167 1185 Boxhom.
1195 1117 1312 1185 Caecil.
1343 1117 1425 1183 Stat

271 1223 411 1289 Plocium
441 1221 480 1285 fr.
510 1228 541 1298 l,
569 1241 595 1285 v.
628 1229 703 1286 144:
738 1225 821 1297 Quae
854 1221 915 1281 nisi
941 1221 1040 1280 dotem
1072 1221 1188 1294 omnia,
1223 1221 1304 1293 Quae
1340 1220 1427 1292 nolis,

272 1325 373 1385 hahet.

357 1418 387 1483 d.
431 1420 501 1480 Nisi
523 1435 622 1497 quum
644 1416 742 1481 semel
765 1413 850 1480 tacta
877 1418 963 1478 esset
989 1412 1168 1479 coniunctio
1192 1411 1428 1490 conditionalis,

270 1515 363 1582 facile
386 1514 457 1580 fieri
477 1515 597 1595 potuit,
626 1519 663 1579 ut
682 1515 715 1578 in
738 1511 863 1594 vulgari
889 1528 1034 1576 sermone
1061 1529 1133 1576 cum
1154 1514 1182 1572 si
1202 1530 1263 1571 uon
1285 1528 1429 1577 commu·

272 1620 405 1680 caretur.
428 1613 533 1677 Plaut
557 1612 651 1678 Most.
674 1612 700 1685 l,
724 1617 752 1688 3,
777 1617 892 1690 3hsq.:
914 1613 954 1671 Di
977 1613 1109 1687 deaeque
1125 1628 1171 1671 me
1193 1628 1298 1672 omues
1320 1629 1427 1687 pessu-

272 1715 328 1775 mis
351 1714 498 1788 exemplis
520 1712 712 1785 interficiant,
735 1711 806 1771 Nisi
827 1727 882 1785 ego
904 1712 985 1770 illam
1010 1727 1098 1769 naum
1120 1708 1312 1770 interfecero.
1343 1706 1426 1770 uuo.

270 1808 311 1889 V,
335 1814 364 1887 3,
389 1814 444 1873 te:
468 1812 547 1870 Perii
570 1812 689 1872 hercle:
719 1810 779 1869 atsi
801 1826 847 1868 ma
871 1808 1034 1885 suspendo,
1057 1809 1163 1869 occidi.
1209 1805 1296 1869 Tria.
1321 1804 1426 1882 11,4,

274 1912 350 1972 114:
373 1910 465 1969 Plane
486 1910 647 1984 periimus,
680 1908 750 1968 Nisi
771 1907 842 1982 qnid
864 1923 920 1981 ego
942 1908 1159 1968 comminiscor.
1204 1902 1322 1968 Caecil.
1347 1903 1427 1968 Stat.

271 2003 333 2070 inc.
357 2003 420 2069 fab.
443 2001 482 2067 fr.
508 2008 563 2067 12:
586 2022 693 2066 nomeu
716 2006 839 2081 virginis
861 2004 932 2065 Nisi
952 2006 1058 2063 mirum
1074 2010 1129 2076 est,
1153 2005 1357 2078 deintegrsbit
1384 2001 1427 2080 (h.

271 2120 300 2168 e.
324 2099 509 2180 deminuet).
540 2101 666 2167 Terent.
690 2101 824 2183 Adelph.
847 2099 896 2178 11,
913 2106 948 2176 2,
973 2106 1026 2165 23:
1051 2103 1122 2163 Nisi
1144 2121 1179 2163 eo
1202 2106 1240 2162 ad
1259 2110 1427 2163 mercatum

272 2204 369 2271 uenio,
392 2202 528 2261 damnum
552 2208 755 2262 maxumumst.
778 2197 889 2276 (Haec.
912 2200 952 2263 ad
976 2199 1095 2281 Reisig.
1117 2217 1147 2279 p.
1170 2202 1254 2272 458).

358 2316 385 2363 e.
430 2297 517 2363 Usus
554 2295 714 2362 interdum
753 2295 885 2361 liberior
923 2296 1136 2378 negligentiae
1170 2296 1311 2376 speciem
1352 2314 1428 2378 prae

271 2394 402 2462 select
447 2394 499 2460 Sic
521 2395 684 2462 nonsatis
711 2401 858 2460 accurate
881 2393 1000 2459 dictum
1024 2399 1074 2460 est
1100 2412 1121 2459 a
1143 2394 1257 2459 Plauto
1281 2394 1348 2459 util.
1374 2394 1428 2473 IV,

271 2499 303 2576 4,
325 2499 367 2560 48
390 2510 472 2574 sqq:

665 2598 769 2657 matris
793 2597 891 2655 verbis
913 2597 1160 2656 Philocomasium
1185 2596 1344 2666 arcessito,

360 2696 410 2761 Ut,
433 2694 457 2754 si
480 2695 561 2753 itura
582 2694 623 2753 sit
644 2695 793 2766 Athenas,
822 2703 871 2752 eat
894 2702 991 2752 tecum
1014 2695 1051 2753 ad
1073 2703 1191 2768 portum
1216 2695 1277 2753 cito
1303 2723 1342 2734 -

359 2792 430 2852 Nisi
453 2797 516 2867 eat,
540 2800 570 2849 te
594 2784 758 2859 soluturum
781 2809 847 2851 esse
871 2809 983 2853 narem.

360 2886 381 2951 f.
426 2886 529 2966 Saepe
552 2885 675 2950 accedit
697 2886 748 2950 vel
771 2885 925 2951 adhaeret
940 2887 1098 2951 sententio
1120 2905 1178 2966 per
1200 2889 1262 2946 sahi
1284 2887 1427 2961 formata,

275 2986 362 3068 quod
385 2983 588 3065 cognoscitur
610 3002 657 3051 eo,
681 2985 765 3064 quod
790 2985 945 3049 eiusmodi
967 2985 1127 3050 sententia
1149 2983 1352 3049 antecedenti
1374 3002 1428 3062 op·

276 3083 422 3166 ponitur,
450 3088 484 3145 et
506 3083 590 3162 quod
613 3079 692 3146 haec
714 3083 895 3147 coniunctio
923 3084 1122 3163 componitur
1150 3101 1221 3146 cum
1254 3081 1326 3146 aliis
1349 3085 1428 3156 quie,

273 3183 365 3262 quod,
397 3200 486 3256 qoam
516 3189 549 3244 et
575 3198 645 3244 cum
674 3186 778 3245 temen.
824 3180 861 3245 ln
893 3180 942 3245 his
967 3184 1137 3247 structuris
1166 3185 1227 3243 :risi
1255 3179 1324 3244 fere
1347 3178 1427 3242 idem

274 3277 434 3361 significat
456 3297 493 3343 ac
516 3280 575 3348 sed,
598 3284 736 3341 eueniet.
781 3278 863 3343 Vide
886 3279 925 3342 dc
948 3280 1007 3344 hoc
1031 3299 1090 3346 usu
1114 3300 1138 3345 c.
1156 3279 1229 3358 XII,
1252 3279 1272 3355 ξ
1297 3283 1327 3356 2,
1350 3296 1380 3340 u.
1398 3285 1427 3339 t.

274 3376 354 3457 Cato
379 3378 415 3441 R.
432 3377 469 3441 R.
486 3395 511 3441 c.
536 3382 591 3441 37:
615 3387 731 3440 stercus
755 3382 879 3456 egerito,
902 3381 962 3439 crisi
984 3384 1168 3443 intermestri
1191 3383 1320 3455 lunaque
1345 3380 1428 3438 dimi·

274 3479 365 3551 dista,
391 3475 444 3539 ubi
467 3475 538 3540 vide
560 3475 796 3540 adnotationem
813 3474 1004 3540 Schneideri.
1028 3475 1254 3542 Fleckeiseuus
1276 3475 1309 3538 in
1326 3474 1430 3538 Iahuii

272 3573 376 3638 annal.
408 3579 504 3653 1851,
534 3573 594 3637 vol.
617 3573 706 3652 LXI,
734 3580 811 3638 sect.
839 3578 870 3651 1,
892 3592 923 3653 p.
948 3579 988 3638 24
1019 3579 1183 3655 comparat
1211 3574 1427 3653 germanicum

274 3670 359 3751 hod)
383 3668 469 3734 uber
496 3677 529 3736 et
557 3668 652 3736 affert
676 3670 756 3735 haec
786 3671 929 3752 exempla
951 3670 1110 3737 Plautina:
1141 3671 1226 3735 Tria.
1250 3675 1323 3734 233.
1349 3668 1428 3734 Rud.

273 3768 561 3836 deusdonam.
588 3768 704 3835 Pseud.
731 3768 792 3848 IV,
815 3774 851 3850 6,
874 3777 926 3835 to.
958 3770 1080 3849 Quibus
1107 3769 1189 3834 adde
1211 3767 1307 3832 haec:
1338 3767 1429 3848 Capt.

271 3867 339 3946 Ill,
375 3873 392 3931 3
427 3887 455 3928 v.
495 3874 573 3932 extr.
613 3870 677 3945 (=
706 3868 804 3948 532):
845 3871 954 3945 Quam,
995 3871 1122 3931 malum?
1160 3870 1231 3953 quid
1265 3870 1428 3939 machiner,

273 3969 343 4043 quid
360 3970 569 4040 conminiscar,
593 3970 716 4030 haereo:
742 3965 838 4043 [Nisi]
863 3987 954 4042 ungas
971 3971 1157 4044 ineptiasque
1180 3964 1262 4042 [ego]
1286 3968 1430 4042 incipisso

274 4083 440 4138 maxumas,
471 4064 511 4128 de
540 4081 569 4144 q.
600 4063 620 4129 L
647 4063 780 4128 Ritschi.
809 4064 981 4145 prolegom.
1010 4066 1049 4128 sd
1075 4065 1158 4129 Tria.
1190 4082 1219 4143 p.
1246 4069 1308 4128 180
1336 4064 1429 4128 dicit:

276 4163 366 4241 „Nat
389 4163 407 4224 i.
432 4181 459 4225 e.
484 4160 554 4225 ‘uisi
583 4162 667 4241 quod
701 4171 826 4227 certum
854 4170 904 4226 est
932 4165 1085 4228 marianas
1115 4183 1164 4227 me
1192 4180 1296 4242 nugas
1327 4167 1361 4225 et
1383 4161 1429 4223 iu·

274 4259 378 4338 eptins
400 4258 611 4340 incipissere’,
640 4279 702 4324 uon
723 4261 850 4325 insolito
882 4262 950 4325 eius
977 4260 1152 4341 particulae
1178 4261 1265 4325 usu.“
1315 4259 1382 4324 Mil.
1404 4258 1428 4329 Ι,

276 4361 304 4432 1,
328 4361 381 4422 23;
405 4361 465 4420 nisi
487 4379 576 4420 unum
599 4364 746 4435 epityrum
769 4368 853 4420 estur
881 4359 1042 4437 [insanum]
1066 4363 1170 4421 iusane
1194 4363 1279 4420 berre.
1324 4357 1375 4431 ll,
1400 4363 1428 4430 2,

274 4459 330 4517 24:
366 4458 406 4516 Te
436 4459 536 4518 uideo:
572 4459 642 4518 Nisi
670 4463 807 4519 mirumst
836 4459 951 4520 lacinus
982 4464 1070 4536 cett,
1101 4459 1140 4522 ad
1171 4475 1200 4538 q.
1225 4458 1244 4522 l.
1269 4457 1429 4521 Lindum:

271 4553 359 4620 „erist
382 4557 418 4616 ut
439 4571 545 4634 saepe,
568 4572 628 4635 pro
651 4557 711 4629 sed,
735 4562 772 4619 ut
795 4554 991 4621 Graecorum
1013 4550 1097 4638 πλήν.
1135 4556 1183 4620 De
1214 4573 1279 4636 qua
1302 4557 1429 4620 notione
