3125 5075
206 397 247 452 γι
701 400 875 444 Psanraulo.

208 556 340 623 Catonis
363 557 444 622 libro
468 559 507 623 de
530 577 566 624 re
588 560 711 624 rustica
732 558 918 626 Schneideri
940 559 1092 638 editione,
1124 559 1156 623 in
1178 560 1372 642 fragmentis

211 675 319 733 autem
343 668 413 733 eius
435 676 566 750 praeter
588 667 753 750 Meyerum
776 669 866 735 libris
888 671 989 747 Lioni,
1013 670 1167 735 Bolhuisii
1188 672 1373 736 recentissi-

207 779 315 860 mique
345 797 454 843 eorum
478 779 610 843 editoris
632 779 770 859 Iordani,
795 780 828 844 iu
850 781 1059 861 scriptoribus
1083 781 1216 846 scenicis
1238 787 1374 862 praeter

204 889 354 955 Plautum
384 895 417 954 et
443 889 629 955 Terentium
660 889 849 971 fragmentis
877 910 986 956 eorum
1015 890 1211 956 aVahlenio
1235 896 1268 956 et
1290 891 1373 957 Rib·

204 1000 320 1066 beckio
343 1000 493 1080 collectis,
517 1001 548 1065 in
565 1000 715 1066 Terentio
731 1001 906 1083 exemplari
918 1001 1191 1081 Fleckeiseniano,
1214 1002 1246 1065 iu
1261 1000 1372 1066 verbis

205 1112 323 1177 Donati
357 1110 525 1177 afferendis
554 1111 693 1176 editione
722 1110 854 1189 Klotzii,
883 1112 917 1175 in
939 1112 1053 1178 Plauto
1084 1112 1277 1177 editionibus
1299 1111 1373 1175 Rit-

204 1221 317 1286 schelii
353 1229 387 1286 et
419 1220 627 1286 Fleckeiseni.
671 1220 709 1285 In
746 1241 855 1286 aarum
889 1229 997 1287 autem
1034 1223 1141 1287 Plauti
1177 1221 1370 1301 fabularum,

204 1348 289 1412 quae
309 1331 349 1397 ab
370 1330 420 1397 his
439 1330 517 1397 viris
532 1350 595 1397 non
611 1336 686 1398 sunt
701 1332 814 1403 editae,
837 1333 914 1398 locis
930 1332 1159 1398 constituendis
1182 1330 1369 1413 confugien-

203 1440 280 1505 dum
312 1447 383 1507 erat
417 1441 457 1506 ad
486 1440 664 1507 Perennem
691 1443 862 1509 secundam
890 1444 1021 1523 eiusque
1051 1442 1306 1524 supplementum
1336 1441 1370 1506 in

206 1551 280 1617 arisi
306 1550 469 1633 Plautina,
505 1552 797 1619 Taubmanniauam
828 1573 866 1619 ex
893 1555 1109 1635 recognitione
1139 1552 1279 1618 Gruteri.
1330 1552 1370 1617 In

204 1662 337 1727 metrica
359 1664 484 1730 ratione
506 1663 619 1728 harum
643 1665 770 1745 quidem
792 1664 972 1729 fabularum
990 1665 1211 1729 constituenda
1226 1662 1368 1744 plerum·

206 1790 271 1852 que
294 1774 445 1839 Bothium
467 1779 599 1840 secutus
614 1793 694 1854 sum,
718 1781 830 1856 utpote
847 1775 913 1856 qui,
936 1794 1007 1841 cum
1022 1775 1063 1839 ab
1079 1775 1147 1839 eius
1162 1773 1365 1854 asynartetis,

202 1884 259 1964 qui
282 1902 345 1949 non
368 1890 443 1949 sunt
464 1884 630 1965 tolerandi,
655 1884 852 1965 discesseris,
875 1886 974 1951 verba
995 1884 1144 1951 Plautina
1167 1884 1207 1947 ad
1230 1884 1364 1948 severis-

205 1993 287 2060 sima
308 2000 482 2077 praecepta
503 1996 673 2078 prosodiae
695 1998 736 2062 ab
759 1997 944 2062 Hermanno
965 1994 1125 2077 prolecta,
1149 2016 1167 2062 a
1189 1992 1364 2060 Ritschelio

200 2104 337 2186 aliisque
374 2103 551 2188 approbata
584 2105 685 2188 magis
716 2126 811 2188 quam
851 2108 1016 2189 quisquam
1048 2107 1129 2172 alius
1158 2104 1304 2186 exegerit
1333 2106 1367 2169 et

201 2216 414 2284 constituerit.
458 2217 677 2284 Subsidiorum
703 2218 886 2284 criticorum
908 2217 941 2282 in
955 2217 1068 2282 Plauto
1091 2216 1202 2281 iisdem
1226 2214 1315 2297 siglis
1331 2217 1365 2278 et

199 2328 395 2408 compendiis
426 2328 585 2394 scribendi
614 2346 802 2408 naussum,
834 2345 916 2409 qnae
935 2329 1071 2409 primum
1095 2348 1114 2392 a
1135 2325 1310 2391 Ritschelio
1332 2323 1365 2388 in

200 2437 305 2518 prima
330 2440 470 2505 editione
492 2438 704 2518 Bacchidum,
740 2437 853 2503 deinde
884 2455 960 2503 vero
984 2438 1079 2502 etiam
1103 2457 1122 2503 a
1144 2437 1366 2517 Kampmanno

199 2554 234 2615 et
254 2548 463 2615 Fleckeiseno
493 2549 526 2614 in
555 2548 835 2615 exercitationibus
858 2548 1015 2615 Plautinis
1042 2554 1197 2626 usurpata
1220 2552 1306 2627 sunt,
1330 2550 1370 2612 ut

200 2665 249 2741 Ap
272 2666 305 2726 et
328 2665 378 2742 Ag
399 2658 558 2742 significet
578 2664 720 2725 veterem
743 2660 883 2725 codicem
904 2659 1085 2726 Palatinum
1108 2659 1246 2724 testibus
1261 2657 1369 2723 Pareo

200 2777 235 2836 et
256 2769 408 2851 Grutero,
436 2769 486 2852 Θρ
509 2776 626 2851 autem,
653 2769 714 2853 (dg,
742 2771 784 2836 ds
807 2772 945 2838 codicem
965 2771 1144 2836 Palatinum
1161 2769 1367 2835 decurtatum

200 2881 338 2947 testibus
362 2881 476 2962 Pareo,
499 2881 649 2962 Grutero‚
672 2881 876 2948 Schneidero.
911 2883 1106 2961 Fragmenta
1122 2880 1227 2945 Plauti
1251 2898 1368 2944 sccun-

200 2989 277 3057 dum
321 2994 456 3074 paginas
501 2992 647 3059 editionis
684 2993 845 3059 Gronovio
861 3028 875 3041 -
891 2992 1118 3071 Ernestianae,
1162 2989 1366 3056 collationem

202 3102 344 3167 locorum
365 3103 585 3169 Plautinorum
612 3104 653 3169 ad
681 3104 749 3170 cod.
794 3102 1038 3169 Ambrosianum
1068 3103 1108 3169 ab
1131 3101 1254 3184 Angelo
1278 3100 1367 3167 Maio

198 3213 378 3279 institutam
405 3214 579 3280 secundum
609 3214 780 3279 editionem
802 3213 1098 3292 Tauchnitzianam,
1129 3218 1253 3279 ceteros
1275 3211 1365 3278 locos

200 3322 378 3400 Plautinos,
416 3330 512 3406 prout
548 3327 747 3391 commodum
784 3324 858 3404 fuit,
896 3330 953 3390 aut
983 3323 1157 3389 secuudum
1181 3322 1366 3387 continuam

200 3441 339 3502 totarum
362 3435 543 3502 tabularum
565 3436 598 3500 in
622 3454 732 3502 versus
755 3436 1010 3517 descriptionem,
1034 3452 1115 3515 quae
1137 3433 1232 3497 estin
1250 3433 1365 3497 editiu-

198 3546 294 3612 nibus
316 3546 480 3612 Ritschelii
509 3552 542 3612 et
561 3544 775 3627 Fleckeiseni,
806 3551 862 3612 aut
885 3545 1056 3611 secundum
1080 3549 1222 3608 veterem
1246 3548 1279 3608 et
1301 3562 1363 3609 usu

199 3663 362 3739 receptam
385 3656 640 3724 distributionem
662 3658 697 3722 in
718 3663 819 3736 actuS,
843 3674 965 3736 scenas,
990 3673 1111 3734 versus,
1135 3670 1217 3734 quae
1234 3655 1364 3734 quidem

199 3773 292 3833 extat
312 3768 345 3833 in
369 3768 509 3834 editione
526 3768 687 3833 Gronovio
703 3806 715 3817 -
731 3768 931 3848 Ernestiana,
952 3767 1055 3833 attuli.
1092 3765 1263 3844 Nonnulla,
1281 3782 1363 3846 quae

199 3878 347 3945 feruutur
361 3877 546 3944 vetustioris
562 3876 654 3943 latini
666 3880 823 3944 sermonis
835 3884 1048 3955 monumenta,
1064 3876 1105 3942 ab
1116 3877 1362 3957 investigatione

202 4010 274 4055 mea
296 3989 427 4070 seclusi,
461 3990 506 4054 sic
528 3988 708 4071 fragmenta
730 3989 809 4055 iuris
831 3987 994 4071 Papiniani
1016 3987 1166 4068 (quorum
1190 3987 1362 4052 maximum

199 4108 363 4167 seruatum
386 4107 433 4165 est
455 4118 475 4163 a
498 4098 658 4166 Macrobio
675 4100 802 4165 Saturn.
826 4098 889 4179 ΙΙΙ,
917 4103 979 4178 lll,
1004 4116 1096 4164 sacra
1113 4101 1231 4179 Argea,
1248 4097 1362 4163 Marcii

200 4211 284 4277 vatis
308 4211 462 4282 carmina,
501 4211 650 4292 quoniam
672 4228 735 4275 non
759 4228 797 4275 ea
818 4209 934 4286 forma,
971 4227 1034 4290 qua
1057 4210 1178 4290 scripta
1201 4213 1290 4284 sunt,
1321 4208 1363 4273 ad

199 4327 339 4388 aemtem
361 4328 503 4387 nostram
525 4327 749 4403 pervenerunt,
771 4326 950 4403 praeterea,
974 4320 1059 4402 quod
1082 4319 1123 4385 ad
1146 4337 1237 4385 sacra
1253 4320 1363 4400 Argea

200 4433 331 4514 attinet,
361 4449 401 4497 ne
428 4432 469 4499 de
494 4439 639 4514 ternpore
665 4432 793 4514 quidem
821 4431 899 4498 satis
928 4431 1009 4498 certi
1031 4429 1202 4512 quidquam
1226 4434 1362 4496 constat.
