3125 5075
515 341 622 382 nunno.
649 342 917 385 lncuaaossmvnt.
1240 357 1301 419 269

144 527 293 611 exemplo
315 532 455 606 utamm,
477 530 536 595 hd
561 530 620 609 111,
645 535 675 610 4,
698 536 737 595 tl
762 534 977 611 respondetur
998 551 1058 614 per
1080 541 1164 598 certa
1210 534 1304 613 Quod

145 629 256 692 antem
277 625 481 707 negationem
504 629 653 706 adducat,
675 645 738 692 non
760 628 865 694 estin
887 631 1048 712 particula
1067 651 1139 695 aaa·
1153 632 1302 714 positum,

143 737 229 805 quac
251 726 379 789 tantum
399 723 464 790 vim
486 725 701 792 constituendi
724 732 757 792 et
778 726 966 809 designandi
987 730 1022 794 in
1042 748 1078 796 ee
1092 728 1201 795 hahet
1235 729 1303 794 Pri·

141 839 230 887 mum
254 820 355 904 igitur
375 842 449 887 maa
469 823 608 906 positum
630 823 791 889 invenitur
820 824 852 890 in
874 826 930 902 iis,
958 844 1042 907 quae
1072 846 1134 893 non
1158 826 1304 908 seqnitur

142 918 337 1001 improbatio
360 922 593 1001 respondentis,
615 922 662 986 ita
684 928 792 986 tamen
813 929 851 987 ut
872 927 1044 992 antecedat
1064 926 1171 1007 aliqua
1194 924 1303 1007 opinio

141 1016 196 1082 vol
217 1017 266 1084 rei
287 1018 509 1085 consideratio.
553 1019 592 1084 In
613 1020 664 1085 hia
685 1019 785 1102 igitur
807 1038 867 1100 per
888 1042 961 1085 arm·
982 1024 1162 1104 interrogat
1184 1023 1222 1102 ie,
1246 1022 1302 1104 qui

141 1113 282 1195 aliquam
315 1133 384 1182 rem
410 1117 547 1182 miratur
581 1122 615 1182 et
647 1118 700 1183 vix
726 1116 876 1199 sibiipsi
904 1121 1036 1186 credens
1066 1121 1304 1186 dubitationem

141 1212 300 1295 reprimit
345 1212 451 1291 Quare
477 1214 636 1297 particula
663 1213 722 1281 hac
749 1219 886 1280 utuntur
910 1217 947 1294 ii,
977 1218 1032 1299 qui
1054 1225 1228 1297 conspecta
1250 1216 1301 1283 rel

142 1309 255 1376 auditu
276 1310 384 1394 aliqua
403 1331 440 1377 re
462 1312 555 1392 qnasi
576 1330 615 1377 ex
630 1313 793 1393 praesenti
808 1331 844 1378 re
860 1315 993 1395 cupiunt
1007 1334 1201 1397 cognoscere
1217 1315 1301 1379 veri·

142 1414 245 1474 tatem
266 1409 314 1476 rei
334 1409 390 1489 ita,
414 1413 451 1474 nt
472 1411 513 1476 de
527 1409 707 1491 suspicione
721 1418 957 1492 praeoccupata
972 1414 1163 1479 decernatur
1185 1413 1302 1478 omnis·

142 1523 206 1586 que
228 1505 390 1573 dubitatio
411 1512 622 1573 removeatur.
668 1506 770 1588 quue
800 1506 837 1573 iit
862 1510 999 1575 maxime
1021 1510 1054 1575 in
1077 1511 1207 1591 obliqua
1227 1528 1301 1575 ora·

142 1604 231 1670 tione
265 1608 303 1670 et
333 1605 387 1671 uhi
419 1625 487 1671 voc.
520 1609 587 1682 qaia
620 1603 784 1670 adhaeret.
829 1605 878 1672 Ob
912 1606 993 1673 hanc
1025 1607 1088 1672 rim
1123 1606 1302 1689 particulae

145 1700 294 1780 eflicitur,
317 1708 355 1768 ut
374 1703 445 1785 ipsa
465 1704 631 1786 proprium
653 1702 758 1768 locum
781 1703 926 1769 obtineat
948 1706 980 1768 in
1002 1705 1113 1771 ironia
1163 1704 1223 1769 lile
1245 1704 1301 1770 de·

142 1798 293 1882 dgnand
314 1801 428 1867 modus
456 1801 598 1867 retertur
626 1801 667 1866 ad
690 1804 818 1881 tempus
844 1820 1000 1881 praesens
1027 1809 1087 1867 eut
1115 1803 1247 1868 adrem
1268 1802 1302 1867 in

141 1902 290 1979 tempore
310 1904 560 1981 permanentem,
583 1900 638 1964 ubi
661 1898 814 1963 Germani
831 1898 940 1965 dicunt
963 1900 1057 1981 nod).
1087 1901 1303 1981 Frequentior

142 2002 252 2062 umen
273 1997 302 2061 ie
323 2003 374 2063 eet
395 2015 482 2078 usus,
504 2015 568 2079 quo
590 2017 662 2059 eam
683 1996 707 2059 ii
729 1995 849 2075 dicum,
872 1997 927 2077 qui
948 2002 1136 2080 exspectant
1157 1998 1301 2079 negatio·

143 2111 216 2160 neni
227 2094 298 2161 aive
306 2094 572 2175 improbationem
586 2093 764 2159 sententiae
776 2092 959 2160 declaratae
974 2112 1108 2176 eamque
1123 2096 1185 2160 iam
1198 2096 1303 2160 animo

141 2197 332 2273 occupatam
352 2190 480 2257 habent.
508 2191 631 2256 Horum
647 2208 802 2272 generum
817 2190 1041 2272 exemplatam
1056 2194 1138 2258 inter
1153 2211 1188 2258 ee
1203 2192 1304 2257 nrixta

142 2287 316 2369 proteram.

230 2406 259 2452 a.
302 2386 402 2453 Naar.
424 2386 462 2452 ir.
487 2392 506 2453 5
530 2387 575 2461 (7)
600 2384 808 2450 Corollariae:
841 2388 924 2447 Nara
950 2407 1010 2450 non
1039 2393 1082 2451 via
1112 2406 1246 2449 moneam
1271 2397 1301 2449 te

147 2499 248 2563 uuum,
270 2489 298 2549 ai
320 2488 447 2561 ridetur,
470 2485 644 2563 quippiam?
689 2482 792 2549 Plaut
817 2484 930 2564 Amph.
954 2485 998 2562 ll,
1026 2494 1052 2566 Ι,
1076 2492 1133 2552 73:
1156 2504 1228 2547 oum
1250 2487 1302 2548 ob·

145 2586 314 2648 dormivisti
346 2586 475 2647 dadum?
519 2591 553 2661 2,
593 2587 668 2648 121:
706 2602 780 2644 oum
821 2593 853 2644 tu
890 2602 1005 2661 qnoque
1039 2588 1128 2647 etiam
1164 2582 1304 2646 insanie?

146 2681 238 2746 Auiu-
260 2679 292 2763 l,
317 2687 352 2759 Ι,
378 2687 425 2747 16.
454 2681 519 2760 ΠΙ,
543 2685 578 2760 2,
603 2684 654 2744 23.
676 2680 747 2743 Aul.
770 2679 813 2759 ll,
836 2685 866 2759 2,
889 2684 943 2746 65:
969 2684 1053 2744 Nom
1075 2700 1130 2759 ugo
1152 2679 1301 2757 disperii?

141 2778 206 2856 taic
225 2779 422 2846 Fleckeisen.
445 2797 547 2844 exerc.
570 2777 673 2842 Plaut
688 2793 719 2856 p.
736 2782 787 2842 ar.
813 2779 862 2858 Ap
884 2796 956 2841 nun.
980 2778 1085 2861 Vulgo
1105 2782 1187 2858 aon).
1211 2778 1303 2859 capt.

146 2876 175 2954 l,
197 2882 228 2958 2,
252 2881 310 2944 633
344 2880 398 2942 Sat
424 2897 555 2955 numque
582 2876 664 2939 lonae
686 2879 818 2938 Vocatus
846 2876 906 2955 [ea]
933 2880 970 2940 ad
998 2879 1124 2942 cenam?
1168 2876 1239 2942 cm.
1264 2875 1304 2954 ll,

139 2977 187 3054 a,
210 2978 266 3041 ¹10:
298 2978 453 3054 Namqnid
476 2974 596 3039 moror?
641 2972 756 3038 Bacch.
779 2973 825 3050 11,
850 2980 883 3053 2,
908 2980 964 3040 34:
997 2977 1080 3039 Narra
1108 2980 1218 3039 invitus
1241 2992 1305 3038 reru

147 3076 227 3159 hena
248 3084 363 3152 geatam
385 3077 469 3136 audie
492 3073 560 3136 eri?
585 3070 644 3150 111,
660 3075 689 3149 6,
713 3077 749 3136 9:
770 3072 931 3149 Numquae
953 3076 1126 3137 advenienti
1146 3073 1305 3150 aegritudo

148 3172 322 3236 oblectant?
382 3171 436 3250 lv,
469 3180 507 3249 4,
545 3175 599 3234 l'i:
634 3171 769 3245 Numqui
806 3171 861 3232 tibi
894 3174 1005 3232 nummi
1037 3173 1214 3233 exciderunt
1239 3169 1306 3232 —l

148 3266 267 3334 Pmud
289 3267 315 3348 Ι,
339 3274 369 3348 6,
393 3273 448 3333 57:
470 3270 554 3331 Nam
576 3271 630 3330 tibi
652 3269 763 3329 Mirum
784 3270 816 3328 id
838 3267 980 3330 videtur?
1025 3267 1118 3332 Truc.
1141 3265 1184 3344 11,
1201 3272 1231 3344 4,
1248 3270 1306 3330 28:

147 3366 235 3430 aaa
255 3369 311 3430 tihi
332 3369 455 3431 sordere
480 3367 605 3430 videor?
649 3367 680 3442 8,
704 3368 737 3429 9:
768 3367 853 3427 Nora
882 3367 1033 3442 quidpiam
1063 3384 1183 3429 avarum
1214 3371 1310 3427 mutat

146 3478 267 3528 rnorem
287 3465 468 3529 mulierum?
511 3463 566 3542 lv,
590 3467 619 3543 2,
646 3467 698 3526 ll:
722 3480 794 3524 oum
815 3482 882 3526 mea
903 3464 1020 3527 refert?
1055 3462 1184 3526 Terent
1209 3461 1306 3525 Andr.

153 3559 193 3641 V,
216 3566 247 3641 3,
270 3566 305 3627 6:
324 3564 409 3625 Nom
430 3565 542 3639 cogitat
564 3563 635 3638 qnid
659 3561 762 3624 dicat?
792 3579 865 3622 oum
886 3561 959 3623 facti
981 3561 1088 3638 piget?
1132 3562 1208 3621 Vide
1238 3578 1310 3622 aura

151 3662 219 3723 eiua
242 3665 325 3723 color
347 3662 470 3738 pudoris
493 3664 607 3738 signum
632 3678 755 3737 nsquam
771 3662 892 3721 indicat.
923 3658 1003 3722 Eun.
1020 3657 1062 3738 11,
1079 3662 1108 3736 2,
1133 3661 1190 3721 52:
1214 3658 1311 3719 Nara·

152 3777 243 3837 quem
266 3762 386 3822 evocari
408 3762 477 3820 hinc
501 3761 545 3820 vis
569 3758 674 3821 forae?
718 3755 773 3835 IV,
799 3761 828 3835 3,
852 3761 908 3821 2Ι;
933 3759 1004 3820 Viae
1028 3759 1143 3835 amabo,
1166 3774 1239 3817 oum
1261 3759 1310 3820 sit.

137 3860 184 3937 ,6,
211 3859 264 3922 18:
286 3858 369 3918 Nam
390 3856 601 3919 formiduloeua
624 3856 751 3917 obsecro
775 3873 822 3930 ea,
850 3857 890 3916 mi
913 3855 1023 3918 homo?
1044 3887 1089 3898 -
1110 3851 1177 3918 CH.
1199 3860 1312 3916 nemost

153 3956 307 4017 hominum
322 3957 379 4031 qul
402 3957 483 4016 vivat
505 3957 610 4017 minna.
655 3951 782 4015 Phorm.
807 3951 845 4029 V,
869 3954 906 4027 6,
930 3955 962 4017 6:
991 3955 1075 4016 Nara
1096 3961 1129 4015 tu
1150 3954 1310 4027 intellegis,

154 4055 206 4114 hic
227 4055 299 4131 quid
319 4052 446 4115 narret?
488 4050 556 4115 PH.
579 4052 662 4113 Naar
684 4050 738 4113 tu?
782 4048 852 4113 AN.
874 4051 938 4111 Nc.
967 4049 1102 4132 Adelph.
1125 4047 1184 4129 111,
1209 4055 1237 4128 3,
1253 4054 1310 4113 41;

154 4168 230 4212 m
252 4152 368 4213 cinerea
390 4168 460 4213 vero
483 4152 566 4212 illurn
591 4158 671 4211 tuom
695 4148 809 4210 Fecere
833 4148 932 4211 haec?

242 4247 272 4312 b.
316 4246 444 4312 Dicitur
465 4267 484 4311 a
505 4246 620 4312 Plauto
644 4245 740 4311 etiam
762 4263 881 4324 numm,
903 4245 989 4323 quod
1005 4244 1147 4309 restituit
1163 4243 1308 4308 Ritsche·

152 4344 220 4411 liua
240 4346 351 4427 (quem
372 4345 446 4412 vide
468 4344 642 4427 prolegom.
664 4344 706 4409 ad
727 4343 814 4408 'irin
830 4360 858 4423 p.
877 4343 931 4424 76)
953 4341 1039 4408 Trim
1056 4359 1084 4408 v.
1101 4348 1179 4410 922:
1203 4360 1311 4406 omma
