3125 5075
560 311 709 350 Docnltltln
744 308 977 348 eunnlcnnsnntl.
1280 317 1341 376 303

184 498 286 563 volan.
311 517 340 579 p.
355 502 428 579 480,
451 517 479 562 ι.
497 506 528 564 5:
552 503 602 562 nbi
624 503 733 562 rorarii
755 499 859 561 iistis?
882 506 1021 559 cresunt.
1046 498 1096 558 ubi
1119 504 1189 558 sunt
1203 499 1344 561 accensi?

185 615 254 659 me.
280 596 407 676 nragm.
432 596 580 662 Bacchid.
604 616 634 677 p.
657 600 730 665 487,
753 614 781 659 v.
805 600 839 657 2:
863 614 930 656 nam
953 605 983 655 et
1006 597 1133 655 ermari
1156 598 1259 657 timide
1281 614 1350 658 ecce

185 712 242 771 ego
271 696 420 755 Pavitare.
465 694 518 758 Fr.
551 692 788 760 Cornicularioe
816 710 845 754 v.
871 696 904 771 6,
931 709 961 772 p.
985 697 1066 756 479:
1101 694 1205 755 Circus
1241 704 1344 755 noster

184 809 248 853 eece
269 792 365 852 adest.
410 795 459 855 De
486 812 548 854 ecce
575 798 672 853 εειεει
698 789 771 854 vide
800 788 945 853 Schuetz.
970 789 1071 854 doctr.
1100 794 1183 869 part.
1211 807 1241 870 p.
1273 795 1342 854 153.

184 887 290 952 Hand
314 886 451 953 Turseli.
477 889 508 969 1,
537 907 565 969 p.
591 893 662 953 587.
686 886 789 951 Plaut.
816 884 913 952 Mera.
937 886 992 966 IV,
1016 895 1053 966 4,
1076 892 1110 952 8:
1144 892 1224 951 Ecce
1246 894 1344 949 cutem

183 990 274 1063 perii.
321 1004 347 1046 v.
371 990 426 1049 52:
450 1005 511 1047 ecce
534 992 633 1049 aetem
656 989 730 1047 haec
754 986 836 1046 abiit.
867 983 962 1048 Poen.
988 984 1026 1063 V,
1043 990 1072 1064 3,
1089 991 1122 1049 o:
1147 990 1225 1049 Ecce
1245 993 1345 1048 auom

184 1086 279 1146 mala!
324 1081 451 1148 Terent.
475 1083 557 1148 Eun.
581 1083 625 1161 ll,
649 1088 678 1156 3,
701 1086 736 1146 6:
770 1101 832 1144 ecce
855 1090 952 1143 aetem
974 1087 1111 1144 alterum.
1158 1082 1284 1149 Phorm.
1302 1082 1342 1160 ΙΙ,

186 1185 304 1260 1‚34:
335 1185 413 1243 Ecce
441 1189 540 1244 actem
569 1186 678 1244 similia
705 1184 812 1242 omnia.
857 1181 916 1243 Ad.
942 1180 994 1258 lV,
1020 1186 1049 1259 7,
1073 1187 1109 1244 3:
1143 1186 1222 1243 Ecce
1244 1187 1344 1241 cutem

184 1296 270 1341 nera.
293 1310 335 1322 -
358 1282 469 1341 Eceerc
493 1279 596 1343 eraut.
621 1278 734 1358 Amph.
758 1278 799 1355 ΙΙ,
825 1283 852 1353 l,
874 1283 908 1341 4:
933 1284 1052 1346 necere,
1075 1282 1131 1339 iam
1156 1282 1260 1339 tuatim
1285 1282 1342 1338 Fa·

184 1380 228 1438 cis
252 1375 329 1454 [tu],
356 1385 388 1437 ut
416 1380 475 1438 tnis
505 1379 588 1439 nulla
615 1384 688 1451 aput
710 1385 740 1436 te
763 1376 837 1435 fides
860 1385 922 1450 est,
945 1377 984 1439 nd
1008 1392 1037 1455 q.
1061 1374 1081 1437 l.
1103 1373 1227 1439 Lamo:
1254 1374 1349 1453 „Ius--

183 1470 356 1538 iurandum
379 1478 438 1549 est,
461 1491 498 1537 ac
521 1473 548 1537 si
571 1472 704 1551 dicotur,
722 1492 781 1547 per
807 1475 948 1541 nemen,
973 1477 1008 1536 ut
1029 1477 1182 1535 Aecestor.
1217 1472 1343 1537 Festus.

184 1570 223 1635 ld
246 1587 320 1635 cum
342 1568 518 1650 significat,
543 1589 642 1632 accere
670 1568 871 1635 scribendum
902 1575 967 1644 est;
1002 1583 1036 1634 at
1058 1588 1152 1632 eccere
1174 1569 1257 1633 idern
1283 1575 1342 1647 est,

184 1667 271 1749 quod
294 1665 386 1731 ecee.“
430 1666 620 1731 Lambinum
650 1685 787 1747 sequens
809 1666 1047 1731 Lindemannus
1069 1666 1110 1731 ad
1132 1666 1218 1730 Trin.
1241 1665 1288 1741 11,
1312 1670 1342 1741 2,

186 1769 245 1829 111
270 1763 441 1838 discrimen
465 1766 578 1827 statuit
605 1765 689 1828 inter
711 1784 791 1826 erere
813 1769 847 1828 et
868 1783 978 1833 eccere,
1012 1766 1067 1830 sed
1091 1766 1150 1829 hoc
1172 1763 1344 1827 discrimen

184 1860 296 1927 fictum
320 1867 379 1933 est,
402 1880 431 1925 v.
452 1861 653 1927 Fleckeisen.
677 1880 779 1926 exerc.
804 1862 909 1926 Plaut.
933 1882 962 1943 p.
985 1871 1034 1927 48.
1067 1862 1132 1926 Mil.
1156 1862 1206 1939 Π,
1232 1866 1260 1939 2,
1286 1866 1342 1924 52;

183 1964 298 2023 necere
320 1966 419 2022 eutem
441 1964 540 2036 capite
564 1970 659 2021 nutat.
702 1958 790 2025 Pers.
814 1960 858 2038 ΙΙ,
874 1968 903 2040 4,
921 1966 977 2026 29;
1000 1980 1094 2022 eccere
1116 1967 1224 2038 catera
1249 1962 1342 2034 Quem

183 2061 346 2120 convenire
363 2076 496 2120 maxume
513 2060 678 2133 cupiebam,
696 2062 848 2135 egreditur
864 2063 951 2120 intus.
969 2093 1008 2102 —
1023 2060 1139 2132 Edepol
1148 2056 1258 2135 Amph.
1277 2056 1301 2128 I,
1316 2062 1346 2126 l,

184 2159 256 2219 125.
281 2171 310 2216 v.
337 2158 413 2217 126:
438 2156 535 2216 Credo
559 2156 659 2230 edepol
680 2157 812 2229 equidem
835 2160 964 2217 dormire
988 2159 1104 2223 Solem,
1128 2154 1342 2234 pleonasmus.

183 2256 221 2331 3,
246 2255 301 2315 12:
328 2253 444 2327 Edepol
462 2271 499 2313 ree
526 2256 579 2315 illa
607 2257 632 2313 si
659 2255 726 2314 istis
754 2256 844 2315 rebus
872 2265 902 2313 te
933 2258 1009 2314 sciat
1031 2271 1152 2329 operam
1176 2255 1248 2313 dare
1264 2255 1342 2317 cett.

183 2349 312 2414 Terent.
328 2348 405 2413 Hec.
428 2349 478 2428 11,
503 2354 540 2429 3,
567 2355 597 2414 l:
621 2351 737 2423 Edepol
757 2369 795 2411 ne
817 2370 871 2412 nos
888 2370 987 2412 snmus
1010 2353 1110 2427 inique
1127 2369 1221 2427 aeque
1237 2368 1345 2411 omues.

182 2450 299 2509 inrisae
326 2448 408 2508 viria.
429 2481 471 2491 -
496 2447 546 2511 De
576 2446 770 2528 etymologia
797 2451 831 2510 et
858 2444 1087 2527 significatione
1110 2445 1340 2527 particularum

183 2546 248 2618 sere
271 2549 305 2608 et
336 2546 429 2618 ferme
456 2544 528 2610 vide
558 2545 686 2627 egregie
721 2545 938 2625 disputantem
967 2544 1137 2609 Hendium.
1186 2542 1340 2624 Exempla

183 2647 257 2707 nnnt
279 2640 383 2707 Plant.
406 2642 492 2707 Trin.
516 2642 559 2723 ΙΙ,
583 2649 612 2723 2,
636 2648 690 2709 37;
715 2646 770 2706 tibi
791 2644 907 2719 iecisti,
930 2663 988 2706 non
1011 2646 1099 2709 mini:
1123 2647 1198 2706 Mihi
1215 2646 1340 2720 -qnidem

183 2750 268 2805 retas
291 2750 390 2803 actast
411 2742 520 2820 ferme,
547 2751 600 2802 tna
626 2745 703 2804 istnc
733 2742 829 2803 refert
850 2761 995 2805 maxume.
1040 2739 1167 2807 Terent
1191 2741 1289 2807 Andr.
1314 2741 1339 2816 Ι,

185 2844 218 2918 l,
242 2842 300 2902 77:
329 2841 435 2901 Ferme
463 2842 494 2899 in
518 2840 622 2900 diebus
644 2843 765 2918 paucis,
788 2842 895 2916 quibus
918 2842 994 2902 haec
1016 2850 1086 2903 acta
1108 2849 1192 2910 sunt,
1215 2841 1338 2916 Chrysis

183 2939 282 2998 vicina
304 2937 378 2997 baec
402 2939 536 2997 moritur.
569 2939 598 3014 5,
621 2940 678 3001 49:
702 2940 760 2999 iam
780 2937 873 3010 ferme
895 2942 1025 3000 moriens
1041 2958 1087 3000 me
1103 2947 1197 3001 vocat
1221 2936 1344 3001 Heaut.

183 3031 206 3111 Ι,
233 3037 263 3112 l,
287 3035 345 3097 lo:
367 3036 494 3095 Domum
518 3044 655 3095 revortar
677 3043 808 3096 maestus
832 3045 920 3111 atqua
942 3040 1040 3097 auimo
1063 3038 1127 3110 fere
1148 3038 1337 3097 Perturbato.

183 3129 264 3197 Cum
295 3130 467 3211 negatione
490 3129 589 3194 Andr.
614 3130 679 3210 ΙΙΙ,
705 3136 740 3210 l,
763 3135 799 3195 2:
834 3134 968 3193 Fidelem
992 3134 1077 3192 baud
1102 3134 1195 3206 ferme
1222 3134 1340 3194 mulieri

183 3231 316 3292 invenias
349 3231 452 3290 virum.
496 3227 613 3291 Heaut.
638 3228 667 3307 Ι,
695 3234 731 3307 l,
754 3234 786 3293 3:
814 3232 888 3290 haec
916 3232 996 3290 inter
1022 3249 1076 3291 noa
1106 3250 1202 3307 nuper
1232 3232 1347 3291 notitia.

183 3327 371 3389 admodumst
392 3359 434 3369 -
456 3328 519 3387 Nec
542 3337 588 3389 rel
610 3329 675 3401 sere
696 3346 767 3388 nane
792 3330 918 3402 amplius
942 3331 1099 3404 quicquam
1122 3329 1187 3390 init.
1231 3325 1338 3389 Etiam

183 3424 451 3499 moneremque
472 3423 618 3503 ponitur,
650 3427 686 3487 ut
717 3422 872 3487 ambitum
903 3421 998 3489 huius
1024 3423 1114 3489 verbi
1141 3424 1339 3489 circumscri-

183 3518 247 3584 bat.
293 3517 359 3595 (Sic
382 3518 572 3585 Schuetzius
594 3520 693 3584 doctr.
717 3526 798 3600 part.
823 3539 853 3600 p.
881 3525 962 3600 190),
985 3526 1022 3586 ut
1045 3522 1172 3585 Phorm.
1190 3521 1215 3601 1,
1232 3527 1261 3599 2,
1278 3524 1335 3585 39;

183 3619 229 3679 bic
257 3617 427 3679 nolebamus
460 3619 524 3691 sere
556 3620 736 3694 Plerumque
770 3637 835 3680 eam
869 3624 1012 3696 opperiri.
1065 3623 1204 3682 Fortasse
1233 3617 1338 3683 Plaut.

183 3713 277 3779 Poen.
300 3712 340 3791 V,
363 3717 397 3789 2,
419 3720 479 3778 44:
514 3718 654 3778 nbrtccrc
675 3718 807 3778 medicos
830 3737 884 3779 uos
912 3737 978 3780 esee
1002 3721 1187 3781 arbitrarier.
1230 3719 1346 3778 Hercle»

183 3807 284 3877 Pleni.
310 3809 393 3874 Men
415 3809 471 3886 IV,
496 3816 532 3888 2,
556 3816 614 3875 67:
648 3816 712 3875 Tun
735 3816 848 3889 negas?
869 3864 871 3871 .
894 3814 994 3879 ΜΕΝ.
1024 3819 1107 3892 Nego
1138 3818 1354 3880 beredenam..

183 3907 279 3974 llere.
302 3905 335 3978 Ι,
358 3910 394 3985 2,
417 3914 472 3974 74;
503 3913 605 3972 hercle
629 3919 722 3973 carte.
767 3910 806 3990 V,
829 3918 863 3989 4,
890 3916 946 3976 10:
977 3916 1044 3975 Tibi
1066 3916 1162 3976 hercle
1183 3917 1257 3975 dicit
1279 3914 1338 3987 tsic

183 4002 316 4070 nincht
339 4022 398 4087 pro
421 4005 506 4088 vulg.
528 4010 621 4085 erpo).
666 4007 798 4087 Terent¹
810 4010 907 4073 Andr.
932 4010 974 4090 ΙΙ,
991 4015 1021 4090 2,
1047 4013 1335 4089 10:1tleaqnidem

183 4104 274 4168 lere
295 4107 373 4165 certe
392 4106 424 4166 in
447 4106 536 4168 dubio
560 4111 656 4169 vitest.
683 4137 723 4150 -
745 4108 865 4169 Icenrm
887 4108 990 4173 Plaut
1012 4107 1079 4173 llil.
1102 4108 1151 4187 ΙΙ,
1175 4113 1205 4189 3,
1228 4115 1279 4187 27,
1294 4133 1343 4162 =

183 4198 281 4266 altero
303 4199 393 4279 loco,
412 4190 479 4266 rid.
503 4201 647 4266 Lindem.
1082 4263 1091 4273 ,

265 4296 304 4362 Ιιι
343 4301 431 4359 namo
471 4298 631 4379 particula
666 4300 879 4367 describenda
916 4307 991 4368 utar
1023 4321 1062 4369 ea
1100 4303 1342 4384 distributione,
