3125 5075
540 347 685 385 DOCTRIM
707 346 938 385 Pannicuttmnt.
1243 356 1300 417 321

238 535 289 596 29.
311 533 465 592 Aduerbio
488 539 526 602 tet
548 534 779 609 coniurationes)
804 537 951 608 ›tepotioa
996 535 1227 613 Antiquissima
1250 555 1305 599 ne·

147 628 238 710 gatio
261 634 312 692 est
332 648 385 707 ne,
409 630 450 692 de
473 647 536 707 qua
558 629 703 693 Handius
725 629 817 695 Turs.
840 630 895 709 IV,
912 648 943 711 p,
961 636 1017 695 29:
1042 632 1301 711 „antiquissimis

147 725 350 806 temporibus
372 742 470 805 quum
493 725 676 791 subtiliores
699 727 920 793 distinctiones
950 730 1087 793 nondum
1121 736 1229 792 essent
1258 730 1305 793 in·

147 827 281 894 venae,
313 823 516 903 negationem
544 823 684 888 cuiusvis
715 827 841 904 generis
870 826 976 890 Latini
1002 826 1157 891 vocabulo
1184 846 1222 886 se
1252 846 1304 890 ex·

146 927 355 1003 presserunt,
382 926 418 983 ut
439 920 499 984 hoc
522 919 605 984 idem
628 930 728 998 esset,
753 923 837 1002 quod
860 944 927 988 non.
966 924 1073 1000 Quare
1093 922 1305 987 adhibebatur

146 1019 184 1083 in
206 1016 431 1098 componendis
453 1018 632 1082 nominibus
655 1023 754 1093 nasos,
776 1028 894 1090 neme,
917 1041 1014 1091 uerno,
1041 1025 1167 1091 nescire,
1195 1042 1304 1097 sequa

146 1137 254 1195 mm,
275 1118 404 1191 aedium,
429 1134 598 1189 numquam,
623 1117 736 1181 deinde
758 1117 790 1180 in
814 1138 850 1179 nc
864 1123 916 1183 oia.
955 1119 1078 1183 Deinde
1095 1137 1169 1182 vero
1186 1120 1306 1182 maiore

149 1216 313 1297 gravitate
334 1211 566 1292 insigniebatur
589 1213 665 1277 haec
688 1216 832 1293 negatio,
864 1226 900 1279 ut
928 1216 1089 1280 diceretur
1118 1236 1154 1278 ae
1183 1220 1306 1291 pictam,

147 1315 272 1388 mum,
293 1309 428 1389 aliaque.
473 1308 512 1373 Iu
535 1312 819 1389 compositionibus
842 1313 1010 1378 verborum
1039 1313 1304 1395 interponebatur

148 1409 312 1485 alitteris,
335 1410 374 1470 ut
393 1413 482 1472 esset
501 1427 555 1468 aec
574 1410 607 1471 in
630 1414 801 1486 necopinus,
823 1415 979 1486 tapetium.
1024 1412 1127 1476 Plaut·
1156 1410 1250 1475 Most.
1280 1409 1305 1486 1,

149 1514 186 1576 2,
209 1511 264 1572 29;
287 1507 432 1567 Dominus
457 1506 616 1582 indiligens
640 1510 764 1567 reddere
789 1514 864 1569 alias
887 1512 989 1570 nevolt.
1035 1509 1122 1572 Trin.
1140 1508 1177 1584 V,
1195 1513 1231 1586 2,
1248 1511 1303 1572 32:

147 1608 218 1669 Nisi
244 1613 276 1667 tu
304 1622 341 1665 ac
366 1606 420 1668 ors.
466 1601 569 1684 [Adde
601 1603 671 1667 nui.
696 1604 825 1673 11‚4,7
850 1602 1005 1684 revelles]
1039 1606 1124 1669 Most
1151 1605 1180 1682 1,
1204 1609 1238 1683 2,
1262 1611 1303 1668 43

149 1702 209 1787 [=
230 1719 259 1766 v.
285 1705 361 1766 124:
381 1703 502 1777 Sibique
526 1715 577 1762 aut
599 1706 742 1763 materiae
764 1699 972 1782 neporeant].‘·
997 1703 1144 1768 andane
1159 1707 1303 1779 utiq-acm,

146 1798 238 1881 quod
259 1798 377 1878 legitur
400 1797 492 1860 Ennii
517 1799 687 1863 Alcumaeo
710 1797 748 1863 ir.
773 1806 800 1863 a.
824 1800 943 1865 Terent
966 1801 1041 1865 Hec.
1065 1802 1090 1880 1,
1107 1806 1136 1882 2,
1154 1805 1204 1878 50,
1220 1798 1304 1863 alibi,

147 1895 306 1976 Exempla
328 1915 355 1958 v.
376 1914 414 1956 ne
435 1929 478 1940 —
499 1899 616 1971 quidam
638 1903 713 1961 sunt
735 1897 839 1962 Plant.
864 1898 930 1962 biii.
955 1899 987 1976 1,
1009 1904 1038 1976 l,
1063 1904 1116 1963 31:
1141 1899 1188 1959 Ne
1203 1900 1305 1959 heroic

148 2012 261 2071 operae
290 1996 419 2070 pretium
445 1996 593 2068 qaidanst
621 1999 695 2056 Mihi
722 2006 752 2058 te
781 2016 921 2072 narrare,
955 1997 996 2060 ad
1029 2014 1058 2075 q.
1094 1995 1114 2061 l.
1147 1995 1306 2060 Lindem:

146 2090 410 2173 „Particularnm
438 2112 475 2154 ae
505 2127 543 2138 -·
577 2095 693 2167 crinem
727 2094 838 2158 maiori
873 2093 1040 2157 intervallo
1075 2093 1304 2159 disiunctarum

147 2187 296 2269 exempla
322 2189 454 2254 rariora.
506 2187 550 2253 (ii
582 2190 734 2254 Goerenz.
764 2192 805 2253 ad
834 2191 897 2256 Cic.
926 2192 965 2254 de
997 2188 1046 2253 tin.
1072 2190 1125 2269 lv,
1154 2208 1183 2269 p.
1214 2192 1305 2254 alost·

147 2285 278 2352 Terent
303 2286 384 2351 Eun.
407 2286 433 2358 Ι,
458 2292 487 2365 2,
514 2292 567 2351 19:
591 2306 627 2347 nc
650 2290 707 2349 boc
729 2292 845 2363 quidem
869 2292 981 2351 tacebit
1004 2293 1158 2351 Parmeno.
1205 2287 1259 2366 iv,
1275 2295 1306 2366 4,

151 2388 209 2448 14:
232 2401 269 2445 ne
291 2388 508 2461 comparandus
532 2388 580 2445 hic
603 2388 778 2459 quidemst
808 2392 929 2449 iilumst.
983 2385 1097 2466 Hecyr.
1125 2384 1189 2460 111,
1214 2390 1248 2463 2,
1272 2391 1306 2449 7;

149 2483 219 2544 Non
242 2483 338 2544 nessi
358 2501 395 2544 ac
418 2486 520 2546 mittas
543 2486 659 2558 quidem
682 2487 797 2547 visendi
820 2505 911 2548 causa
932 2503 1116 2563 quemquam.
1154 2483 1306 2564 Repetite

147 2584 202 2645 est
223 2596 283 2658 per
305 2599 340 2644 nc
364 2611 401 2622 -
426 2583 541 2656 quidem
564 2600 622 2661 per
643 2581 862 2661 pleonasmum
886 2584 1014 2664 negatio
1035 2600 1225 2664 praegresso
1247 2600 1306 2644 oon

150 2675 252 2742 Andr·
274 2675 307 2752 1,
331 2681 369 2754 2,
393 2681 449 2741 30:
478 2681 571 2754 Quid,
605 2682 659 2742 hoc
683 2681 871 2744 intellextini
899 2701 937 2744 an
966 2701 1026 2743 nott
1057 2685 1125 2743 dum
1154 2684 1243 2742 etiam
1271 2697 1307 2741 ne

148 2778 209 2837 hoc
236 2777 374 2849 quiden?
401 2775 451 2839 Ad
481 2792 536 2853 ea,
565 2793 648 2854 quae
677 2796 715 2839 ae
744 2779 904 2859 recipiunt
929 2779 970 2844 ad
1004 2778 1179 2859 negandam
1214 2777 1308 2840 nnius

149 2871 287 2939 nominis
309 2872 484 2951 notionem,
508 2875 650 2952 pertinet
671 2876 767 2940 etiam
791 2878 1026 2957 comparativus
1049 2879 1147 2937 motus
1168 2875 1200 2939 in
1223 2874 1306 2954 legg.

145 2968 213 3035 XII
235 2968 320 3035 tato.
345 2969 408 3048 111,
431 2968 469 3033 fr.
496 2976 513 3031 3
537 2989 588 3050 ap.
612 2971 692 3038 Geli.
716 2972 736 3036 l.
760 2973 831 3052 XX,
862 2993 886 3037 e.
919 2982 948 3038 l:
979 2980 1104 3049 vincito,
1136 2985 1188 3035 aut
1217 2990 1307 3034 nervo

148 3070 432 3144 macomadibus,
457 3073 623 3146 quindecim
646 3074 746 3146 pondo
768 3090 806 3133 nc
827 3076 950 3148 maiore,
973 3085 1025 3134 aut
1048 3077 1074 3133 st
1097 3076 1177 3134 volet
1193 3074 1307 3130 minore

147 3168 274 3230 vincito.
326 3165 451 3231 Deinde
477 3166 616 3245 pertinet
645 3166 707 3231 huc
733 3169 913 3233 coniunctio
942 3175 976 3229 ct
1002 3188 1052 3236 nc,
1078 3167 1118 3231 de
1147 3182 1210 3245 qna
1235 3162 1307 3229 vide

148 3281 218 3345 cap
242 3262 322 3343 xli,
345 3262 472 3344 §lai
510 3264 590 3327 Tum
612 3264 729 3330 dieitur
751 3269 803 3340 qui
824 3286 861 3329 ne
876 3265 1004 3330 Terent.
1022 3264 1118 3328 Andr.
1136 3262 1181 3341 ΙΙ,
1202 3269 1227 3339 i,
1245 3262 1304 3326 35:

147 3366 218 3441 nso
239 3364 272 3425 id
293 3382 394 3440 agan,
424 3365 497 3423 mihi
525 3364 577 3436 oct·
598 3381 634 3423 ae
657 3365 752 3426 detur
798 3365 943 3444 Denique
970 3363 1087 3427 dicitur
1116 3365 1233 3424 utinam
1261 3378 1307 3434 ne,

147 3461 190 3526 de
214 3477 277 3540 quo
299 3460 371 3525 vide
394 3476 462 3539 cap
487 3458 567 3537 XII,
591 3458 689 3538 516,
718 3467 750 3526 et
736 3463 914 3539 t‚damne
942 3480 970 3522 v
998 3460 1072 3525 ibid
1097 3457 1235 3538 §rtet
1221 3457 1305 3523 t·in

148 3555 201 3623 ira
222 3559 242 3635 ti
267 3562 358 3623 ota.

236 3659 287 3721 30.
305 3656 367 3719 -Ad
391 3675 450 3717 non
472 3657 663 3734 particulam
692 3656 776 3734 quod
806 3656 936 3734 attinet,
966 3657 1103 3735 primum
1133 3653 1306 3718 notandum

148 3759 216 3832 est,
238 3753 324 3833 quod
346 3753 492 3818 Handius
515 3753 624 3818 docuit
647 3753 736 3817 Tuis.
762 3753 817 3824 IV,
849 3772 879 3832 p.
909 3757 986 3830 261,
1017 3771 1056 3817 ea
1084 3752 1195 3828 verba,
1226 3768 1307 3830 quae

148 3850 350 3931 negationem
375 3853 406 3914 in
430 3851 618 3930 schabest,
649 3851 775 3929 quando
804 3851 909 3916 soluta
938 3849 1096 3932 particula
1125 3846 1306 3925 efferantur,
1382 3868 1388 3879 ·

147 3948 261 4015 maiori
286 3949 314 4011 vi
338 3950 541 4029 negationem
563 3947 758 4028 amplificari.
807 3947 858 4012 Sic
881 3966 976 4027 saepe
999 3949 1083 4029 apud
1099 3947 1249 4011 Plautum
1272 3950 1307 4008 et

148 4045 335 4111 Terentium
358 4047 518 4110 invenitur
540 4067 602 4109 aaa
624 4051 697 4121 scio,
722 4053 758 4109 ut
781 4046 853 4110 Ter.
877 4045 957 4110 Eun.
983 4046 1014 4116 1,
1038 4052 1071 4125 2,
1096 4051 1151 4109 31;
1181 4046 1301 4105 Certum

146 4164 210 4207 noa
236 4148 360 4222 samaa,
388 4143 497 4208 itidem
521 4164 581 4206 noa
602 4165 674 4220 queo
695 4162 754 4223 pro
784 4161 892 4218 aequm
921 4142 1040 4209 dictum
1073 4147 1123 4207 est
1150 4140 1226 4205 Hee.
1249 4138 1305 4216 IV,

147 4252 186 4321 4,
209 4248 259 4306 st.
303 4240 632 4321 Plaut.cist.11,s‚
661 4249 711 4307 13;
735 4246 854 4305 Utinam
872 4243 1162 4315 audiremqueoo.
1196 4237 1308 4300 Potest

147 4359 211 4403 m
232 4338 328 4403 atiani
353 4356 423 4403 cum
448 4338 657 4403 substantivis
680 4345 713 4402 et
730 4338 897 4403 adiectivis
921 4344 954 4402 et
973 4336 1133 4403 adverbiis
1150 4334 1308 4414 coniungi,

202 4440 283 4481 notin.
298 4441 408 4489 mittaris,
437 4441 464 4478 ii.
1057 4444 1094 4502 21
