3125 5075
266 369 328 430 120
694 356 822 398 mesum,
850 356 914 397 041’.
928 358 977 397 ΧΠ.

263 569 350 625 quom
374 551 514 609 imitabor
542 550 693 610 Sauream.
721 565 750 610 v.
783 549 858 610 108:
888 549 1002 608 Patitor
1031 555 1064 607 tn
1086 548 1171 620 item,
1201 564 1291 620 quom
1313 563 1375 624 ego
1398 555 1430 609 te

264 649 408 721 roseriam
434 644 565 724 (menn).
589 642 631 722 ΙΙ,
655 650 685 722 4,
709 646 767 706 88:
793 646 894 720 Lupus
917 645 1070 706 esthemo
1092 645 1217 719 homini,
1240 662 1302 705 non
1325 646 1431 719 homo,

263 762 351 819 quom
373 746 469 820 qualis
492 746 532 804 sit
554 761 611 803 non
633 744 724 802 oooit.
748 740 803 819 IV,
830 746 856 816 1,
872 746 907 803 4:
930 744 1012 817 leges
1028 759 1114 814 quom
1127 742 1235 801 audiet.
1260 739 1299 817 V,
1314 744 1348 819 2,
1367 744 1428 804 2οε

263 860 349 915 quom
372 843 498 917 primum
520 840 587 901 otei.
611 855 639 902 v.
664 843 717 902 51:
752 840 843 914 Quid,
866 856 952 913 quom
974 838 1076 901 adest?
1098 855 1126 899 v.
1151 843 1205 900 77:
1228 855 1319 911 quom
1344 840 1427 900 diets

262 942 295 1000 in
319 956 373 998 rno-
387 938 548 1011 ioperedos.
573 936 641 999 Aul.
664 934 743 1016 prol.
767 954 795 1000 ν.
812 944 848 999 4:
871 939 947 998 hano
970 937 1086 998 domum
1109 938 1171 997 Iam
1193 940 1304 997 multos
1329 953 1429 1005 annos,

264 1044 311 1098 est
329 1053 416 1108 quom
434 1034 578 1108 possideo.
608 1032 639 1112 Ι,
663 1038 700 1112 2,
730 1036 785 1099 35:
816 1052 893 1096 nuno
921 1052 1008 1107 quom
1029 1036 1089 1094 oelo
1117 1036 1221 1095 sedulo
1248 1034 1359 1095 omnis.
1381 1030 1426 1109 ll,

171 1143 173 1147 ’
264 1136 293 1209 2,
320 1136 352 1195 1:
375 1150 461 1206 quom
483 1133 598 1191 exibam
621 1133 716 1192 domo.
742 1149 768 1194 v.
789 1135 843 1194 l'l:
868 1135 953 1192 Nune
976 1134 1062 1207 petit,
1085 1149 1173 1204 quom
1184 1132 1357 1205 pollicetur.
1382 1128 1425 1208 ΙΙ,

262 1235 293 1308 4,
316 1233 371 1293 23:
403 1232 479 1303 Quin
495 1246 581 1301 quom
602 1231 627 1287 it
649 1230 816 1303 dormitum,
839 1228 940 1290 follem
961 1231 1120 1303 obstringit
1134 1231 1171 1289 ob
1187 1232 1295 1303 gulam.
1319 1245 1353 1291 v.
1370 1230 1425 1291 29:

262 1333 377 1404 Aquom
401 1329 502 1387 hercle
525 1328 639 1401 plorat,
668 1344 755 1399 quom
777 1328 873 1394 looat,
893 1327 1085 1402 profundere.
1108 1323 1167 1398 ΠΙ,
1191 1330 1221 1403 5,
1244 1330 1285 1388 47
1293 1345 1300 1387 :
1324 1328 1425 1403 Quoue

261 1426 402 1485 incedent
423 1422 585 1484 infectores
613 1425 794 1484 oolthularii.
818 1422 879 1499 IV,
908 1427 946 1499 4,
971 1428 1003 1485 2;
1035 1442 1111 1484 nuno
1138 1441 1227 1496 quom
1254 1441 1417 1497 compares.

263 1519 355 1601 Cept.
371 1520 396 1598 I,
420 1523 448 1597 2,
466 1524 505 1583 39
521 1535 583 1597 sq.:
607 1522 680 1581 Tum
696 1522 823 1597 denique
839 1523 974 1582 homines
995 1530 1098 1582 nostre
1113 1523 1316 1597 intellegimus
1333 1524 1421 1595 bons,

261 1622 355 1699 Quom
378 1635 453 1697 quae
477 1622 506 1678 in
530 1625 680 1693 potestate
704 1620 859 1679 habuimus
882 1637 919 1679 ee
941 1620 1100 1679 omisimus.
1128 1616 1172 1681 ΙΙ).
1199 1635 1226 1679 ν.
1249 1621 1301 1680 48.
1328 1615 1421 1697 Capt

261 1736 291 1781 v.
315 1721 390 1780 247:
414 1733 501 1789 qoem
522 1716 656 1775 servibas
678 1717 758 1775 mihi.
783 1714 824 1786 II,
841 1719 870 1792 2,
888 1720 916 1778 5.
934 1718 969 1777 6:
995 1718 1052 1789 Qui
1075 1726 1160 1776 cavet
1186 1733 1222 1775 ne
1239 1716 1419 1791 decipiatur,

261 1818 310 1876 vix
332 1822 427 1886 cavet,
450 1831 535 1886 qoem
559 1815 647 1873 etiem
670 1817 760 1875 cavet.
792 1815 892 1874 Etiam
914 1831 1002 1885 quom
1024 1816 1137 1873 sevisse
1154 1820 1238 1874 retus
1253 1819 1304 1881 est,
1328 1832 1419 1889 saepe

262 1914 289 1973 io
317 1913 432 1971 eevitor
459 1919 564 1986 eaptus
594 1918 648 1971 eet.
672 1907 719 1986 ΙΙ,
744 1914 779 1985 2,
804 1913 861 1974 3οε
889 1914 961 1971 Tum
986 1914 1076 1987 igitur
1104 1914 1132 1972 ei
1158 1929 1246 1984 quom
1273 1913 1304 1971 in
1338 1915 1420 1973 Aleis

261 2014 304 2072 est
334 2011 432 2083 gretie
460 2015 553 2069 tanto.
581 2026 609 2070 v.
641 2009 691 2069 32.
720 2010 772 2069 48.
795 2005 842 2084 ΙΙ,
873 2013 909 2085 3,
934 2014 987 2072 74:
1018 2027 1104 2081 quom
1125 2012 1277 2083 extemplo
1306 2028 1374 2070 meo
1403 2029 1419 2070 o

262 2112 424 2181 conspeetu
448 2107 629 2179 apscesseris.
652 2122 681 2167 v.
697 2108 748 2169 93.
771 2102 831 2181 ΙΙΙ,
858 2110 884 2183 l,
908 2109 944 2169 3:
968 2110 1022 2167 llle
1046 2109 1254 2166 misserrumus
1278 2118 1335 2180 eet,
1361 2111 1418 2183 qui,

260 2220 347 2277 quom
359 2220 425 2263 esse
448 2203 551 2275 cupiit,
568 2205 646 2278 quod
664 2204 727 2262 edit
745 2220 805 2262 non
817 2205 915 2264 habet.
941 2207 970 2279 2,
985 2208 1018 2267 3:
1041 2221 1128 2277 quom
1140 2207 1196 2263 emi
1216 2206 1308 2265 hosce
1325 2206 1418 2266 homi·

261 2305 323 2363 nei.
348 2304 377 2376 3,
396 2306 430 2363 3:
455 2302 511 2360 Hio
532 2302 614 2359 illest
630 2300 703 2372 dies,
726 2317 813 2372 quom
834 2304 916 2361 nulle
939 2304 1017 2361 vitae
1033 2319 1116 2361 mese
1132 2303 1213 2361 solus
1236 2305 1418 2376 sperabilist

260 2402 291 2476 4,
307 2402 362 2460 82:
383 2401 519 2474 Aiacem,
541 2398 617 2457 huno
634 2414 721 2469 quom
736 2398 827 2466 eides,
842 2401 940 2473 ipsum
956 2400 1046 2459 vides.
1070 2403 1099 2475 5,
1116 2402 1173 2460 66:
1195 2401 1239 2459 lbi
1255 2418 1347 2472 quom
1369 2402 1419 2461 alii

261 2503 384 2557 octonos
414 2496 529 2571 lapides
560 2495 715 2568 ecfodiont.
744 2492 798 2572 lV,
823 2498 851 2572 2,
876 2499 911 2558 5:
942 2498 1025 2571 Quod
1054 2514 1143 2570 quom
1163 2499 1305 2572 seibitnr,
1331 2495 1419 2575 [tum]

260 2612 315 2670 per
345 2596 449 2654 urbem
480 2595 642 2653 irridebor.
670 2611 698 2656 v.
733 2597 807 2655 107:
842 2595 895 2654 Set
925 2595 1093 2669 Stalagmus
1115 2598 1219 2669 quoius
1251 2605 1319 2656 erat
1349 2605 1419 2655 tuno

260 2694 404 2763 notionis,
428 2707 516 2762 quom
539 2692 607 2750 hine
630 2692 711 2750 obit?
739 2688 781 2768 V,
805 2696 839 2766 4,
864 2694 1029 2753 25:1lune
1053 2694 1167 2752 demum
1192 2695 1222 2752 in
1245 2697 1419 2753 memoriam

259 2789 359 2859 redeo,
383 2804 471 2859 quom
491 2806 605 2848 meeum
626 2790 761 2862 recedito.
787 2785 877 2851 Cure.
901 2786 932 2865 Ι,
959 2794 990 2865 l,
1014 2793 1051 2850 21
1070 2806 1129 2867 sq.:
1157 2808 1243 2863 qetom
1273 2794 1419 2864 operitur,

259 2892 355 2946 tacet:
379 2887 530 2960 <laetoque
554 2887 606 2946 illa
623 2894 711 2946 noctu
734 2889 902 2947 eloneulum
926 2887 963 2947 ad
987 2906 1033 2948 me
1056 2891 1124 2955 erit,
1147 2896 1236 2949 tecet.
1260 2887 1318 2966 IV,
1336 2893 1366 2959 3,
1385 2892 1417 2952 9:

257 2982 340 3042 Idem
364 2999 419 3057 ego
442 2984 518 3043 istuc
542 3000 628 3055 quom
649 2984 800 3043 eredebant
823 2985 945 3059 credidi,
970 2987 1011 3045 Te
1035 2989 1109 3046 nihil
1130 3005 1196 3047 esse
1219 2988 1416 3048 redditurum.

258 3075 328 3142 Cas.
359 3077 437 3157 prol.
467 3096 494 3142 v.
528 3085 560 3142 7:
589 3083 720 3156 Antiqua
747 3099 841 3157 opere
867 3090 898 3142 et
931 3085 1021 3144 verba
1048 3103 1138 3156 prtum
1172 3086 1253 3144 vobis
1284 3087 1415 3159 placent,

257 3181 392 3253 Aequom
419 3180 570 3252 plaeerest
600 3187 668 3238 ante
699 3186 817 3241 veteres
841 3181 965 3244 fabulas.
1001 3198 1029 3242 v.
1059 3185 1111 3242 17:
1137 3184 1218 3241 Haeo
1241 3200 1331 3255 quom
1354 3185 1416 3258 pri·

255 3293 334 3335 mum
364 3279 471 3349 ociosi,
501 3279 572 3337 vicit
605 3279 700 3337 omnis
728 3276 852 3338 fabulas.
884 3295 912 3338 v.
943 3282 1001 3340 4οῑ
1032 3298 1119 3354 quom
1150 3282 1366 3354 conspicatust.
1390 3277 1414 3353 Ι,

259 3376 284 3451 l,
309 3376 363 3434 tl:
386 3375 480 3448 Quom
502 3376 541 3432 mi
565 3377 638 3434 hoec
661 3374 796 3435 dicentur
818 3376 907 3436 dieto.
932 3373 975 3453 ΙΙ,
1000 3380 1028 3453 3,
1054 3379 1107 3438 16:
1132 3380 1237 3449 Sonus,
1260 3396 1349 3449 quom
1365 3378 1414 3439 ted

255 3487 329 3532 omo.
352 3468 407 3547 lV,
430 3478 467 3546 4,
495 3474 546 3533 18:
579 3475 664 3533 huius
692 3490 779 3545 quom
801 3476 916 3548 eopiem
944 3476 1015 3533 mihi
1041 3475 1147 3534 dedisti
1173 3472 1270 3553 (vulg.
1303 3475 1414 3551 iecisti,

253 3567 302 3645 Ap
328 3570 454 3641 dedesti,
478 3566 571 3631 Both.
588 3572 706 3631 dedisti.
745 3572 864 3633 Versus
887 3575 946 3642 est,
969 3577 1005 3633 ut
1026 3576 1112 3635 reete
1129 3571 1247 3634 statuit
1262 3570 1412 3650 Weisius,

254 3663 442 3727 beochioeus
465 3668 675 3740 tetrameter).
699 3665 737 3743 V,
761 3671 797 3741 2,
822 3673 877 3732 31:
901 3688 988 3744 quom
1012 3673 1118 3745 cogito.
1149 3668 1224 3731 Cist.
1251 3668 1274 3746 l,
1300 3674 1329 3748 3,
1356 3675 1411 3734 39:

254 3763 347 3837 Quom
376 3766 440 3837 ipse
464 3767 632 3838 exponebat.
662 3763 717 3840 IV,
742 3770 775 3843 2,
800 3770 851 3829 24;
879 3769 936 3828 Sed
961 3787 1007 3828 me
1031 3788 1143 3841 moror,
1167 3785 1253 3839 quom
1278 3770 1334 3829 hoe
1358 3788 1414 3843 opo

253 3862 359 3921 secius.
390 3859 516 3940 Fragor.
546 3861 622 3924 Cist.
658 3859 699 3924 ab
730 3864 852 3943 Angelo
881 3863 965 3928 Maio
1003 3871 1120 3944 repert.
1154 3883 1184 3943 p.
1217 3869 1268 3941 18,
1304 3865 1336 3929 in
1364 3866 1411 3929 ed.

252 3955 390 4020 Tauehn.
415 3975 445 4037 p.
461 3963 540 4022 485;
566 3960 641 4021 Cum
663 3962 753 4022 illaec
769 3965 812 4023 sle
828 3965 912 4034 foois.
934 3961 974 4025 ib.
998 3980 1026 4041 p.
1047 3968 1083 4025 19
1108 3961 1258 4036 (Teuchn.
1276 3981 1306 4042 p.
1324 3968 1410 4037 test:

252 4055 312 4114 Sed
334 4074 399 4114 eoem
420 4057 501 4117 dicte
523 4059 609 4118 huius
633 4061 819 4131 interpretor,
842 4063 917 4121 haee
940 4063 1072 4121 herclest
1095 4064 1168 4124 cett.
1193 4059 1285 4138 Epio.
1310 4061 1356 4138 ΙΙ,
1382 4067 1410 4139 2,

251 4155 307 4216 33;
330 4155 423 4229 Quoto
440 4158 475 4213 ad
491 4163 610 4230 portum
625 4158 717 4224 venio,
734 4165 822 4233 atque
839 4176 893 4232 ego
909 4161 989 4218 illam
1005 4161 1066 4219 illio
1084 4160 1168 4218 video
1185 4164 1410 4233 praestolarier.

251 4248 310 4326 ΙΙΙ,
335 4255 365 4326 2,
389 4255 422 4312 8:
447 4254 521 4312 Mihi
546 4272 631 4314 cesso
654 4272 740 4326 quom
762 4261 814 4314 sto.
840 4253 904 4332 Ill,
929 4262 958 4330 3,
982 4260 1037 4318 40:
1066 4260 1130 4331 Ego
1153 4259 1216 4316 illie
1241 4276 1286 4317 me
1311 4271 1409 4319 sutem

248 4349 294 4408 sio
331 4350 559 4425 adsimulatam,
597 4357 682 4429 qussi
717 4354 877 4429 stolidum,
914 4372 1001 4427 quom
1038 4356 1156 4415 surdum
1192 4354 1249 4427 (sic
1282 4354 1408 4418 Ladew.
