3125 5075
289 421 352 482 294
591 412 654 451 OAP.
667 411 715 453 XV.
741 409 890 452 DOOTRIUA
906 408 1157 450 submutaverunt.

292 620 350 682 pro
374 606 453 662 recto
475 604 535 663 oio.
582 599 647 664 Mil.
675 599 728 674 Ν,
753 608 781 674 t,
808 602 862 662 56:
882 617 1003 673 prosam
1026 601 1161 662 Athenas
1184 604 1338 677 protinam
1364 600 1447 661 abibo

290 709 398 762 tecum.
443 698 531 762 Pers.
555 697 609 775 IV,
634 704 663 775 5,
688 705 720 761 5:
745 701 904 773 Simulato,
928 700 1012 773 quasi
1036 715 1089 760 eas
1106 716 1251 772 prosum
1279 701 1311 759 in
1337 715 1446 757 narem.

291 795 418 859 Terent.
444 794 503 858 Ad.
527 794 582 872 IV,
607 800 635 871 2,
663 801 717 858 ll:
742 797 807 856 vids
832 816 867 855 ne
891 798 942 857 ills
967 797 1024 855 buc
1042 813 1169 868 prorata
1191 814 1224 858 sa
1248 798 1370 871 iornat,
1398 793 1444 856 ubi

290 912 317 954 v.
341 892 467 956 Ruhnh.
493 900 526 955 et
548 891 586 955 ci.
611 892 705 956 Here.
737 892 775 955 ad
807 891 881 957 Sall.
905 910 935 971 p.
969 896 1038 955 118.
1083 892 1232 973 Denique
1260 891 1383 956 dicitur
1410 890 1443 952 de

290 989 401 1066 rebus,
425 1006 508 1068 quac
532 989 582 1053 vel
606 989 721 1053 dubiae
744 989 796 1053 vel
818 990 934 1053 nimiae
949 988 1050 1053 videri
1067 996 1221 1069 possunt,
1243 986 1442 1069 designandis

290 1091 324 1151 et
346 1084 568 1151 confirmandis
599 1087 659 1158 (sic
682 1085 828 1151 Handius
849 1085 906 1164 Ν,
930 1104 958 1165 p.
989 1090 1065 1165 617,
1095 1104 1191 1167 quem
1214 1086 1289 1151 vide
1320 1087 1353 1150 in
1384 1084 1441 1148 uni·

291 1202 418 1249 versum
443 1184 482 1247 de
505 1188 573 1248 toto
597 1202 658 1248 usu
680 1184 775 1249 huius
798 1182 997 1265 particulae).
1036 1183 1088 1247 Sic
1107 1185 1238 1251 Terent
1262 1185 1345 1248 Eun.
1363 1182 1437 1261 Ita

293 1288 345 1346 le:
371 1286 417 1342 lta
433 1302 575 1356 prorsam
597 1286 706 1345 oblitus
731 1304 793 1345 sum
817 1286 883 1345 mei.
908 1315 948 1325 -
971 1283 1127 1344 Proernam
1142 1281 1249 1347 Plaut.
1266 1280 1335 1344 Mil.
1352 1278 1402 1353 Ν,
1414 1285 1437 1352 t,

291 1384 349 1442 se:
374 1399 496 1457 prosum
520 1384 653 1442 Athenas
678 1384 833 1454 protinam
863 1382 950 1442 abibo
973 1391 1079 1443 tecum.
1107 1413 1150 1424 -
1178 1383 1331 1459 Qoopiiam
1358 1376 1436 1441 hlost

291 1475 346 1553 IV,
371 1481 407 1556 2,
431 1482 480 1540 60.
524 1481 645 1555 eropoo
668 1478 765 1542 Mero.
791 1478 828 1556 V,
853 1483 888 1555 2,
922 1482 970 1540 li.
1014 1480 1161 1555 Quorsum
1191 1478 1325 1541 Terent
1354 1473 1435 1537 Andr.

291 1574 316 1655 1,
341 1581 370 1653 5,
395 1580 452 1639 29;
477 1580 588 1637 Misera
611 1581 701 1637 timeo
725 1573 892 1651 ,1111111111ι
916 1578 972 1635 hoc
994 1593 1133 1648 quoram
1157 1578 1294 1652 accidat,
1318 1573 1347 1637 h
1370 1570 1436 1635 ein

290 1691 384 1755 quern
408 1691 515 1737 rerum
539 1680 659 1736 statum
683 1677 836 1737 transeat.
882 1673 924 1750 ss,
948 1677 981 1750 2,
1007 1677 1064 1736 24:
1086 1675 1234 1750 Quorsum
1261 1692 1330 1733 nam
1354 1670 1435 1731 istnc?

290 1775 399 1849 erovis
422 1770 525 1835 eraut.
548 1769 642 1835 Most.
666 1789 695 1833 1.
719 1775 795 1833 838:
824 1774 891 1834 cibo
915 1772 1039 1848 perduci
1062 1774 1178 1847 poteris
1200 1772 1317 1845 quotes.
1361 1770 1436 1827 Retro

291 1868 384 1931 Euoii
401 1868 497 1932 Sotae
520 1868 556 1933 fr.
582 1875 615 1932 5:
639 1875 719 1929 retro
741 1872 876 1931 reccidit.
913 1869 1061 1942 Rursum,
1085 1866 1295 1933 contractum
1319 1883 1438 1931 erever-

290 1984 372 2042 sson,
395 1965 531 2045 primurn
556 1964 616 2029 loci
640 1963 905 2045 significationem
927 1965 1042 2043 habet,
1064 1990 1108 2020 =
1129 1972 1218 2029 retro
1235 1982 1379 2042 versum,
1399 1978 1437 2024 re·

293 2069 453 2140 trorsum,
475 2062 529 2127 ubi
551 2062 682 2127 additur
704 2081 929 2142 nonnunquam
953 2063 1247 2143 perpleonasmum
1264 2055 1438 2134 1111111111.

294 2162 431 2223 deorsum
463 2180 581 2238 111111,
612 2161 651 2224 de
684 2178 747 2239 quo
776 2179 804 2223 1.
834 2159 953 2239 supro).
1003 2160 1215 2240 coniungitur
1250 2160 1349 2224 etiam
1382 2174 1439 2222 cun

285 2276 438 2336 mesum,
471 2259 520 2323 cui
552 2258 732 2337 oppositum
766 2270 824 2323 est.
870 2256 1066 2337 significatio
1093 2257 1205 2322 localis
1236 2276 1272 2323 se
1297 2254 1441 2322 convertit

291 2356 325 2419 in
347 2356 428 2437 sign.
450 2358 609 2437 repetitae
630 2356 779 2434 actionis,
808 2373 903 2435 quani
933 2355 962 2419 si
987 2355 1212 2435 aggredimur,
1242 2353 1338 2435 quasi
1368 2356 1441 2417 retro

297 2454 451 2518 vertimus
480 2473 547 2519 nos.
599 2454 702 2533 Saepe
732 2459 838 2517 tanuen
871 2471 929 2532 per
958 2453 1175 2533 pleonasmum
1206 2450 1257 2516 vel
1287 2458 1326 2516 ut
1359 2449 1443 2515 rnaior

296 2553 344 2616 vis
365 2553 489 2615 notioni
513 2553 651 2616 addatur
675 2551 878 2631 coniungitur
902 2571 973 2616 euru
997 2552 1103 2616 verbis
1125 2570 1183 2632 per
1207 2571 1241 2612 re
1260 2549 1441 2631 compositis

291 2649 394 2714 Plaut.
432 2650 545 2729 Amph.
575 2650 613 2729 V,
646 2657 680 2727 1,
709 2654 761 2712 601
794 2653 858 2724 Ego
889 2670 980 2711 curras
1010 2654 1152 2710 recessim
1183 2669 1310 2710 rursum
1341 2665 1443 2709 corsua

294 2753 415 2810 trabere
439 2757 471 2809 et
494 2753 617 2823 ducere,
640 2748 725 2825 quod
755 2747 887 2810 Tauium.
912 2747 1049 2826 explicat
1072 2765 1130 2824 per
1152 2753 1329 2811 retrorsum.
1367 2742 1444 2823 Epid.

292 2843 343 2921 Il,
369 2852 404 2922 2,
429 2850 487 2908 63:
516 2849 608 2920 Coepi
630 2864 751 2906 rursum
772 2865 892 2906 oorssmt
918 2848 954 2906 ad
985 2849 1054 2906 illas
1081 2848 1268 2920 pauxillatim
1302 2847 1442 2907 accedere.

295 2942 385 3021 Cupt.
410 2947 434 3021 I,
460 2948 489 3020 2,
516 2947 571 3006 19;
596 2946 666 3003 lude
690 2963 736 3003 me
761 2948 901 3015 continuo
920 2947 1062 3018 recipiam
1084 2961 1187 3004 rosum
1212 2945 1343 3003 domum.
1379 2939 1444 3004 tiss

296 3040 337 3118 ll,
361 3046 391 3118 3,
415 3045 470 3103 50:
493 3059 614 3101 recurro
628 3060 682 3116 ego
701 3061 831 3104 rursum.
877 3039 943 3104 Mil.
963 3039 1021 3118 ΙΙΙ,
1041 3046 1068 3117 l,
1089 3045 1160 3102 loe:
1185 3059 1289 3100 rusum
1306 3044 1444 3101 restitues.

297 3137 424 3202 Terent.
449 3138 530 3201 Eun.
555 3136 610 3207 Ν,
635 3143 664 3217 2,
690 3144 723 3201 6;
747 3142 838 3199 redeo
861 3158 989 3199 rursum.
1035 3134 1167 3214 Adelph.
1192 3137 1223 3213 l,
1252 3144 1282 3211 l,
1307 3142 1366 3200 46:
1386 3154 1443 3195 mr-

294 3255 360 3296 aern
388 3240 424 3297 ad
455 3239 603 3311 ingenium
628 3238 714 3298 redit.
760 3234 888 3298 Phorrn.
920 3234 957 3310 V,
984 3239 1018 3308 8,
1048 3238 1104 3297 29:
1136 3239 1307 3311 Argentum
1339 3250 1444 3294 rursum

295 3337 362 3395 iube
385 3336 516 3394 rescribi.
562 3333 638 3397 Hec.
663 3331 722 3410 ΙΙΙ,
750 3339 776 3411 1,
801 3338 858 3395 35:
882 3335 1040 3408 Trepidari
1068 3335 1165 3394 sentio
1188 3342 1222 3393 et
1249 3336 1369 3395 cursari
1389 3349 1444 3389 ror·

295 3450 361 3501 som
378 3450 538 3506 mosum,
564 3428 727 3493 1111111111
755 3429 817 3492 uob
842 3428 1009 3493 notuisti.
1047 3428 1151 3493 Pluut
1167 3428 1240 3494 Cas.
1257 3429 1332 3510 prol
1358 3432 1443 3492 131

292 3549 408 3588 rursum
436 3532 541 3589 denuo.
590 3527 717 3591 Terent.
741 3527 822 3590 Eun.
847 3527 872 3604 Ι,
899 3533 927 3605 l,
955 3531 1008 3590 lii:
1031 3530 1158 3604 Bellum,
1181 3547 1241 3602 pax
1264 3546 1394 3588 rursum.
1411 3553 1445 3565 -·

295 3624 403 3684 Susum
427 3627 579 3699 (sursum)
603 3624 682 3688 Cato
706 3625 742 3688 R.
763 3625 800 3688 R.
825 3645 849 3689 c.
872 3631 947 3689 157:
970 3630 1012 3684 ita
1029 3628 1184 3686 subducite
1200 3630 1332 3686 animam
1348 3640 1443 3687 croam

296 3720 366 3784 Alia
389 3723 536 3801 esernplu
560 3722 633 3787 vide
655 3722 686 3785 11
708 3723 828 3787 lexicis.
851 3756 895 3766 —
918 3726 1006 3786 Ultro
1027 3725 1059 3797 α)
1083 3720 1217 3785 localem
1241 3721 1342 3785 habet
1363 3718 1444 3797 signi·

292 3817 472 3884 ficationem
497 3819 600 3882 l’laut.
627 3821 738 3900 Amph.
763 3819 789 3897 Ι,
821 3829 845 3891 1,
873 3819 1149 3899 164,11’.1ο1.1,
1178 3836 1208 3897 p.
1242 3823 1316 3882 282.
1367 3816 1445 3894 Capi.

292 3915 404 3993 111,4‚
432 3922 486 3980 19:
513 3921 599 3979 Ultro
623 3924 711 3980 istum
737 3939 832 3981 amo.
876 3919 912 3996 (t)
943 3917 990 3980 Es
1014 3917 1073 3980 hac
1096 3913 1332 3996 significatione
1355 3915 1445 3978 oritur

290 4013 411 4092 altera,
433 4033 498 4093 qua
521 4015 587 4081 sere
608 4017 691 4080 idern
717 4024 767 4082 est
790 4034 818 4095 q.
843 4019 932 4094 odeo,
958 4015 1103 4094 proprie:
1127 4013 1214 4093 quod
1238 4012 1445 4078 1011111111-

290 4112 346 4179 dit.
393 4112 445 4178 Sic
470 4114 582 4195 Amph.
608 4116 653 4194 ll,
681 4122 715 4195 1,
739 4120 789 4180 40.
837 4113 925 4178 Pers.
950 4113 993 4190 ll,
1018 4118 1050 4191 5,
1074 4116 1124 4176 26.
1170 4110 1343 4176 Τ11.Ε111.
1366 4109 1444 4187 1’,2,

291 4214 340 4274 21.
384 4211 511 4275 Phorrn.
537 4213 577 4291 ΙΙ,
602 4220 631 4291 3,
662 4220 709 4278 13.
743 4222 772 4288 y)
795 4214 844 4277 De
860 4211 985 4275 actione
1002 4211 1127 4289 dicitur,
1145 4226 1229 4290 quae
1246 4227 1287 4274 ex
1304 4206 1445 4271 ulteriore

292 4315 401 4387 parte,
432 4311 461 4373 h.
486 4331 512 4374 e.
541 4310 627 4376 nullo
650 4313 834 4376 adiumento
858 4327 983 4386 eorum,
1014 4325 1096 4387 quae
1119 4308 1202 4373 citra
1228 4313 1319 4385 suut,
1349 4301 1443 4384 prodit

290 4404 350 4480 (sic
372 4405 552 4473 Freundius
589 4411 621 4472 in
644 4408 745 4475 lexico
768 4409 849 4474 hanc
871 4407 951 4488 sign.
975 4407 1121 4478 (11111111.
1167 4407 1221 4474 Sic
1243 4404 1348 4470 Plaut
1367 4400 1450 4464 Truc.
