3125 5075
542 339 580 376 DE
596 337 788 377 Tuuttoulssus.
804 360 826 367 -
843 339 997 379 PRAESENS.
1290 349 1330 409 63

183 527 267 591 ,ἀοι
297 525 383 605 quod
409 544 445 587 ea
471 546 528 601 quo
555 524 722 607 significet.
766 526 837 591 Non
865 535 952 591 reete
975 536 1082 592 autem
1104 527 1331 597 Fleckeiseuus

183 640 284 689 exem
307 621 410 687 Plaut.
426 641 456 704 p.
474 629 516 689 29
536 630 618 695 (eum
641 642 704 704 quo
727 624 835 690 confer
857 643 1025 690 censuram
1045 624 1227 709 Ladewigii,
1249 646 1332 709 quae

183 726 228 787 eet
256 721 291 784 in
313 720 467 785 Zeitschr.
495 720 516 786 f.
540 723 602 786 Ait.
630 728 725 803 1844,
752 742 852 788 meus.
881 722 939 787 Iul.
962 741 991 787 m
1016 728 1072 803 78,
1093 743 1124 805 p.
1149 724 1230 807 626)
1253 745 1332 792 noub

183 817 276 884 nullis
297 818 375 885 locis
397 818 466 884 liuc-
480 821 716 900 pertinentibus
737 822 769 885 in
792 820 979 901 particulam
996 828 1154 898 postquem
1175 822 1333 904 significa·

183 918 302 984 fiunem
330 916 487 982 causalem
517 938 545 982 v.
569 922 707 993 quonium
734 918 852 983 inferre
882 920 1023 998 volebat,
1054 936 1149 999 quam
1171 939 1330 1001 nunquam

183 1020 293 1097 potest
314 1013 443 1093 habere,
473 1016 567 1079 immo
589 1022 659 1081 tota
679 1017 885 1081 conformatio
908 1018 1086 1081 sententiae
1108 1034 1332 1097 nonuunquam

183 1114 259 1179 talia
282 1121 341 1184 cat,
364 1120 400 1177 ut
420 1120 549 1193 praeter
572 1115 724 1195 temporis
747 1117 842 1178 etiam
874 1132 989 1180 causae
1018 1113 1207 1197 significatio
1234 1135 1332 1198 appa»

183 1219 260 1277 teat.
305 1209 465 1275 lacertum
486 1212 643 1291 quomodo
670 1213 887 1293 accipiendum
911 1213 954 1277 sit
975 1220 1027 1277 est
1048 1214 1225 1294 exemplum
1248 1215 1334 1295 apud

183 1309 323 1374 Ennium
352 1308 453 1372 annal.
481 1308 500 1373 l.
530 1310 554 1390 Ι,
576 1311 615 1374 lu.
638 1317 696 1376 48:
733 1314 890 1386 Postquam
917 1314 1054 1374 masat
1072 1315 1186 1375 fluvius.
1229 1312 1333 1378 Plaut.

186 1407 280 1473 Gara.
303 1406 350 1484 ΙΙ,
374 1414 402 1485 3,
426 1411 482 1470 46:
517 1413 600 1484 Quuae
622 1414 676 1472 tibi
700 1421 767 1472 suut
788 1419 903 1487 parata,
921 1417 1082 1485 postquem
1099 1414 1207 1474 actm
1229 1424 1332 1474 ventu·

185 1525 260 1569 mm.
302 1506 422 1569 Eodem
447 1508 539 1570 modo
562 1507 653 1571 Truo.
678 1507 719 1586 ΙΙ,
744 1514 772 1586 3,
797 1513 850 1571 24:
884 1528 961 1569 nuuc
977 1514 1136 1584 posquam
1156 1513 1217 1571 acio
1238 1514 1333 1571 Dulce

184 1615 273 1680 atque
297 1623 426 1665 amarum
455 1611 526 1681 quid
554 1612 592 1667 sit
620 1627 657 1667 ex
678 1610 813 1682 pecunia.
858 1606 917 1671 His
939 1606 1063 1671 duobus
1085 1606 1162 1671 letis
1183 1625 1334 1687 praesens

184 1702 276 1765 uerbi
304 1706 379 1764 scire
408 1703 446 1767 clo
476 1703 609 1783 longiori
639 1705 791 1783 temporis
821 1705 925 1783 spatio
947 1705 1085 1785 positum
1109 1711 1159 1769 est
1180 1704 1334 1784 praetori-

183 1811 257 1868 tum
283 1813 315 1867 et
336 1820 485 1884 praesens
509 1801 750 1881 complectente,
771 1809 928 1878 postquam
949 1807 1009 1865 ecio
1030 1831 1074 1853 m
1094 1810 1261 1884 postquam
1284 1819 1338 1867 re·

186 1902 269 1966 scivi
298 1909 330 1966 et
352 1919 435 1965 utino
457 1918 582 1979 quoque
606 1899 680 1973 scio,
711 1899 756 1962 ita
779 1908 815 1963 ut
836 1899 867 1964 id
887 1901 1092 1980 ciprimetur,
1119 1900 1203 1981 quod
1225 1919 1265 1964 ex
1286 1918 1338 1964 re-

183 2000 350 2066 sciscendo
380 1999 593 2077 consequitur.
638 1997 708 2062 Cas.
733 1996 774 2073 ΙΙ,
799 2003 826 2067 3,
851 2006 883 2062 a:
911 2003 961 2075 qui
987 2005 1140 2074 poematum
1163 2018 1230 2060 meo
1252 2002 1334 2062 Cast·

183 2118 268 2167 nam,
305 2102 398 2174 magis
434 2099 548 2158 mundis
586 2100 735 2157 munditiis
772 2099 943 2159 munditiam
978 2099 1098 2157 antideo
1131 2095 1191 2174 (sit
1225 2096 1333 2162 Helm.

183 2195 278 2260 elem.
309 2195 337 2258 d.
367 2214 408 2259 au.
431 2217 460 2272 p.
484 2193 569 2273 413).
614 2193 705 2274 Epio.
729 2192 789 2272 ΙΙΙ,
810 2200 841 2272 4,
865 2199 918 2258 68:
952 2195 1111 2269 Postquam
1134 2196 1256 2257 liberast
1276 2198 1334 2258 Ubi

183 2297 300 2355 nabitu
330 2296 411 2369 dum,
446 2297 560 2354 incerto
591 2296 652 2354 scio
684 2292 726 2368 th.
759 2310 786 2354 e.
817 2309 856 2354 ex
878 2310 915 2355 eo
947 2300 1106 2371 tempore,
1140 2308 1203 2370 quo
1232 2291 1334 2356 libera

183 2390 270 2455 tacta
293 2397 357 2467 est,
386 2392 507 2454 incanto
535 2390 610 2454 scivi
633 2395 665 2455 et
685 2407 768 2454 nunc
790 2406 916 2468 quoque
938 2388 1061 2453 incerto
1084 2387 1174 2463 scio).
1217 2387 1333 2453 Bacch.

183 2487 245 2565 ΙΙΙ,
270 2492 299 2568 6,
322 2493 355 2552 2;
372 2495 531 2564 postquem
553 2493 649 2551 inanis
672 2508 745 2552 aum.
789 2487 883 2552 Most.
907 2485 966 2567 ΙΙΙ,
988 2491 1017 2561 3,
1041 2491 1095 2551 22:
1128 2488 1227 2563 Quint
1249 2488 1333 2549 tibin'

183 2607 322 2664 umquam
346 2592 509 2666 quicquam,
527 2595 685 2663 postquam
705 2599 773 2649 tous
795 2604 868 2655 eam,
891 2588 1046 2648 verborum
1070 2587 1160 2648 dedi?
1193 2584 1275 2650 Meu.
1292 2585 1335 2665 ΙΙ,

185 2691 216 2766 1,
239 2691 274 2750 9:
309 2690 364 2747 Hie
393 2706 485 2747 atinus
517 2695 644 2757 sextust,
673 2692 831 2761 postqteom
857 2687 883 2745 ei
912 2687 956 2745 rei
983 2702 1104 2761 operam
1126 2685 1244 2750 damus,
1280 2682 1336 2748 ubi

183 2780 346 2864 siguificat
376 2803 410 2848 se
439 2785 534 2846 etiam
558 2801 789 2863 nuncupatam
814 2783 901 2846 dare.
944 2778 1060 2845 Pseud.
1083 2779 1107 2858 l,
1132 2787 1161 2860 3,
1185 2786 1225 2845 62
1249 2798 1335 2861 sqq:

206 2885 290 2942 Heus
319 2892 360 2955 tu,
384 2888 542 2956 postquam
564 2886 665 2944 hercle
689 2886 739 2943 isti
762 2899 903 2942 amensa
925 2886 1051 2954 seruent
1073 2880 1220 2958 [eatumta
1241 2879 1334 2956 eute],

212 2982 271 3054 Qui
294 2999 376 3040 suum
403 2981 515 3056 [quom]
540 2990 687 3056 repetunt,
711 2983 838 3039 alienum
861 2979 989 3039 reddunt
1011 2986 1081 3039 nuto
1104 2982 1224 3053 nemini,

209 3081 338 3139 Postilla
359 3097 459 3140 omues
483 3082 633 3139 cautiores
654 3088 723 3139 sunt
745 3096 788 3136 ue-
805 3079 929 3137 credant
951 3079 1049 3149 alteri,

184 3175 242 3241 ulti
266 3174 307 3238 de·
327 3176 450 3240 actiouo
472 3175 623 3254 loquitur,
653 3191 735 3253 quae
758 3173 846 3252 prius
868 3171 954 3235 iacta
975 3176 1078 3236 estet
1099 3190 1182 3238 nuuc
1204 3192 1331 3253 quoque

183 3271 232 3339 fit
279 3273 370 3338 Truc.
393 3272 453 3352 ΙΙΙ,
477 3277 505 3352 2,
531 3279 584 3336 14:
602 3278 758 3348 postquam
781 3275 810 3330 in
834 3273 935 3331 arbem
959 3273 1065 3331 erebro
1086 3289 1219 3340 commeo,
1240 3276 1338 3335 Dioax

186 3391 254 3435 eum
277 3372 383 3432 lactus.
429 3372 466 3451 V,
490 3376 546 3436 27:
578 3375 677 3433 lamae
702 3373 776 3448 abia,
801 3373 958 3444 postquam
985 3386 1086 3428 aarum
1109 3371 1221 3431 haam?
1254 3370 1285 3433 h.
1308 3389 1335 3435 a.

189 3469 343 3549 accepisti
375 3476 408 3534 et
435 3487 518 3533 nuato
548 3468 655 3532 habes.
699 3467 762 3532 Pro
792 3484 868 3530 vero
891 3469 1000 3528 tamea
1022 3464 1161 3544 peneum
1185 3485 1338 3546 praesens

186 3569 333 3649 positum
356 3572 407 3630 est
429 3566 519 3632 Coeo.
538 3567 617 3631 Stat.
635 3566 765 3630 Aethrio
781 3566 820 3628 ir.
836 3573 871 3628 t:
900 3566 971 3626 cum
994 3566 1145 3626 Mercurio
1166 3572 1247 3644 capit
1266 3588 1336 3629 oon·

190 3671 300 3741 silium,
322 3673 476 3742 postquam
497 3668 627 3729 sentinat
650 3668 732 3739 satie,
756 3663 810 3728 ubi
825 3664 877 3728 vix
893 3660 1019 3726 credam
1035 3666 1165 3724 sentinat
1179 3682 1249 3729 esse
1265 3683 1339 3744 pon·

191 3764 312 3829 tectum
345 3771 543 3827 commotum
578 3782 615 3826 cx
650 3767 817 3826 scatinavia
854 3761 1026 3841 (sentinare
1058 3790 1102 3811 ==
1134 3767 1185 3826 sat
1217 3761 1337 3842 agere).

186 3861 316 3926 Terent.
346 3861 471 3924 Phorm.
494 3862 573 3941 prol.
596 3880 623 3922 v.
650 3867 681 3924 1:
715 3863 873 3934 Postquam
902 3871 990 3937 poeta
1019 3873 1103 3921 vetus
1132 3868 1250 3937 poetam
1279 3880 1337 3922 non

185 3965 282 4036 potest
311 3962 476 4021 Retrahere
505 3993 547 4003 —-
577 3968 672 4033 pacat.
716 3958 793 4022 Hac.
824 3957 878 4035 IV,
906 3964 937 4036 4,
967 3960 1022 4021 58:
1056 3961 1155 4032 Nune,
1182 3965 1339 4032 postqum

190 4061 361 4134 ademptam
384 4061 460 4119 huno
483 4078 597 4136 quoquo
620 4061 674 4120 tibi
697 4075 815 4118 eausam
836 4059 932 4131 eides,
955 4091 995 4100 -
1020 4065 1124 4119 nactus
1147 4060 1272 4117 alteram
1295 4076 1338 4120 es.

193 4154 329 4236 Adelph.
354 4155 390 4234 V,
417 4163 443 4235 l,
468 4162 500 4221 3:
520 4162 677 4230 postquam
699 4158 778 4216 intus
800 4174 866 4216 som
887 4159 1013 4216 omnium
1037 4173 1135 4215 rerum
1153 4165 1242 4219 satur.
1276 4155 1341 4218 Eo·

192 4252 264 4318 dem
287 4253 381 4318 modo
408 4253 502 4317 etiam
527 4273 613 4328 quom
642 4258 830 4332 usurpatum
858 4256 908 4316 est
930 4250 1031 4316 Plaut.
1055 4249 1126 4316 Aul.
1150 4251 1228 4331 prol.
1253 4270 1279 4316 v.
1302 4259 1340 4316 4:

194 4352 272 4414 hano
295 4355 409 4413 domum
432 4354 494 4413 Iam
517 4356 624 4414 multos
648 4371 741 4414 annos
763 4361 810 4413 est
831 4368 918 4425 quom
934 4353 1075 4426 possideo.
