3125 5075
556 389 596 429 ou
611 389 708 429 rioms.
723 410 746 419 -
763 388 986 429 couroucmvue.
1297 393 1356 454 137

201 576 292 641 aliud
319 574 486 658 significat,
512 578 574 643 nisi
602 577 633 642 id
662 577 746 658 quod
777 578 968 670 conditione,
986 576 1094 657 aliqua
1126 574 1234 657 posita
1268 580 1358 640 extat

201 674 273 739 eive
296 669 365 738 fieri
386 678 504 755 potest,
531 676 581 741 cni
611 674 835 757 significationi
861 675 1045 756 potentialis
1071 675 1232 738 notionem
1259 691 1358 754 quan·

203 770 279 835 dam
301 772 503 837 necessitatis
523 773 612 837 addit
634 776 675 850 (v.
699 773 817 838 Etzler.
841 791 872 854 p.
900 770 1090 852 lla-134).

291 888 318 934 a.
366 871 575 934 Oanivaetr'vas
600 873 816 936 conciliamus.
877 868 958 935 (lato
987 868 1100 951 fragm.
1128 887 1173 934 or.
1214 870 1274 934 inc.
1305 886 1357 947 ap.

205 966 338 1045 Quintil.
363 967 419 1044 IX,
443 973 472 1047 2,
496 973 552 1032 21:
579 971 668 1043 Cedo,
692 974 718 1031 si
741 990 792 1031 vos
815 973 844 1029 in
868 988 904 1031 eo
934 974 1000 1031 loco
1034 972 1141 1038 essetis
1175 969 1244 1045 quid
1277 967 1358 1030 ahud

203 1068 371 1141 fecissetis?
392 1065 496 1129 Plaut.
522 1066 609 1130 Asin.
634 1065 676 1145 11,
700 1073 729 1141 3,
755 1071 808 1130 16:
832 1068 957 1143 Argenti
979 1069 1083 1143 viginti
1105 1069 1210 1138 mina'e,
1233 1066 1358 1127 mades·

203 1171 256 1239 set,
279 1168 441 1241 accepisset.
466 1163 524 1237 ΙΙΙ,
547 1170 576 1243 2,
599 1172 654 1229 43:
678 1167 773 1225 Nimis
799 1166 901 1225 vellem
929 1166 1039 1225 hahere
1069 1168 1224 1240 perticam.
1257 1167 1286 1242 3,
1318 1167 1352 1225 2:

203 1268 359 1339 aliquanto
387 1267 512 1340 amplius
539 1266 675 1352 valerem,
702 1264 728 1324 si
758 1266 806 1323 hic
834 1280 975 1325 moneres.
1026 1255 1139 1325 Bacch.
1168 1259 1210 1339 ΙΙ,
1242 1268 1271 1340 3,
1296 1266 1356 1324 39:

205 1363 251 1421 Ni
273 1367 399 1423 mandas
422 1362 569 1422 Venerem
592 1380 691 1435 essem,
716 1363 792 1422 hunc
823 1364 964 1421 lunonem
993 1362 1126 1421 dimon.
1157 1364 1186 1437 3,
1216 1363 1274 1422 80:
1305 1361 1357 1418 Ni-

203 1463 263 1520 mio
287 1447 335 1519 hic
351 1462 488 1534 privatim
504 1463 675 1524 servaretur
696 1463 816 1519 rectius.
840 1457 899 1538 ΙΙΙ,
923 1463 951 1536 3,
968 1462 1023 1521 48:
1047 1460 1127 1519 Deos
1143 1460 1290 1535 propitios
1310 1474 1356 1517 nne

204 1558 307 1618 videre
333 1560 527 1632 quam-illurn
552 1557 636 1634 [han]
659 1557 810 1618 mavellem
834 1559 914 1618 mihi.
958 1554 1072 1618 Bacch.
1096 1575 1126 1618 v.
1150 1559 1228 1619 496:
1251 1558 1357 1615 melino

203 1656 300 1714 multo
316 1673 362 1713 me
375 1674 490 1730 quoqne
508 1674 567 1717 unna
582 1674 646 1715 enm
670 1658 740 1716 illoc
764 1657 811 1715 hio
834 1657 1022 1728 relinqueres.
1047 1652 1101 1730 IV,
1124 1658 1153 1729 9,
1172 1658 1232 1717 134
1249 1654 1357 1713 mavel-

204 1756 272 1813 lem.
298 1750 380 1813 Mon.
405 1750 447 1828 ΙΙ,
478 1737 564 1830 Ι,’13
589 1772 648 1832 sq.:
671 1754 814 1826 siacum,
838 1756 936 1824 credo,
965 1770 1129 1838 quaereres,
1158 1757 1251 1813 Aoum
1278 1752 1358 1809 inve

202 1851 306 1916 misses,
336 1851 363 1909 si
390 1856 553 1923 appareret,
581 1854 639 1909 iam
671 1851 729 1910 diu.
756 1850 793 1926 V,
826 1856 854 1927 7,
885 1857 938 1914 33;
967 1853 1042 1911 Nam
1073 1853 1182 1923 oleove
1208 1850 1256 1909 ted
1277 1852 1357 1914 esset,

204 1966 362 2021 numquam
392 1949 476 2008 hodie
507 1952 543 2008 ad
573 1952 664 2008 solem
694 1968 830 2009 occasum
864 1950 999 2008 viverem.
1033 1946 1098 2010 Mil.
1131 1945 1191 2024 ΙΙΙ,
1231 1952 1256 2022 l,
1287 1948 1356 2007 124.

202 2041 320 2105 Pseud.
346 2043 380 2120 Ι,
396 2048 422 2114 Ι,
444 2050 455 2106 Ι
474 2062 555 2125 sqq.:
579 2046 612 2105 Si
628 2066 663 2106 ex
679 2057 708 2106 te
724 2054 843 2108 tacente
867 2047 932 2105 fieri
949 2063 1066 2118 possem
1088 2048 1211 2118 certior,
1227 2060 1355 2116 -par-

201 2143 313 2201 sissem.
339 2146 366 2218 3,
391 2146 445 2203 75:
470 2148 567 2219 Atque
591 2163 645 2220 ego
669 2155 698 2203 te
723 2149 816 2206 vivom
841 2145 1009 2217 salvamque
1037 2144 1147 2202 vellem.
1179 2139 1219 2214 II,
1244 2146 1272 2214 2,
1295 2142 1355 2201 45:

203 2237 239 2296 Si
260 2242 340 2299 intus
363 2244 443 2307 esset,
464 2259 622 2302 evocarem.
669 2240 762 2304 Poeu.
788 2240 855 2318 ΙΙΙ,
880 2223 912 2317 3,
933 2244 988 2302 68;
1013 2242 1122 2300 Videre
1146 2240 1357 2315 equidemvos

202 2336 424 2410 vellemquem
447 2340 513 2397 huie
538 2359 639 2399 aurum
663 2340 772 2401 darem
796 2338 834 2418 V,
865 2342 893 2415 2,
928 2339 999 2402 106;
1028 2340 1146 2398 Patrem
1174 2346 1262 2411 atque
1294 2351 1356 2392 ma·

205 2439 283 2493 trem
308 2436 440 2495 viverent
461 2437 563 2496 vellem
587 2440 649 2497 tibi.
694 2436 780 2499 Pers.
807 2437 829 2512 Ι,
857 2442 882 2511 l,
906 2439 961 2499 46:
983 2437 1010 2497 ai
1032 2437 1061 2496 id
1078 2436 1156 2495 domi
1172 2440 1245 2496 esset
1275 2432 1355 2502 mihi,

203 2530 264 2593 iam
283 2533 448 2606 pollicerer.
495 2532 576 2596 Rud.
608 2533 659 2613 ΙΙ,
687 2541 715 2603 7.
745 2540 784 2599 32
810 2551 872 2614 sq.:
909 2536 936 2596 si
963 2535 1088 2596 invitare
1120 2553 1173 2595 noe
1203 2533 1358 2610 paulisper

199 2635 346 2706 perperat,
371 2633 481 2691 Ibidem
505 2635 754 2695 obdormissemves.
780 2632 878 2696 Stich.
903 2632 940 2700 V,
964 2638 992 2710 5,
1017 2639 1035 2696 2
1060 2648 1121 2710 sq.:
1145 2635 1187 2694 Ut
1214 2647 1269 2704 ego
1299 2631 1355 2687 huc

202 2734 263 2791 iam
292 2730 399 2789 dudum
431 2732 530 2789 simitu
552 2732 673 2791 scissem
697 2734 846 2793 vobiscum
871 2733 969 2807 toras,
1001 2733 1071 2793 Nisi
1101 2749 1146 2791 me
1170 2730 1251 2792 vobis
1274 2743 1358 2786 eaor·

201 2846 316 2890 marem.
360 2824 445 2888 Trin.
470 2824 564 2904 [1,4,
592 2834 663 2891 167:
688 2830 721 2889 Si
744 2841 813 2890 erute
836 2832 983 2897 voluisses,
1006 2848 1097 2891 esses:
1122 2848 1198 2889 nnnc
1222 2844 1290 2887 sero
1306 2843 1357 2883 cu-

203 2931 261 3004 pis.
295 2924 320 2986 T
323 2923 468 3002 rigemini
485 2943 513 3003 p.
527 2929 605 2989 483:
630 2929 673 2986 Ni
694 2929 845 3002 favissem,
868 2928 995 2988 medium
1010 2929 1111 2988 eredo
1123 2927 1356 3001 praemorsisset.

201 3023 308 3088 Plaut.
333 3020 444 3102 fragm.
469 3021 545 3086 eise.
569 3025 649 3105 Aug.
674 3024 746 3088 Mai.
770 3043 798 3104 p.
822 3027 899 3087 486:
924 3028 1102 3086 Muliercnle
1124 3043 1190 3084 mea
1220 3024 1358 3085 ornetula

203 3125 231 3184 si
257 3125 298 3182 sit
324 3131 355 3181 ut
384 3123 501 3195 quidem
532 3124 633 3182 hercle
662 3127 747 3197 scita,
772 3126 954 3198 Quamquam
978 3132 1062 3183 vetus
1091 3125 1262 3182 cantherius
1285 3137 1357 3190 sunt,

204 3220 278 3282 mihi
302 3237 387 3285 nunc,
411 3228 443 3278 nt
465 3237 520 3294 ego
543 3223 658 3296 opinor,
680 3222 870 3283 Adtriaviret.
904 3219 1030 3284 Terent.
1061 3218 1155 3282 Andr.
1186 3217 1210 3293 Ι,
1242 3223 1270 3295 l,
1301 3219 1358 3278 ¹26:

206 3338 276 3380 nam
301 3329 390 3376 antea
418 3319 475 3389 Qui
503 3320 580 3378 scire
602 3336 704 3392 posses
731 3330 780 3380 unt
812 3321 961 3393 ingenium
997 3318 1144 3378 noscere?
1174 3316 1234 3393 ΙΙΙ,
1261 3322 1292 3393 4,
1323 3319 1358 3381 5;

206 3418 294 3490 Egon
331 3415 407 3473 istnc
436 3415 595 3486 sesemel,
625 3433 706 3494 quae
729 3415 941 3495 interrogat-io
970 3414 1210 3478 admirationem
1252 3411 1360 3493 expri-

204 3513 274 3589 mit,
298 3528 372 3573 num
396 3512 516 3588 putasti
540 3530 589 3575 me
613 3513 696 3577 istuc
719 3511 878 3577 facturum
902 3513 998 3576 esse?
1020 3499 1081 3594 ἆρα
1104 3509 1183 3574 δοκῶ
1200 3534 1248 3573 σοι
1265 3510 1359 3572 τοῦτο

205 3606 245 3672 ἄν
266 3619 388 3686 ποιεῖν,
409 3607 464 3687 IV,
491 3615 517 3688 Ι,
541 3617 599 3678 44;
629 3614 780 3673 siomnes
805 3615 881 3672 huuc
904 3614 1071 3672 coniectum
1095 3614 1125 3672 in
1154 3614 1273 3686 nuptiae
1301 3609 1359 3667 lni-

204 3714 274 3770 miei
290 3711 402 3775 velleve,
425 3709 577 3783 quodnisi
600 3713 755 3771 consilium
779 3712 835 3770 hoc
858 3709 985 3772 dorent?
1009 3713 1037 3784 5,
1063 3713 1080 3771 2
1099 3726 1161 3787 sq.:
1187 3711 1269 3783 Quae
1293 3722 1359 3767 sese

204 3810 363 3868 inhoneste
387 3808 502 3880 optavit
524 3826 631 3884 parere
655 3810 703 3868 hic
725 3809 815 3868 ditias
832 3809 933 3869 Potius
956 3827 1043 3884 qnam
1067 3811 1096 3867 in
1121 3810 1219 3883 petria
1235 3807 1359 3866 honeste

204 3924 321 3982 pauper
343 3906 460 3964 moeret
485 3902 539 3982 IV,
563 3908 592 3983 5,
621 3908 670 3968 13:
693 3906 722 3965 si
742 3907 772 3965 id
791 3907 917 3973 scissam
940 3922 1094 3981 numquam
1119 3908 1175 3966 hnc
1203 3905 1360 3987 tetulissem

205 4004 323 4079 pedem.
351 4001 432 4065 Eun.
456 3999 514 4087 ΙΙΙ,
543 4007 568 4081 l,
585 4006 641 4065 56:
665 4002 815 4076 Siqvidem
838 4022 882 4065 me
899 4009 1021 4073 amaret,
1038 4014 1096 4063 tum
1114 4007 1190 4065 istuc
1200 4003 1360 4077 prodesset.

207 4100 325 4163 Heaut.
349 4098 375 4178 1,
399 4105 427 4176 2,
454 4103 508 4162 13;
531 4102 608 4175 Quid
632 4100 754 4162 narrat?
778 4099 837 4163 eh.
864 4104 940 4176 Quid
963 4102 1037 4164 illel
1059 4084 1259 4162 miserumve
1284 4117 1360 4159 esse.

206 4194 274 4260 cH.
299 4198 463 4259 Miserum?
487 4217 573 4274 qoem
596 4201 691 4260 minus
714 4200 865 4261 ereaves?
888 4198 929 4276 ΙΙ,
954 4204 982 4276 3,
1007 4202 1063 4262 66:
1095 4201 1242 4261 Continuo
1266 4206 1296 4258 et
1318 4201 1361 4258 la·

205 4299 317 4356 orumis
341 4299 445 4372 opplet
466 4315 499 4357 os
523 4302 615 4357 totum
648 4300 714 4372 sibi,
744 4301 786 4360 Ut
815 4298 912 4360 facile·
930 4300 1020 4358 scires
1049 4297 1199 4359 desiderio
1226 4299 1255 4357 id
1286 4297 1360 4356 heri.

206 4382 336 4456 Phorm.
371 4392 450 4472 prol.
485 4411 514 4456 v.
540 4399 577 4457 13
600 4410 665 4472 sq.:
691 4396 782 4455 Vetus
816 4397 843 4455 si
877 4406 968 4470 poeta
994 4414 1053 4457 non
1082 4395 1242 4456 lacessisset
1269 4395 1362 4470 prior,
