3125 5075
410 388 499 429 CASUS
514 390 780 428 suesnnunlvont'tt.
801 410 819 417 -
835 389 972 429 ACCUSAT.
1219 400 1280 455 235

114 564 205 646 quod
229 563 324 630 reddi
341 567 454 646 potest
475 579 532 643 per
554 561 743 628 vocabulum
764 566 949 631 semssdam‘t
979 566 1013 628 et
1034 580 1063 643 p.
1090 567 1164 629 109:
1193 563 1282 642 „Hoc

115 662 212 728 modo
234 660 344 728 izemo
364 666 443 727 eunt
463 659 620 725 formulae
643 677 789 725 seorsum
812 659 988 725 notandae:
1020 695 1062 705 -
1092 662 1133 721 ad
1152 663 1280 730 rodurn,

117 795 159 805 —
179 761 225 821 ad
247 762 440 835 mptum!
483 757 576 840 Epio
599 755 642 837 H,
667 766 696 837 2,
721 763 778 824 91:
802 763 900 837 Quum
921 760 962 819 ae
981 778 1043 820 rem
1065 762 1143 821 istuc
1165 759 1281 820 refert?

119 857 205 924 Pers.
223 856 282 937 IV,
306 864 337 938 3,
359 863 415 923 44:
440 859 518 934 Quid
542 858 583 918 ad
602 876 648 917 me
671 867 840 918 antinoum
861 876 924 918 rem
948 857 1053 935 refert,
1078 859 1187 918 Persae
1211 857 1281 932 quid

122 976 218 1017 rernm
246 963 364 1033 gerant
408 954 495 1020 Pers.
523 953 578 1032 IV,
606 961 636 1031 4,
664 960 719 1018 44:
753 963 784 1016 te
811 989 854 998 ——
882 958 1055 1032 percontari
1082 959 1163 1029 volo,
1199 958 1280 1029 Quae

125 1056 163 1115 ud
179 1072 244 1114 rem
267 1054 414 1115 referunt.
459 1051 605 1116 Pertinet
627 1051 689 1115 huo
711 1051 809 1116 etiam
833 1057 874 1116 ad
894 1070 965 1117 oum
988 1052 1142 1131 gerundio
1171 1057 1204 1114 et
1226 1070 1281 1132 ge·

128 1152 257 1217 mndivo
279 1151 493 1217 coniunctum.
537 1149 632 1214 Ennii
654 1148 788 1214 Medeae
812 1150 912 1214 exulis
935 1148 971 1212 ir.
997 1153 1032 1213 9:
1068 1153 1161 1224 Quam
1188 1153 1281 1224 magis

130 1268 264 1311 eorumne
286 1257 384 1326 urget,
407 1256 468 1310 tam
491 1251 585 1325 magis
608 1249 648 1308 ud
670 1251 747 1308 male
770 1251 940 1322 sommum
962 1251 1050 1325 viget.
1094 1247 1144 1310 De
1166 1246 1281 1312 Plauto

135 1347 197 1411 noe
208 1345 416 1411 Lneblrerum
431 1344 472 1410 de
487 1363 549 1410 usu
564 1341 617 1407 inl.
634 1342 739 1408 Plaut.
756 1362 785 1424 p.
803 1350 841 1411 18
864 1346 969 1410 adnot.
1008 1345 1103 1410 Mero.
1121 1344 1146 1421 l,
1175 1349 1200 1423 l,
1228 1348 1280 1408 15:

136 1451 221 1522 itque
236 1445 451 1507 advorteradum
465 1449 499 1504 at
511 1445 644 1504 animum
661 1443 746 1505 adest
760 1447 938 1520 benignitas.
978 1441 1042 1505 Mil.
1060 1442 1102 1521 ΙΙ,
1127 1448 1155 1520 l,
1178 1449 1190 1506 l
1219 1461 1280 1522 su:

136 1545 199 1603 llibi
213 1544 255 1602 od
265 1543 470 1602 ermrrurtdam
485 1543 538 1602 boe
552 1547 789 1616 argumentumst
805 1545 937 1616 comitas,
954 1544 986 1603 Si
1002 1544 1042 1602 ad
1055 1544 1281 1603 otoeultundum

135 1649 222 1701 rostra
241 1643 303 1701 erit
324 1641 502 1715 benignitas.
546 1635 630 1702 Men.
654 1637 733 1718 prol.
757 1655 787 1703 v.
814 1643 867 1701 16:
902 1642 998 1700 Tanta
1026 1643 1067 1700 ud
1093 1643 1282 1702 narrandum

138 1747 227 1799 nostre
247 1738 336 1800 adest
358 1738 536 1813 benignitas.
573 1734 688 1800 Beccln
704 1736 759 1815 IV,
775 1744 805 1815 4,
822 1740 878 1801 86:
903 1741 985 1799 Haeo
1008 1741 1126 1815 quidem
1150 1740 1282 1799 herclest

137 1836 168 1893 ao
180 1836 369 1909 muudum
390 1836 484 1910 magis
508 1853 595 1911 quam
615 1836 657 1894 ad
677 1837 869 1897 scribendum
890 1838 958 1897 cita.
995 1834 1123 1900 Terent.
1139 1836 1237 1898 Anus.
1253 1833 1282 1913 Ι,

85 1921 87 1972 !
140 1935 159 2008 l,
180 1936 256 1996 123:
291 1935 338 1993 Ne
366 1934 442 1993 baec
469 1933 586 2007 quidem
615 1935 694 1994 Satis
722 1952 842 1996 vemens
870 1953 959 1996 eausa
986 1936 1027 1993 ad
1054 1937 1279 2010 obiurgandum.

85 2067 89 2112 t
138 2027 219 2093 Andr.
241 2028 269 2110 Ι,
293 2035 322 2108 5,
348 2034 402 2093 53:
437 2048 523 2106 quam
546 2032 591 2090 illi
613 2039 759 2106 utraeque
781 2049 830 2093 res
854 2051 931 2093 nune
953 2035 1074 2094 inutiles
1097 2036 1138 2093 Et
1165 2034 1206 2091 od
1223 2052 1282 2107 pu·

138 2128 256 2187 licitiom
280 2137 311 2189 et
333 2129 374 2187 ad
395 2145 458 2190 reto
481 2128 635 2187 tutandam
660 2130 745 2189 sient.

85 2213 91 2274 Ι
204 2227 254 2286 Iu.
301 2223 406 2289 Plaut.
430 2224 523 2288 Most
547 2223 572 2304 Ι,
596 2232 623 2303 l,
648 2230 702 2290 31:
736 2228 765 2288 Is
788 2245 866 2286 nuno
895 2229 929 2285 in
958 2229 1052 2286 oliam
1068 2233 1188 2301 portem
1216 2232 1281 2302 pal·

85 2315 88 2408 ᾗ
138 2342 199 2383 nan
221 2325 367 2400 possidet.
412 2324 453 2382 ln
474 2324 591 2385 modum
613 2322 731 2388 dicitur
753 2340 812 2402 pro
836 2339 890 2400 eo,
923 2323 1115 2402 quodmodo
1144 2324 1282 2387 sivero

137 2423 216 2494 tona·
238 2437 313 2484 nam
336 2436 468 2483 necesse
490 2425 541 2484 est
561 2418 699 2500 aliquam
722 2438 789 2483 rem
806 2419 943 2484 transire
963 2421 996 2485 in
1015 2422 1153 2499 modum,
1177 2421 1283 2501 prius·

138 2532 216 2596 qnam
232 2522 324 2583 certo
347 2516 484 2597 quodam
507 2517 601 2583 modo
625 2522 658 2583 et
680 2516 792 2583 habitu
813 2534 971 2598 apparere
992 2519 1093 2599 possit
1121 2519 1281 2599 (Kampm.

85 2672 88 2685 .
138 2618 170 2690 9).
208 2615 307 2681 Ennii
334 2614 534 2681 Euhemerus
563 2614 602 2681 ir.
625 2622 653 2692 3,
678 2622 733 2680 24:
762 2622 791 2678 in
818 2621 895 2680 bunc
918 2621 1044 2681 modum.
1088 2617 1126 2682 ir.
1154 2625 1202 2697 ll,
1226 2623 1280 2681 ὅδε

85 2732 88 2789 ζ
136 2717 158 2773 in
177 2719 301 2776 eundem
326 2716 453 2777 modum.
498 2712 600 2778 Plaut.
624 2714 718 2779 Most.
742 2713 803 2794 ΙΙΙ,
830 2721 857 2794 l,
881 2719 913 2780 5:
947 2719 1024 2793 perii
1045 2721 1135 2794 plane
1162 2721 1196 2777 in
1212 2736 1283 2792 per·

130 2818 233 2884 possem
262 2814 393 2875 modum.
438 2809 494 2892 IV,
517 2819 546 2892 3,
568 2819 626 2877 41:
651 2818 680 2873 in
710 2823 885 2890 perpetuom
914 2818 1040 2876 modum.
1085 2815 1173 2879 Pers.
1199 2814 1223 2893 I,
1253 2820 1282 2892 3,

134 2913 176 2973 lb:
201 2914 232 2972 in
264 2912 455 2987 peregrinum
484 2914 610 2973 modum.
653 2911 797 2975 Pertinet
819 2910 881 2975 huc
903 2912 999 2975 etiam
1022 2911 1214 2978 adverbialis
1237 2913 1282 2975 lo·

85 2992 92 3099 ξ
132 3009 205 3072 cutio
228 3012 264 3070 in
285 3026 447 3078 wnununa,
470 3008 524 3072 ubi
547 3013 662 3090 motus,
687 3008 743 3073 sel
767 3007 982 3088 metaphorice
1004 3011 1207 3090 accipiendus
1231 3030 1281 3075 co-

85 3110 92 3191 'p
130 3105 248 3184 gitatur.
297 3103 581 3185 Asin.11,2‚2o:
620 3110 723 3169 Metuo
753 3111 787 3167 io
815 3125 964 3168 monuere
992 3128 1118 3186 nequam
1146 3110 1281 3171 fraudem

85 3196 89 3275 ,¹
131 3203 253 3267 beessus
283 3207 338 3279 sit,
373 3201 402 3266 b.
426 3220 453 3267 e.
481 3203 557 3268 mihi
581 3210 617 3268 et
640 3202 693 3268 illi.
739 3203 866 3268 Terent.
892 3204 987 3268 Andr.
1013 3204 1071 3284 Ill,
1101 3211 1211 3283 3,16:
1250 3209 1281 3268 id

132 3312 233 3377 orote,
258 3303 292 3361 in
314 3320 467 3363 commune
489 3313 522 3364 ut
544 3307 693 3366 consulas.
738 3302 853 3366 Heaut.
875 3301 913 3381 V,
939 3308 967 3381 2,
994 3308 1045 3366 10:
1070 3306 1226 3365 consulere
1249 3307 1283 3363 io

202 3498 257 3558 Ob.
302 3496 403 3561 Naev.
426 3493 603 3560 Corollaria
631 3495 669 3560 fr.
695 3502 724 3576 2,
751 3516 779 3559 v.
804 3503 860 3562 39:
895 3501 984 3561 Ultro
1010 3507 1157 3574 moretur,
1191 3518 1281 3574 guam

136 3592 215 3653 οὑτω
238 3604 367 3656 emetur.
411 3593 509 3658 Naov.
533 3591 570 3657 ir.
594 3592 653 3659 inc.
683 3613 761 3659 com.
791 3600 849 3659 21:
884 3598 1035 3658 Sontiaam
1066 3615 1133 3658 esse
1162 3609 1283 3674 oportet

139 3708 251 3768 cauum,
274 3710 366 3767 gaam
388 3695 486 3754 obrem
507 3697 618 3771 perdas
640 3697 804 3756 mulierem.
851 3693 975 3758 Ennius
990 3693 1171 3759 Telamonis
1193 3694 1231 3757 ir.
1251 3701 1280 3775 2,

140 3801 162 3849 l.
178 3792 237 3854 362
261 3807 313 3868 ap.
338 3785 629 3873 Gie.Tuscnl.111,
656 3799 711 3856 13:
734 3795 782 3855 Ad
805 3796 923 3854 Troiam
947 3811 1012 3854 aum
1034 3796 1101 3854 misi
1124 3796 1159 3853 ob
1181 3795 1283 3866 desert·

140 3884 245 3949 heom
269 3889 439 3952 ararum
482 3887 588 3953 Plaut.
612 3890 692 3954 Rud.
714 3889 773 3967 ΙΙΙ,
798 3895 827 3969 6,
852 3894 908 3954 23:
943 3894 1039 3967 Quina
1063 3894 1282 3954 arrabonema

140 3999 174 4043 no
189 3989 334 4064 aceepisti
359 3989 394 4047 ob
415 3988 567 4048 mulierem
591 3992 665 4059 —?‚
698 3988 728 4052 h.
753 4005 779 4052 e.
808 4006 867 4068 pro
895 3987 1039 4052 muliere.
1083 3987 1178 4054 Most
1201 3989 1226 4067 I,
1251 3994 1281 4069 3,

142 4081 181 4143 ts:
199 4087 457 4147 obboeserbum.
500 4103 530 4148 v.
548 4089 605 4150 65:
629 4089 666 4149 ob
688 4090 776 4148 istam
800 4090 964 4148 mulierem.
1009 4092 1110 4153 v.9b:
1134 4090 1179 4150 Ob
1201 4091 1280 4150 istuo

141 4183 251 4245 verbum
272 4180 316 4263 ΙΙ,
341 4186 370 4261 1,
393 4184 449 4246 68:
474 4202 560 4260 quant
585 4186 622 4247 ob
646 4204 718 4247 rem.
752 4183 848 4248 Most.
865 4182 920 4263 IV,
944 4187 974 4264 2,
999 4190 1053 4249 71:
1077 4189 1279 4262 quamobrem,

141 4269 202 4340 itan
220 4276 307 4345 Pera
329 4278 385 4358 IV,
409 4286 439 4359 3,
463 4283 513 4344 62.
558 4280 652 4345 Most
676 4300 705 4345 v.
721 4286 803 4346 461:
827 4285 921 4357 Quam
944 4286 982 4345 ob
1004 4284 1088 4344 rem?
1131 4282 1220 4348 Pers
1237 4282 1279 4362 11,

144 4371 165 4447 i,
183 4378 232 4440 10:
254 4378 293 4440 ob
313 4388 412 4442 istene
435 4377 610 4458 tomitem
633 4398 661 4441 v.
684 4385 756 4444 492.
803 4379 842 4458 V,
868 4385 895 4460 1,
918 4387 955 4444 5:
978 4384 1014 4443 ob
1038 4400 1103 4444 eam
1127 4400 1199 4444 rem.
1241 4380 1279 4463 V,
