3125 5075
197 371 263 429 372
655 361 784 403 nnouou.
799 362 862 403 cur.
876 362 914 404 vt

208 533 237 598 h.
262 551 290 599 e.
313 534 399 614 quod
420 538 456 598 tu
487 534 603 600 dixisti.
646 535 763 603 Pseud.
786 537 826 618 V,
850 541 878 617 2,
902 542 936 602 8:
973 541 1054 614 Quae
1083 540 1173 599 staec
1203 539 1369 615 andaciast,

209 642 239 694 te
263 635 306 695 sic
334 635 480 697 interdius
504 636 577 696 Cum
601 639 716 700 corolla
738 640 853 699 ebrium
874 637 1036 699 incedere?
1079 634 1207 699 Terent.
1228 635 1328 699 Andr.
1343 635 1369 715 1,

209 736 239 810 2,
265 735 319 795 15:
344 735 459 794 Hocine
482 736 546 809 agis
564 751 600 795 cn
624 736 704 795 non?
747 734 816 799 DA.
840 737 906 811 Ego
928 754 1000 798 vero
1021 738 1105 797 istuc.
1149 732 1232 797 Eun.
1256 732 1317 812 ΙΙΙ,
1343 740 1368 812 l,

210 832 266 892 61:
300 833 382 891 Bene
405 832 493 891 dixti:
528 850 564 894 ae
591 834 664 893 mihi
685 834 763 894 istac
782 852 841 894 non
865 837 896 894 in
919 840 1048 894 mentem
1072 841 1205 894 venerat.
1251 830 1367 897 Heuut

208 926 235 1008 I,
262 932 289 1003 1,
315 931 368 991 36:
390 930 469 991 Istos
491 937 606 992 rastros
629 933 746 992 interea
768 939 868 991 tamen
891 933 1026 1007 Adpone.

293 1024 417 1090 Deinde
433 1027 465 1090 in
487 1026 669 1091 universum
685 1026 948 1108 significationem
963 1027 1062 1093 habet
1076 1029 1368 1106 demonstrativam,

209 1141 272 1203 qua
294 1123 389 1188 etde
412 1141 450 1188 eo
473 1125 527 1204 qui
548 1126 641 1190 adest
662 1130 696 1189 et
717 1126 757 1191 de
780 1127 913 1192 absente
935 1128 997 1192 dici
1019 1130 1137 1207 potest.
1182 1125 1235 1191 Sic
1264 1128 1305 1191 de
1332 1145 1368 1191 eo

207 1221 262 1304 qui
284 1221 378 1287 adest
396 1221 502 1287 Plaut.
526 1221 617 1303 Capt.
641 1222 683 1299 II,
707 1228 736 1300 2,
760 1230 797 1289 51
824 1242 884 1305 sq:
914 1228 981 1287 Non
1004 1245 1059 1303 ego
1082 1244 1129 1286 me
1150 1227 1250 1287 istanc
1271 1230 1366 1303 potins

208 1342 294 1399 qnam
318 1330 348 1383 te
370 1331 504 1383 metuere
528 1340 652 1398 aequom
673 1341 792 1386 censeo.
824 1326 877 1385 Vis
892 1326 1011 1387 hostilis
1026 1344 1092 1385 cum
1106 1326 1179 1385 istoc
1200 1323 1276 1386 feeit
1291 1344 1367 1387 meas

207 1440 281 1497 opes
304 1422 478 1499 aequabilis,
502 1418 532 1485 h.
557 1438 584 1484 e.
608 1438 678 1484 cum
701 1420 796 1485 istius
819 1421 933 1501 opibus
955 1439 1042 1487 meas
1065 1421 1225 1504 aequavit.
1263 1422 1365 1486 Antea

206 1537 236 1583 u.
252 1523 293 1582 47
317 1518 357 1581 de
381 1518 492 1582 eadem
515 1535 652 1597 persona
675 1520 722 1579 tic
744 1519 863 1583 dictum
887 1523 967 1583 erat.
1005 1519 1097 1599 Epid.
1115 1518 1169 1597 IV,
1191 1524 1221 1596 2,
1237 1526 1272 1584 4:
1298 1524 1365 1595 Quis

206 1620 298 1678 istaec
319 1625 375 1691 est,
400 1636 487 1693 qnam
509 1624 541 1677 tu
565 1622 697 1679 osculnm
719 1620 791 1678 mihi
819 1619 900 1679 ferre
929 1620 1033 1680 iubes?
1076 1617 1157 1681 Rud.
1181 1616 1238 1695 IV,
1260 1624 1292 1697 4,
1317 1623 1365 1682 15:

206 1716 326 1777 Homini
349 1733 404 1790 ego
425 1716 477 1776 isti
503 1719 580 1776 talos
610 1717 744 1791 suffringi
771 1720 848 1779 volo.
894 1715 986 1795 Epid.
1010 1715 1048 1793 V,
1076 1718 1182 1792 1,35:
1216 1720 1283 1792 Ego
1307 1737 1366 1778 sun

207 1815 327 1875 stistte
353 1814 449 1874 frater
476 1821 543 1875 tuos
567 1821 614 1874 est
636 1816 696 1875 alia
717 1823 822 1876 matre.
867 1814 915 1878 Do
931 1814 1063 1877 absente
1078 1811 1171 1876 Ennii
1187 1811 1365 1892 Epicharm.

206 1908 243 1975 ir.
269 1918 305 1975 7:
339 1914 414 1973 Istic
436 1919 483 1973 est
504 1914 532 1973 is
554 1914 689 1987 Iuppiter
717 1931 804 1988 quom
836 1915 911 1974 dico.
957 1911 1002 1975 ΙΙ).
1026 1931 1055 1976 v.
1082 1916 1136 1975 10:
1172 1914 1275 1974 Haece
1300 1934 1364 1990 pro·

205 2018 275 2088 pter
297 2013 431 2087 Iuppiter
453 2019 522 2071 sunt
543 2011 602 2070 a‘stc
624 2028 699 2085 quae
723 2011 790 2071 dico
813 2012 877 2071 tibi.
923 2009 1026 2073 Plaut.
1050 2008 1148 2074 Mers.
1173 2008 1229 2085 IV,
1256 2016 1285 2086 3,
1315 2015 1364 2085 31;

204 2111 273 2170 Istc
296 2110 444 2185 quidemst
464 2112 526 2172 illa.
571 2107 667 2171 Poeu.
689 2106 727 2186 V,
751 2111 780 2182 2,
807 2111 883 2171 125:
909 2111 987 2183 Quin
1010 2126 1077 2168 mea
1099 2127 1215 2184 quoqne
1240 2111 1297 2170 iste
1319 2113 1365 2171 ha

206 2209 298 2281 babit,
323 2207 419 2282 siquid
439 2225 486 2267 me
510 2206 582 2268 snat.
627 2204 743 2271 caecil.
768 2206 849 2271 Stat.
865 2204 1137 2286 Hypobolimaeus
1161 2203 1367 2271 Chaerestra

206 2309 272 2368 tus:
307 2307 383 2365 Nam
405 2307 465 2367 ista
486 2305 604 2381 quidem
627 2325 705 2366 noxa
725 2306 895 2366 muliebrist
917 2307 1010 2379 magis
1038 2322 1124 2379 quam
1154 2307 1220 2364 viri.
1267 2304 1368 2384 Saepe

206 2403 303 2467 etiam
331 2420 402 2466 cum
430 2406 613 2482 contemptu
638 2401 764 2481 dicitur,
787 2406 825 2465 ut
846 2419 866 2464 a
888 2401 1039 2465 Terentio
1056 2400 1152 2464 Andr.
1175 2402 1258 2480 prol.
1284 2422 1313 2466 v.
1332 2408 1369 2466 15

205 2500 245 2565 de
268 2498 460 2567 adversariis
483 2500 563 2566 suis:
594 2503 628 2562 ld
649 2502 700 2562 ssa·
723 2503 894 2577 vituperant
916 2500 1042 2575 iactum,
1066 2497 1106 2562 ad
1129 2516 1158 2578 q.
1182 2498 1202 2564 l.
1226 2500 1369 2565 Ruunt:

205 2599 296 2678 „Hoc
317 2599 503 2680 pronomine
531 2597 599 2662 iere
622 2598 727 2662 odium
750 2602 785 2661 et
807 2602 1008 2677 contemptus
1030 2597 1233 2678 exprimitur,
1258 2605 1372 2663 contra

203 2701 254 2759 illc
275 2697 462 2778 plerumque
483 2697 515 2761 in
536 2695 661 2761 laudem
683 2697 830 2761 dicitur.“
874 2696 921 2760 lb.
938 2713 965 2757 v.
983 2699 1037 2758 21:
1059 2698 1186 2756 istorum
1206 2699 1370 2781 obscuram

204 2799 397 2871 diligentiam.
442 2795 523 2858 Eun.
553 2794 579 2872 Ι,
608 2799 639 2869 2,
670 2799 744 2858 112;
780 2797 851 2855 Cum
879 2796 974 2853 milite
1003 2796 1059 2853 isto
1087 2813 1231 2869 praesens
1260 2798 1371 2858 absens

204 2905 237 2954 nt
267 2897 336 2956 sies.
381 2892 515 2973 Adelph.
538 2892 563 2971 Ι,
597 2897 623 2970 l,
650 2895 701 2955 18:
734 2895 812 2970 qnod
839 2893 1022 2953 fortunatum
1044 2894 1095 2953 isti
1117 2900 1241 2968 putant,
1272 2893 1368 2973 adq.

203 2989 222 3052 l.
245 2989 317 3055 vide
339 2990 444 3055 Bentl.

289 3088 396 3153 Etiam
417 3092 481 3159 ece,
503 3088 768 3170 quemadmodum
792 3091 848 3158 itis,
871 3105 1095 3167 nonnunquam
1118 3105 1177 3168 per
1197 3090 1368 3153 attractio-

204 3188 332 3253 nemin
356 3186 467 3251 eodem
492 3205 569 3252 casu
591 3190 734 3270 ponitur,
765 3204 828 3267 quo
850 3186 1025 3250 relativum.
1072 3186 1122 3251 Sic
1143 3186 1247 3250 Plaut.
1272 3185 1367 3251 Cure.

202 3286 263 3366 ΠΙ,
289 3291 316 3366 1,
339 3292 395 3352 49:
429 3288 481 3348 sed
502 3289 591 3349 etam
613 3305 698 3362 quem
721 3289 841 3363 qnaeris
865 3305 919 3362 ego
943 3304 1015 3347 sum.
1060 3283 1151 3363 Epid.
1174 3282 1233 3360 ΙΙΙ,
1256 3291 1287 3365 4,
1314 3290 1369 3348 12:

204 3392 302 3449 Istum
324 3403 410 3460 quem
433 3388 551 3461 quaeris
571 3388 768 3462 Periphanem
791 3386 991 3457 Plotberium,
1018 3385 1083 3458 Ego
1106 3401 1179 3443 sum.
1225 3380 1317 3463 Capt.
1338 3382 1366 3463 1,

203 3493 233 3566 2,
253 3490 286 3549 1:
312 3488 383 3546 istos
404 3486 538 3559 captivos
561 3486 635 3546 dnos
651 3485 725 3544 Heri
747 3499 819 3556 quos
841 3485 899 3543 emi
922 3483 958 3542 do
982 3483 1095 3558 praeda
1110 3499 1129 3540 a
1143 3485 1364 3556 quaestoribus,

202 3589 257 3649 His
279 3586 374 3645 indito
395 3589 517 3643 catenas
541 3583 727 3659 singularias.
863 3584 866 3591 '

289 3686 338 3747 21.
372 3684 433 3745 lue
454 3696 629 3758 pronomen
652 3678 768 3742 tertiae
791 3693 947 3756 personae
970 3680 1037 3745 est,
1070 3692 1166 3755 saepe
1189 3675 1286 3740 etiam
1307 3675 1364 3741 ha-

202 3782 258 3848 bet
279 3782 342 3847 vim
362 3799 438 3847 vere
460 3771 612 3858 δεικτικῆν.
657 3775 736 3841 Cato
759 3792 818 3856 pro
841 3773 877 3838 L.
900 3773 996 3837 Turio
1020 3778 1132 3838 contra
1148 3771 1202 3836 Cn
1221 3773 1362 3839 Gellium

203 3901 253 3964 ap.
276 3881 357 3948 Geli.
380 3881 467 3957 XIV,
491 3883 525 3942 2:
557 3879 618 3955 tut,
648 3878 725 3937 unde
748 3877 877 3951 petitur,
907 3875 935 3933 ci
956 3877 1056 3948 potius
1079 3873 1260 3934 credendum
1284 3893 1362 3936 esse.

203 3981 297 4047 Ennii
320 3980 503 4062 epigramm.
528 3980 556 4052 2,
579 3994 608 4039 v.
625 3980 658 4038 5:
681 3977 738 4035 Hic
760 3980 808 4034 est
827 3972 879 4031 illc
901 3973 985 4045 situs,
1010 3972 1058 4031 cui
1080 3988 1167 4032 nemo
1190 3973 1264 4033 civis
1286 3976 1363 4036 cett

201 4079 304 4146 Plaut.
328 4076 443 4143 Bacch.
465 4074 522 4155 IV,
543 4078 573 4154 4,
595 4077 652 4137 48:
687 4075 718 4134 si
741 4080 774 4132 tu
795 4071 881 4130 illam
904 4073 997 4131 solem
1017 4070 1075 4129 sibi
1103 4071 1194 4129 solem
1221 4087 1288 4132 esse
1318 4072 1363 4131 di·

201 4183 292 4256 xoris,
316 4180 354 4240 Se
375 4179 461 4238 ittam
483 4178 582 4237 lanam
605 4173 730 4234 credere
752 4187 830 4246 esse,
852 4163 1010 4237 δεικτικῶς.
1053 4164 1140 4230 Trin.
1163 4183 1190 4227 v.
1213 4170 1270 4231 43:
1304 4171 1362 4230 Hic

201 4280 281 4339 illest
310 4284 431 4339 senecta
463 4279 562 4335 aetate
590 4273 641 4347 qui
669 4269 782 4330 factust
809 4285 893 4342 puer.
937 4263 1060 4341 Pragm.
1084 4263 1255 4328 Mercator.
1278 4267 1360 4347 Aug.

200 4374 276 4440 usi.
299 4393 327 4456 p.
350 4377 427 4438 490:
453 4356 514 4434 sea
534 4371 585 4431 aaa
606 4367 728 4443 qaam
756 4362 951 4430 aestuare.
974 4361 1030 4442 1v,
1060 4366 1089 4442 a,
1113 4367 1168 4428 31:
1203 4367 1268 4427 na
1294 4368 1359 4442 qui-
