3125 5075
524 385 559 423 1v.
588 382 756 422 Puouottiun
772 383 1018 423 intendedaulvu.
1286 393 1349 451 389

220 560 298 623 babes
316 561 514 622 condonamus
536 567 567 622 te
596 559 653 637 (sc.
677 556 730 629 id).
774 555 852 621 Hoc.
874 554 901 639 Ι,
924 560 954 639 2,
976 560 1032 622 61:
1063 559 1159 619 Nocte
1182 560 1235 619 ilia
1255 561 1353 634 primo

214 659 342 737 tionem
362 675 422 719 non
444 660 557 735 attigit:
580 660 663 738 Quae
686 663 877 718 consecutust
896 672 957 716 noe
978 672 1052 734 eam,
1074 657 1136 717 nilo
1158 658 1259 733 megia.
1293 654 1352 728 III,

212 761 235 836 i,
248 759 301 822 31:
322 758 393 834 qnia
412 758 489 817 enim
502 758 555 831 qui
566 775 618 818 eos
635 756 781 833 gubernat
792 756 911 815 umbrata
928 753 1075 814 infirmum
1086 760 1203 829 gerunt.
1238 752 1297 818 Ad.
1312 752 1352 834 V,

208 857 302 935 221:
324 856 487 930 Principio,
510 857 537 915 ai
553 856 583 915 id
600 862 630 916 te
651 853 775 927 mordet,
797 856 943 926 turpium
961 851 1016 911 filii
1032 853 1123 928 Qum
1141 851 1263 913 iaciunt.
1294 851 1354 915 At·

205 952 313 1019 uacuo
328 968 422 1016 cesus
437 955 488 1015 est
503 951 619 1016 Heaut.
635 950 661 1028 Ι,
679 954 706 1025 l,
723 953 777 1015 35:
798 953 863 1011 Hac
880 950 998 1027 quidem
1014 968 1113 1025 causa,
1136 969 1196 1025 quo
1211 951 1271 1010 dixi
1287 952 1351 1011 tibi.

279 1051 537 1134 Additameatum.
582 1048 617 1113 Si
644 1048 726 1112 duae
754 1045 993 1112 enunciationes
1020 1046 1173 1112 relativae
1204 1046 1245 1110 ad
1279 1065 1354 1111 eau-

200 1149 266 1215 dem
288 1148 454 1213 notionem
481 1150 640 1227 spectant,
675 1151 824 1211 constans
851 1144 903 1210 hic
924 1151 974 1211 est
1001 1163 1079 1209 usus
1101 1150 1135 1210 et
1157 1145 1351 1210 Graecorum

201 1250 235 1325 [r.
256 1244 383 1312 Bernh.
408 1263 436 1325 p.
462 1249 537 1322 304)
561 1249 595 1310 et
616 1244 792 1326 priscomm
813 1242 998 1307 Latinorum
1021 1243 1222 1324 scriptorum,
1244 1246 1281 1306 ut
1303 1259 1353 1306 se·

200 1343 257 1410 nel
277 1349 410 1408 tantum
432 1349 571 1424 ponatur
593 1342 774 1420 relativum,
806 1341 838 1405 in
867 1340 971 1406 altera
998 1345 1104 1406 autem
1133 1339 1352 1405 enuntiatione

204 1441 382 1524 captane
410 1440 533 1505 nullum
562 1457 738 1522 pronomen
764 1444 821 1504 aut
856 1456 1029 1520 pronomen
1056 1439 1171 1504 tertiae
1197 1454 1355 1519 personae

204 1544 364 1621 muctar.
410 1536 710 1619 deplanctum.
735 1537 760 1615 Ι,
787 1544 815 1617 l,
839 1541 915 1603 ete:
937 1541 1013 1600 Nam
1035 1540 1113 1613 qaod
1134 1545 1251 1615 egomet
1273 1539 1354 1599 solus

202 1638 255 1701 ieci
287 1641 354 1709 necf
377 1641 530 1715 quisquam
554 1641 630 1700 alios
653 1638 749 1700 adfuit
782 1637 824 1706 th.
848 1654 874 1701 e.
901 1653 960 1701 nec
987 1635 1037 1701 cui
1064 1635 1136 1713 rei).
1182 1632 1270 1716 Gept.
1294 1632 1354 1713 ΙΙΙ,

199 1742 226 1817 i,
247 1740 307 1801 23:
334 1737 448 1813 Quibus
470 1738 617 1811 insputari
640 1739 730 1798 saluti
752 1735 811 1798 fuit
832 1744 920 1813 atque
942 1738 969 1798 is
990 1734 1113 1811 profuit.
1156 1732 1237 1798 Rud.
1258 1732 1301 1812 ΙΙ,
1327 1737 1355 1810 l,

201 1838 231 1898 i:
254 1838 444 1897 Praesertim
463 1836 570 1909 quibas
592 1852 648 1895 uec
671 1843 811 1910 quaestus
835 1844 881 1896 est
903 1855 959 1897 nec
981 1844 1078 1895 artem
1101 1834 1232 1893 didicere
1255 1836 1356 1894 ullam.

200 1929 326 1996 Terent.
349 1931 447 1996 Andr.
471 1930 496 2007 Ι,
522 1936 548 2010 l,
572 1934 627 1995 66:
659 1933 735 1992 Nam
764 1937 817 2008 qui
839 1952 905 1994 cum
933 1934 1059 2009 ingeniis
1082 1930 1270 1993 conflictatur
1292 1932 1356 1990 eius

203 2032 289 2106 nodi,
312 2034 418 2107 Neque
442 2039 643 2093 commovetur
665 2034 779 2093 animus
802 2034 832 2091 in
855 2050 892 2091 ea
913 2050 946 2092 re
969 2039 1077 2105 mmeu,
1101 2031 1185 2091 Scias
1199 2048 1287 2105 posse
1304 2031 1356 2090 ba·

204 2129 269 2191 bere
301 2132 360 2191 iam
384 2133 481 2205 ipsum
504 2148 574 2190 suae
598 2132 675 2190 vitae
699 2132 826 2190 modum.
855 2127 989 2209 Adelph.
1010 2127 1037 2206 Ι,
1053 2131 1082 2204 2,
1097 2132 1132 2191 4:
1155 2146 1239 2202 quem
1261 2145 1357 2204 neque

206 2230 292 2303 pudet
316 2229 496 2305 Quicquam,
528 2246 583 2287 nec
606 2230 712 2289 metuit
735 2246 924 2305 quemquam,
953 2244 1048 2303 neque
1073 2229 1167 2301 legem
1189 2234 1276 2301 putat
1296 2226 1355 2285 Te·

209 2343 274 2389 nero
297 2343 332 2387 se
354 2326 454 2386 ullam.
500 2324 558 2388 Ad.
583 2323 642 2405 III,
667 2329 696 2404 2,
719 2329 754 2404 8,
782 2324 822 2388 de
850 2341 913 2404 quo
940 2323 1010 2389 loco
1036 2322 1108 2389 vide
1131 2339 1228 2402 supra
1250 2320 1277 2402 ξ.
1302 2326 1354 2385 21.

453 2494 507 2561 IV.
550 2494 780 2562 Pronomina
801 2494 1095 2577 interrogativa

288 2622 340 2685 26.
380 2617 522 2684 Primum
544 2617 606 2685 huc
628 2625 775 2700 spectant
797 2624 863 2696 quis
884 2621 964 2696 quid,
985 2621 1036 2695 qua·
1058 2637 1133 2694 quoe
1155 2621 1240 2694 qaod.
1272 2617 1358 2696 Qua·

210 2732 274 2779 rum
295 2715 471 2781 formarum
494 2722 572 2793 quis,
607 2722 693 2795 quid,
719 2724 770 2794 qui
792 2720 877 2799 apud
899 2719 1022 2801 priscos
1044 2717 1217 2798 scriptores
1239 2714 1355 2797 promi-

210 2829 280 2878 scue
304 2819 338 2879 et
361 2816 553 2880 substantivi
576 2823 609 2882 et
630 2816 778 2882 adiectivi
801 2818 880 2897 loco,
904 2821 970 2893 qaia
992 2816 1088 2882 etiam
1111 2816 1151 2881 de
1172 2833 1288 2897 genere
1308 2812 1355 2878 ie-

206 2911 319 2976 minino
347 2921 559 2994 usurpantur,
592 2919 670 2990 quod
695 2934 821 2996 semper
851 2916 999 2981 adiectivi
1032 2932 1163 2980 munere
1200 2912 1358 2993 fungitur;

209 3008 378 3076 discrimen
399 3015 520 3092 autem,
544 3014 630 3094 quod
651 3013 810 3094 Kritzius‚
833 3015 888 3093 qui
910 3015 990 3079 bene
1012 3013 1051 3078 de
1073 3011 1132 3078 bac
1154 3030 1189 3076 re
1211 3011 1356 3092 disputat

209 3107 249 3172 ad
268 3107 346 3174 Sall.
370 3107 463 3174 Catil.
486 3128 511 3175 c.
535 3117 592 3190 44,
625 3112 710 3176 iuter
737 3116 805 3187 quta
826 3115 899 3187 quid
925 3115 1030 3187 etqui
1052 3112 1130 3186 quod
1155 3111 1285 3190 statuit,
1321 3113 1359 3173 ut

207 3209 269 3283 qaia
291 3210 421 3284 etquid
442 3209 628 3289 pronomine
652 3215 778 3289 utatur,
802 3210 856 3290 qui
878 3209 956 3273 nihil
982 3209 1089 3290 cupiat
1111 3208 1194 3273 scire
1215 3206 1356 3286 nihilque

206 3302 365 3386 significet
385 3312 515 3386 praeter
536 3326 670 3388 nomen,
705 3325 767 3389 quo
796 3307 935 3388 aliquam
961 3323 1130 3387 personum
1156 3305 1196 3369 ab
1219 3303 1289 3369 aliis
1311 3303 1359 3367 di-

206 3419 359 3482 gnoscere
382 3405 498 3485 possit,
521 3410 572 3480 qut
594 3411 628 3471 et
650 3411 730 3481 qood
752 3407 903 3472 adhibeat
925 3404 968 3486 is,
989 3403 1043 3484 qui
1066 3419 1257 3484 cognoscere
1280 3401 1359 3466 velit

204 3501 319 3584 quique
348 3503 468 3583 cogitet
495 3522 557 3583 quo
587 3506 715 3586 iugenio
744 3505 923 3586 quibusque
952 3505 1093 3569 moribus
1121 3518 1224 3581 quave
1254 3497 1361 3565 condi-

206 3599 300 3680 tione,
325 3600 452 3665 omniuo
468 3602 571 3680 qualis
586 3604 703 3684 aliquis
719 3603 770 3684 sit,
787 3604 926 3669 nondum
942 3603 1027 3668 velet
1041 3601 1125 3681 apud
1145 3601 1266 3683 priscos
1282 3599 1361 3665 scri-

206 3704 326 3778 ptores,
350 3699 405 3779 qui
427 3697 487 3765 hac
508 3717 635 3781 quoque
657 3701 690 3765 in
711 3721 747 3766 re
769 3702 948 3783 promiscue
971 3700 1116 3779 utrisque
1136 3699 1245 3765 formis
1266 3701 1360 3762 utun-

204 3798 265 3864 tur.
314 3798 447 3863 Accedit
467 3807 547 3872 ater,
570 3798 655 3879 quod
677 3806 865 3882 usurpatur,
898 3800 953 3866 ubi
974 3799 1014 3864 de
1038 3799 1161 3865 duobus
1184 3799 1360 3880 quaeritur,

207 3892 318 3962 deinde
340 3895 510 3978 singularis
536 3895 776 3980 significationis
797 3903 903 3976 quote,
926 3904 1062 3976 quocirca,
1085 3903 1197 3974 quoius
1220 3899 1358 3972 quotam.

210 3991 255 4060 tt
277 3991 331 4060 his
353 3994 593 4075 pronominibus
615 3997 824 4062 discernenda
846 4002 921 4062 sunt
942 4001 1037 4073 coquis
1057 4002 1090 4062 ct
1109 3999 1255 4071 numquis,
1277 4011 1360 4075 quae

210 4088 253 4156 ita
274 4088 429 4158 differunt
450 4095 490 4160 ab
513 4094 587 4174 illis,
610 4100 647 4161 ut
668 4095 723 4160 illa
745 4100 905 4177 ponantur
926 4095 980 4160 ubi
999 4099 1125 4161 constet
1143 4093 1264 4173 aliquid
1287 4109 1358 4157 esse

206 4191 253 4256 rel
276 4188 397 4256 iactum
420 4211 491 4259 esse
514 4198 548 4258 et
569 4199 693 4259 tamum
720 4193 761 4258 de
784 4211 921 4275 persona
945 4192 995 4258 vel
1018 4210 1069 4275 re,
1101 4193 1142 4257 ad
1171 4209 1266 4272 quam
1293 4195 1358 4255 ste·

208 4290 258 4353 tus
274 4288 326 4354 vel
341 4290 425 4357 actio
440 4293 610 4371 pertineat,
637 4292 811 4372 quaeritur,
834 4291 913 4356 haec
936 4296 1042 4356 autem
1058 4295 1178 4357 statum
1196 4289 1248 4354 vel
1261 4289 1361 4354 actio·

211 4401 280 4452 nem
300 4387 422 4472 ipram,
446 4394 552 4456 utrum
576 4395 664 4455 extet
683 4389 735 4455 vel
758 4390 902 4455 extiterit
926 4408 967 4455 en
986 4406 1063 4469 nou,
1097 4388 1281 4453 indubium
1307 4405 1364 4452 vo·
