3125 5075
298 344 359 405 190
740 332 866 396 vamur.
893 332 957 376 can.
971 331 1022 374 ιιι.

294 520 525 606 significatione
554 521 732 603 pronomini
759 520 894 586 relativo
922 537 1018 601 saepe
1047 520 1216 586 adduntur
1244 538 1347 587 voces
1375 524 1452 585 stet

295 628 404 698 utpote
449 620 545 684 Ennii
567 618 768 684 Euhemerus
790 617 829 683 fr.
853 624 886 683 3:
917 622 1006 680 Titan
1034 626 1088 700 pm·
1112 620 1193 682 lacis
1224 621 1369 683 deterior
1395 624 1454 710 atti

293 722 511 781 -concessit
536 721 565 779 ei
599 727 632 779 ut
660 726 811 795 regnaret
854 716 959 784 Plano.
983 720 1097 803 Amph.
1124 717 1152 799 Ι,
1176 722 1208 797 3,
1232 720 1269 783 8:
1298 719 1397 779 Nimis
1415 718 1453 778 lit

295 821 404 881 scitust
425 818 620 892 sucophanta
643 816 834 889 quiquidem
856 837 939 881 meus
961 825 1003 883 sit
1023 829 1121 899 pater,
1142 813 1187 882 ad
1209 831 1241 894 q.
1264 812 1289 878 l.
1314 813 1453 880 Lindon:

294 913 467 995 „Ceterum
490 915 542 988 ραι·
563 913 680 987 quiden
701 909 770 975 fere
792 912 876 978 idem
899 914 1068 997 significat,
1090 933 1128 982 ac
1155 913 1185 980 si
1216 912 1377 978 dixisset:
1403 928 1454 975 non

294 1012 411 1078 mirum
434 1014 492 1089 est,
515 1009 631 1075 scitum
654 1026 727 1073 esse
749 1008 834 1076 hunc
855 1015 1095 1094 sycophantam,
1124 1029 1226 1093 quum
1249 1009 1282 1074 is
1306 1009 1354 1075 sit
1374 1015 1455 1091 paler

293 1128 395 1189 maus,
425 1107 465 1171 bc
499 1123 529 1171 et
552 1103 679 1187 nendo)
703 1105 784 1172 mein
808 1105 906 1174 lictor
928 1109 991 1190 iifl
1021 1112 1078 1193 1v‚
1107 1110 1333 1191 amnique
1367 1125 1454 1170 omnes

293 1212 365 1272 irati
387 1217 471 1270 corto
494 1213 573 1281 sunt,
595 1208 649 1280 ραι·
671 1209 714 1267 sic
737 1207 964 1289 fructuosioris,
980 1210 1065 1290 adq.
1082 1209 1102 1274 l.
1118 1208 1285 1274 Lindem.:
1311 1203 1455 1286 „Quando

292 1304 462 1372 relativum
478 1319 651 1383 pronomen
666 1320 811 1368 caussam
823 1303 1029 1387 assignificat,
1046 1306 1248 1373 coniunctivo
1263 1301 1454 1385 adiungitur,

293 1407 466 1485 propterea
487 1399 572 1481 quod
599 1417 714 1465 caussa
740 1419 779 1466 ex
807 1407 913 1468 mente
940 1403 1077 1471 dicentis
1107 1401 1344 1485 supponitur.“
1373 1398 1454 1482 Epid

293 1501 353 1582 III,
386 1507 414 1579 1,
443 1503 479 1563 6:
519 1500 657 1561 Absurde
685 1500 779 1569 facis,
809 1503 869 1579 Qui
897 1510 927 1563 te
955 1521 1050 1579 αιιραι
1071 1505 1172 1565 animi.
1197 1500 1255 1573 1v,
1281 1505 1315 1582 2,
1339 1504 1376 1565 d:
1405 1500 1455 1561 Gn

292 1619 361 1681 non,
383 1618 459 1675 qnae
481 1616 519 1658 ex
540 1605 570 1658 te
593 1604 664 1659 nata
684 1596 756 1676 siti,
780 1595 820 1660 bn
836 1596 874 1677 sn
890 1597 959 1680 boob
973 1613 1036 1664 non
1053 1598 1101 1664 bit
1117 1596 1251 1684 nebeten
1268 1596 1333 1676 tna
1348 1594 1452 1663 Bacch

292 1697 319 1778 Ι,
352 1704 380 1776 1,
410 1700 467 1761 58:
496 1696 603 1755 Sumne
639 1704 738 1755 entem
768 1694 854 1758 nihili
889 1700 942 1771 ραι·
978 1717 1123 1773 nequeam
1151 1700 1280 1774 ingenio
1313 1696 1454 1760 moderari

292 1796 390 1869 mccl,
417 1792 457 1857 ad
477 1809 505 1871 q.
522 1791 541 1855 l.
559 1790 686 1855 hamb:
710 1790 792 1869 „Hic
805 1795 983 1860 succumbit
1002 1795 1191 1861 adolescens
1215 1794 1331 1859 victus
1354 1790 1456 1859 callida

293 1889 472 1957 meretricis
503 1887 664 1953 oratione:
692 1890 777 1969 qnod
805 1889 989 1972 intelligens
1015 1892 1086 1974 ipso
1114 1910 1150 1958 sc
1185 1889 1454 1972 reprehendite

293 1986 455 2056 accessor*
479 1986 518 2065 V,
540 1990 569 2065 2,
596 1991 634 2051 15
658 1988 700 2064 (v.
728 1985 841 2067 1132):
864 1991 977 2052 Merito
1000 1993 1058 2054 hoc
1079 1993 1166 2054 nobis
1188 1992 1235 2066 fit,
1263 1993 1323 2066 ραι·
1345 1989 1452 2067 quiden

292 2091 350 2149 huc
372 2088 547 2148 venerimus.
572 2083 637 2148 Mil.
660 2084 686 2164 1,
713 2089 740 2164 1,
765 2089 826 2149 59:
847 2089 958 2149 Amant
979 2091 1031 2151 tad
1053 2107 1157 2152 omnes
1186 2090 1341 2151 mulieres
1368 2102 1452 2162 αιριι

292 2189 411 2263 iniuria,
438 2186 497 2262 Qui
522 2185 564 2246 sis
593 2191 653 2244 tam
683 2187 798 2259 pulcer.
845 2202 873 2247 v.
898 2187 954 2249 66:
988 2190 1073 2250 itane
1093 2190 1197 2249 cibant
1220 2182 1449 2250 antonelli

293 2287 376 2360 Quae
399 2302 446 2343 me
469 2283 572 2343 ambae
594 2283 816 2355 opoencoen‘nt
838 2284 913 2345 cett.
929 2279 970 2361 11,
986 2288 1017 2361 4,
1036 2286 1090 2349 18:
1113 2287 1208 2347 Immo
1224 2292 1356 2347 ecastor
1369 2286 1451 2346 stulu

291 2386 425 2455 multum,
446 2397 522 2454 ρααι
542 2381 693 2441 vobiscum
720 2378 861 2450 sobolem.
905 2378 1021 2446 Pseud.
1049 2380 1075 2462 1,
1103 2384 1134 2462 b,
1160 2386 1235 2448 153:
1259 2385 1336 2446 Non
1358 2383 1450 2444 dernu-

290 2483 369 2556 tabo,
392 2484 426 2539 nt
447 2477 524 2554 ρααά
545 2472 614 2558 [ogo
637 2475 705 2554 pro]
729 2486 813 2541 certo
834 2480 937 2539 scion
982 2477 1079 2545 Poen.
1103 2478 1142 2560 V,
1165 2484 1197 2561 2,
1220 2482 1255 2544 6:
1282 2481 1364 2543 Nam
1377 2487 1450 2542 teon

292 2579 470 2654 flagitiumst
492 2584 560 2637 tuas
583 2583 613 2635 te
635 2579 789 2651 popularis
813 2581 877 2652 pati
900 2579 1020 2641 servire
1043 2587 1113 2641 ante
1137 2581 1251 2655 oculos,
1278 2580 1362 2641 domi
1387 2593 1449 2653 ριιιι

289 2678 404 2750 fuerint
435 2676 558 2735 liberae.
603 2691 629 2734 v.
665 2678 705 2736 70
738 2690 800 2753 ιρι
834 2677 957 2737 Servom
979 2677 1082 2738 hercle
1105 2684 1135 2738 ta
1164 2694 1232 2739 esso
1274 2685 1398 2753 oportet
1423 2684 1449 2735 et

290 2792 418 2850 nequam
453 2779 484 2832 ot
520 2773 638 2846 malum,
677 2773 836 2833 Hominem
880 2777 1071 2851 peregrinum
1106 2782 1194 2851 atque
1229 2775 1380 2838 advenam
1404 2772 1448 2847 ριί

288 2872 433 2930 infimos.
475 2866 556 2931 Rud.
588 2865 636 2937 ΙΙ,
673 2875 710 2947 5,
745 2873 782 2932 5:
828 2872 912 2932 Satin
955 2876 1083 2949 nequam
1119 2890 1201 2947 sum,
1253 2874 1362 2947 ιἰίροίι
1402 2871 1446 2946 pti

287 2969 375 3031 hodie
408 2984 507 3028 amaro
536 2965 719 3039 inceperim?
747 2964 863 3031 Caecil.
892 2966 973 3034 snt.
1010 2969 1069 3033 inc.
1100 2966 1164 3034 tab.
1202 2966 1241 3033 fr.
1278 2973 1334 3034 15:
1364 2972 1440 3031 deun

288 3065 463 3142 (Amorem)
489 3065 539 3139 qui
561 3082 620 3124 non
642 3081 786 3125 summum
808 3073 902 3144 putet,
928 3086 1083 3129 -rarum
1106 3084 1172 3130 esse
1196 3068 1366 3144 inperitum
1387 3067 1442 3128 exi·

286 3172 426 3226 atumem:
451 3162 544 3225 Gaius
565 3162 595 3221 in
618 3179 705 3221 mann
727 3164 775 3238 sit,
797 3181 885 3240 qncm
907 3181 974 3226 osse
997 3166 1166 3226 dementem
1187 3167 1271 3229 velit
1320 3164 1440 3230 Terent

286 3260 382 3325 Andr.
405 3259 460 3339 lv,
483 3265 513 3337 4,
538 3262 592 3323 1οι
615 3261 699 3320 Satin
730 3258 840 3335 sanu’s,
867 3262 922 3334 qni
949 3280 995 3323 me
1022 3264 1052 3323 id
1078 3263 1207 3337 recites?
1229 3261 1317 3327 Eun.
1340 3259 1439 3341 1v‚r,

286 3363 343 3424 32:
375 3361 503 3420 Miseret
532 3360 576 3418 tui
605 3376 661 3432 me,
692 3360 745 3431 ραι
774 3359 853 3418 hunc
883 3368 998 3420 tantum
1032 3362 1181 3421 hominem
1217 3361 1323 3434 [wios
1351 3360 1439 3422 imni·

285 3474 352 3519 cum
375 3459 438 3518 tibi.

369 3552 404 3633 d)
448 3549 625 3632 Cognatum
655 3557 722 3631 est,
760 3551 788 3615 si
818 3551 999 3617 enunciatio
1032 3551 1168 3619 relativa
1202 3558 1254 3619 est
1290 3571 1352 3635 pro
1380 3570 1437 3616 con

281 3654 404 3714 cenna.
450 3648 553 3714 plaut.
576 3649 692 3716 Bacch.
723 3648 765 3728 ΙΙ,
790 3653 819 3721 3,
835 3653 892 3714 98:
915 3653 1011 3729 Quina
1035 3653 1144 3712 habeat
1164 3671 1239 3715 auro
1256 3657 1357 3715 soccis
1378 3669 1437 3726 tup-

281 3760 402 3827 pactnm
425 3750 539 3811 solnm?
563 3745 679 3812 Caecil.
704 3746 786 3813 soar.
811 3746 956 3813 Plocium
978 3747 1016 3813 fr.
1043 3751 1096 3812 15:
1119 3752 1164 3810 Tu
1186 3768 1297 3811 nurum
1321 3768 1379 3814 non
1399 3748 1435 3810 ris

280 3850 413 3911 odiosam
444 3849 498 3908 tibi
529 3865 606 3923 esse,
634 3863 724 3922 ραααι
753 3856 893 3908 rarenter
921 3847 1044 3908 uideas?
1075 3844 1204 3912 Terent
1236 3845 1340 3912 Andr·
1364 3844 1434 3927 ΙΙ,

279 3950 320 4013 37
344 3962 390 4025 sq.
416 3943 542 4009 variant
562 3942 647 4008 inter
669 3960 704 4008 se
726 3941 791 4007 ind.
815 3946 848 4006 et
871 3943 1108 4009 coniunctivae:

363 4044 540 4122 quaemihi
563 4061 646 4104 suom
670 4045 799 4105 animum
822 4050 912 4119 atque
935 4060 1051 4105 omnem
1073 4044 1166 4104 vitam
1187 4041 1330 4115 credidit,

360 4145 458 4221 Quam
479 4158 533 4216 ego
556 4141 654 4203 animo
679 4142 798 4217 egregie
821 4158 921 4202 caram
943 4159 1000 4217 pro
1023 4157 1116 4202 uxore
1138 4140 1324 4203 Meum

368 4243 418 4303 31.
464 4237 644 4317 Separatim
674 4235 858 4302 afferendus
890 4241 941 4301 est
962 4235 1085 4302 abiuth
1093 4253 1134 4302 us
1156 4235 1357 4318 pronominis
1377 4232 1435 4300 relt

275 4335 332 4401 tivi
365 4356 433 4415 ραι,
462 4335 517 4417 qui
545 4333 775 4400 coniunctionis
804 4334 906 4400 instar
934 4340 985 4401 est
1016 4341 1051 4400 et
1079 4333 1319 4401 coniunctivum
1345 4331 1431 4400 hbe
