3125 5075
199 375 242 432 20
632 359 790 400 sussum.
812 358 876 399 cal’.
890 357 929 397 m.

200 535 312 617 quitur
335 535 431 599 etiam
457 533 637 613 lacobsius,
664 537 813 597 neutram
835 530 1013 611 opinionem
1041 532 1162 592 rectam
1190 544 1277 603 esse,
1304 526 1363 591 sed

202 650 240 698 eo
263 637 425 712 tempore,
459 648 522 711 quo
545 630 674 712 linguae
697 630 860 695 orirentur
886 635 920 693 et
940 626 1172 706 formarentur,
1206 629 1364 704 utrasque

200 726 466 809 significationes,
500 732 534 792 et
564 726 683 793 locales
712 732 746 791 et
775 725 920 791 causales
948 725 1015 788 sive
1045 722 1166 788 ideales
1196 722 1364 787 etiamtum

200 826 387 891 coniunctas
411 830 445 889 et
465 824 550 890 inter
571 843 607 890 se
629 825 745 889 mixtas
766 821 883 903 luisse,
910 821 1049 887 nondum
1072 825 1255 899 separatas,
1285 825 1364 883 uta

198 922 293 988 nobis
313 919 382 987 lieri
405 921 496 1000 solet,
520 922 575 1001 qui
595 921 698 1002 magis
720 920 889 987 dividimus
909 925 943 985 et
962 935 1147 998 separamus
1166 917 1294 982 ratione
1308 934 1364 981 no-

199 1023 270 1086 stra
292 1037 346 1098 ea,
369 1036 452 1098 quae
473 1018 586 1098 primis
611 1018 810 1099 temporibus
832 1017 970 1082 nondum
992 1015 1250 1096 seiungebautur.
1296 1014 1364 1079 Iam

202 1116 231 1181 si
258 1114 483 1197 distinguimus
506 1134 577 1181 cum
601 1115 745 1181 Iacobsio
772 1113 851 1180 haec
879 1114 956 1193 tria,
978 1113 1089 1189 verba,
1112 1112 1364 1192 enuntiationes,

200 1214 362 1298 periodos,
394 1231 476 1295 quae
491 1214 688 1295 respondent
709 1212 814 1278 tribus
834 1212 966 1278 vocibus
987 1210 1109 1291 logicis,
1131 1211 1261 1292 notioni,
1284 1210 1365 1275 iudi·

202 1312 261 1394 cio,
293 1311 496 1391 conclusioni,
519 1317 554 1376 et
575 1312 769 1393 quaerimus,
792 1330 945 1394 quorsum
967 1328 1098 1377 msuum
1119 1307 1270 1374 formatio
1292 1328 1363 1390 spe·

202 1415 279 1490 etet,
303 1415 391 1475 recte
417 1410 580 1478 lacobsius
602 1430 674 1476 eam
694 1411 787 1491 ponit
808 1410 842 1474 iu
865 1410 966 1475 limite
991 1407 1083 1489 quasi
1102 1407 1193 1472 verbi
1212 1413 1247 1473 et
1267 1426 1365 1475 enun-

203 1508 360 1588 dationis,
384 1508 533 1588 quoniam
556 1515 625 1574 tum
646 1509 784 1587 demum,
807 1525 879 1573 cum
899 1524 919 1573 a
939 1506 1038 1573 verbo
1053 1505 1095 1570 ad
1110 1503 1364 1571 enunciationem

200 1602 404 1671 lormandam
426 1604 614 1687 proceditur
635 1611 670 1670 et
691 1606 861 1684 transitur,
891 1620 1022 1671 msuum
1043 1602 1280 1667 formandorum
1310 1620 1365 1668 ne-

203 1704 339 1769 cessitas
369 1702 487 1767 existit.
534 1702 598 1768 Sed
621 1703 847 1782 simplicissimi
869 1703 932 1768 duo
955 1719 1058 1779 casua
1087 1700 1246 1780 aquibus
1269 1700 1364 1767 etiam

206 1804 277 1864 tota
301 1800 448 1881 quaestio
470 1804 581 1866 nostra
606 1806 640 1865 et
658 1801 804 1866 doctriua
822 1799 862 1865 de
883 1800 1010 1866 casibus
1031 1798 1184 1863 ordienda
1204 1803 1265 1877 eat,
1291 1803 1366 1863 sunt

205 1900 407 1962 mndaottous
429 1903 463 1962 et
485 1901 645 1962 vocativus.

509 2057 546 2119 Δ.
589 2058 810 2121 llominativur
831 2063 864 2120 et
885 2059 1059 2120 vocativus.

294 2195 319 2253 l.
354 2190 635 2256 denominativas
656 2190 835 2271 quidemis
858 2208 951 2256 casus
974 2195 1033 2270 est,
1055 2189 1125 2255 sine
1147 2206 1211 2270 quo
1234 2187 1363 2254 omuino

206 2304 278 2354 asse
301 2288 483 2354 enunciatio
505 2288 594 2353 nulla
615 2293 738 2369 potest,
761 2287 910 2367 quoniam
932 2293 984 2355 est
1005 2304 1116 2366 maus,
1149 2303 1214 2365 quo
1236 2285 1366 2366 ponitur

204 2389 238 2451 et
264 2384 453 2467 designatur
487 2387 666 2453 subiectum
699 2384 947 2464 enunciationis,
980 2402 1074 2449 casus
1104 2382 1250 2449 subiecti
1304 2381 1366 2447 Sed

204 2481 380 2564 simplicior
396 2489 505 2549 tamen
520 2483 617 2549 etiam
634 2486 684 2551 est
706 2499 785 2548 usus
806 2481 1009 2562 nominativi,
1036 2486 1075 2546 ut
1100 2480 1143 2547 sit
1165 2498 1252 2545 caste
1273 2483 1366 2543 acaci

202 2583 313 2650 nandi,
344 2581 399 2659 qui
420 2586 489 2645 tum
511 2586 702 2660 usurpatur,
732 2598 804 2644 cum
827 2598 880 2645 res
902 2580 1059 2659 quaedam
1086 2584 1211 2645 tantum
1238 2579 1366 2643 nomine

204 2694 263 2742 suo
288 2676 486 2758 designanda
507 2681 541 2742 et
561 2695 620 2759 per
641 2695 677 2742 se
697 2676 890 2757 appellanda
913 2682 979 2755 est,
1002 2676 1090 2741 nulla
1111 2678 1236 2745 ratione
1257 2680 1368 2746 habita

203 2774 451 2840 constructionis
485 2774 519 2839 in
552 2774 786 2839 enunciatione.
830 2772 918 2839 Talis
952 2780 1002 2839 est
1034 2775 1247 2844 nominativus
1281 2779 1367 2860 apud

201 2868 305 2935 Plaut.
327 2871 441 2937 Pseud.
464 2870 519 2950 IV,
542 2874 572 2950 2,
596 2875 652 2934 21:
688 2874 767 2946 Quid
788 2880 836 2934 eat
856 2874 885 2932 ei
907 2874 1019 2934 homini
1042 2876 1172 2936 nomeu?
1214 2874 1261 2940 SI.
1284 2878 1367 2938 Leno

201 2968 319 3030 Ballio.
357 2987 386 3033 v.
411 2972 451 3033 32
475 2986 538 3047 sq:
565 2969 935 3044 Polemoclroaroplaptdca
956 2972 1072 3032 Nomen
1095 2981 1151 3034 est
1188 2971 1283 3038 Tales
1305 2973 1368 3038 loci

79 3117 84 3126 .
201 3080 266 3128 non
289 3064 454 3145 pertinent
475 3064 517 3129 ad
539 3081 605 3144 eos,
628 3065 744 3146 quibus
759 3064 893 3130 verbum
909 3084 970 3128 csse
989 3067 1136 3147 sequitur
1156 3069 1252 3134 etiam
1274 3088 1368 3151 prae-

203 3160 301 3226 dicati
322 3162 546 3241 nominativus,
569 3161 627 3226 sed
649 3167 775 3227 tantum
790 3178 906 3226 nomen
922 3169 1086 3243 spectatur
1106 3165 1239 3245 eiusque
1260 3185 1366 3233 sonus.

201 3255 276 3323 Huc
296 3258 440 3339 pertinet
467 3259 563 3324 etiam
589 3258 705 3325 Baccln
719 3258 776 3339 -II,
807 3264 843 3338 3,
874 3263 930 3338 50,
960 3261 1086 3326 sivera
1111 3266 1161 3327 est
1187 3265 1367 3331 emendatio

201 3352 403 3420 Fleckeiseui
423 3357 471 3421 ed.
487 3357 590 3422 Plaut.
614 3356 649 3421 Τ.
665 3353 691 3420 l.
714 3353 813 3437 praef.
829 3373 859 3437 p.
876 3360 934 3422 23:
960 3361 1055 3433 Quom
1077 3362 1117 3421 mi
1139 3363 1237 3437 iprum
1259 3382 1368 3426 nonan

203 3455 270 3517 eina
285 3452 512 3518 Arcltdcm'das
530 3457 681 3519 clamaret
703 3455 892 3532 dempturum
914 3473 991 3533 esso,
1014 3472 1074 3536 pro
1096 3472 1159 3536 quo
1173 3457 1368 3525 Ritachelius

201 3547 303 3616 habet
324 3552 500 3632 genitivum
522 3553 752 3616 Archidemidis.

288 3650 318 3715 2.
353 3648 403 3714 Ad
430 3648 515 3715 hunc
542 3667 636 3714 usum
666 3649 811 3730 proxime
832 3649 957 3714 accedit
984 3649 1051 3729 hic,
1084 3656 1122 3717 ut
1143 3669 1369 3734 nomunquam

201 3747 342 3814 vocativi
362 3753 473 3827 partes
498 3763 596 3829 agere
617 3745 775 3812 videatur.
820 3744 994 3812 Vocativus
1023 3765 1062 3813 eo
1084 3746 1194 3813 differt
1221 3766 1243 3813 a
1268 3751 1370 3816 norni-

202 3845 322 3923 nativo,
346 3843 432 3925 quod
453 3844 523 3909 sine
544 3842 738 3909 nominativo
754 3860 826 3908 esse
846 3842 975 3907 omnino
990 3844 1172 3910 enunciatio
1192 3845 1283 3911 nulla
1296 3854 1369 3929 pot·

202 3945 265 4019 ost,
287 3940 438 4021 quoniam
461 3947 513 4009 est
534 3958 629 4008 casus
651 3939 788 4008 subiecti
809 3938 843 4005 in
867 3939 1101 4021 enunciatione‚
1123 3943 1290 4009 vocativus
1312 3962 1370 4010 au·

203 4040 270 4102 tem
294 4054 422 4118 semper
443 4043 536 4104 extra
558 4036 815 4103 enunciationem
842 4035 967 4117 positus
988 4045 1048 4118 est,
1071 4042 1109 4101 ut
1130 4037 1251 4103 nullam
1273 4041 1370 4121 plane

201 4130 267 4197 vim
294 4131 414 4200 habeat
447 4133 492 4200 ad
519 4131 719 4200 formandam
747 4133 1005 4199 consecutionem
1043 4134 1224 4201 verborum.
1268 4135 1372 4203 Usar·

201 4232 300 4311 patur
322 4228 406 4294 enim
428 4237 497 4297 tum
519 4230 573 4297 hic
594 4247 698 4310 casus,
721 4247 794 4296 oum
811 4237 947 4296 vocatur
960 4229 1077 4311 aliquia
1098 4230 1150 4296 vel
1172 4230 1295 4312 aliquid
1314 4252 1373 4300 no·

200 4323 287 4389 mine
310 4342 377 4390 suo.
412 4326 493 4393 Cum
515 4326 616 4408 igitur
638 4343 754 4391 nornen
773 4331 899 4392 tantum
914 4327 962 4393 rei
981 4328 1033 4394 vel
1047 4327 1184 4394 hominis
1199 4329 1371 4415 significet,

503 4496 534 4545 θ
