3125 5075
480 547 572 588 0480!
587 546 854 589 suanusnuvoamt.
868 567 894 579 -
907 547 1047 589 ΙΟΙΙΙΔΤ.
1308 557 1347 615 21

207 718 249 784 sed
263 718 353 784 itaut
366 718 451 785 huuc
466 719 571 801 ipsam
587 738 655 785 ram
671 722 722 787 uel
736 721 895 787 homiuem
910 721 1112 803 alloquamur
1126 724 1239 801 (quare
1255 721 1353 786 etiam

206 833 283 881 usus
304 817 467 883 secundae
489 835 648 899 personae
671 819 776 886 dietum
798 825 878 897 est),
899 824 1036 900 apparet
1057 837 1097 884 ex
1118 818 1194 897 hoc,
1215 817 1352 884 maxims

204 913 260 977 eius
280 913 417 978 similem
439 931 512 980 esse
541 918 784 995 nominativum,
817 917 874 982 ubi
903 916 954 982 hie
982 934 1045 981 non
1075 922 1127 981 est
1154 933 1248 981 casus
1276 914 1352 979 sub·

203 1009 275 1086 leod,
298 1011 357 1076 sed
379 1011 564 1077 nominandi
586 1019 725 1092 tantum,
759 1014 845 1091 sive,
879 1014 965 1094 quod
987 1031 1050 1078 non
1072 1014 1208 1078 mtdtum
1234 1010 1352 1091 differt,

202 1111 323 1170 mandi
366 1108 420 1175 Sia
441 1109 520 1175 loeis
541 1110 698 1176 Plautinis
719 1112 784 1176 his:
822 1112 918 1179 Stieh.
949 1129 977 1176 u.
1007 1114 1084 1176 764:
1121 1114 1208 1173 Meus
1237 1113 1352 1172 oculus.

202 1203 275 1271 Pers
298 1206 339 1286 V,
364 1213 393 1286 l,
418 1212 472 1272 13:
504 1214 609 1272 oerum
631 1228 723 1272 meus.
769 1209 866 1274 Poen.
889 1209 915 1288 1,
938 1213 969 1288 2,
995 1214 1054 1273 153
1077 1224 1139 1287 sq.:
1165 1227 1249 1269 meus
1272 1211 1352 1269 ocel-

202 1306 252 1379 lus,
278 1343 317 1355 -
346 1325 431 1368 meus
459 1309 628 1369 molliculus
655 1325 771 1369 easeua
816 1324 842 1370 v.
870 1310 938 1371 118.
976 1325 1005 1369 v.
1032 1308 1105 1369 182:
1128 1306 1229 1365 raam
1256 1306 1352 1365 huius.

203 1401 542 1481 tainar.111,s,65:
575 1407 756 1466 timeamus
778 1408 940 1482 copiarum.
984 1421 1014 1467 u.
1038 1406 1097 1467 tt:
1133 1419 1217 1462 meus
1239 1405 1353 1464 ocellus

202 1531 235 1541 —
252 1505 289 1561 mi
312 1506 422 1562 anime.
452 1519 480 1563 v,
507 1506 581 1565 101:
604 1506 648 1563 Mi
670 1506 794 1577 libane,
817 1506 932 1565 ooellns
954 1520 1063 1563 amaus
1087 1496 1139 1578 (cf.
1164 1496 1311 1561 Ruddim.
1327 1497 1352 1574 l,

201 1613 224 1675 p.
239 1602 287 1674 55,
309 1598 417 1662 adnot.
435 1602 499 1662 611.
545 1598 617 1664 eas.
634 1599 661 1680 Ι,
683 1604 724 1665 46
748 1615 831 1679 squ:
853 1602 899 1661 nli
920 1602 1061 1672 animula,
1086 1628 1124 1640 -
1149 1614 1233 1657 meus
1253 1595 1352 1657 festus

202 1695 263 1768 dies,
287 1699 374 1758 Mens
397 1699 497 1772 pullus
520 1716 634 1774 passer,
657 1732 700 1743 —
722 1700 763 1759 mi
786 1702 879 1774 lepos.
918 1694 1049 1775 (Reisig.
1065 1711 1097 1774 p.
1116 1694 1198 1767 199).
1237 1692 1286 1756 Ex
1301 1691 1352 1755 his

202 1792 345 1872 exemplis
366 1793 513 1858 videmus
536 1794 648 1872 etiam,
676 1795 838 1859 interdum
862 1793 1022 1858 vocativus
1045 1808 1117 1857 oum
1147 1789 1353 1855 nominativis

202 1889 305 1952 mixtos
328 1888 474 1969 proferri.
520 1891 612 1955 Truc.
635 1891 673 1969 V,
703 1911 732 1954 v.
756 1896 811 1956 20:
846 1896 934 1954 Mitte
963 1910 1024 1966 me,
1058 1893 1194 1967 inquam,
1228 1888 1354 1954 odivam.
1435 1889 1437 1894 '

203 1985 247 2049 ubi
269 1995 377 2051 tamen
398 1986 535 2052 tortasse
558 1989 760 2054 scribendum
789 1993 839 2053 est
866 1990 1005 2052 odiosn’s.
1048 2006 1080 2052 v.
1104 1991 1159 2051 53:
1195 1987 1256 2046 lam
1285 1986 1353 2044 hor·

204 2088 303 2144 ele-
325 2096 358 2145 tu
380 2090 489 2162 rapula
511 2090 556 2148 vir
577 2092 723 2149 strenuam.

278 2188 307 2246 3.
343 2182 567 2248 Nominadvus
594 2184 623 2248 si
649 2189 702 2248 est
722 2200 817 2249 casus
844 2182 980 2248 subiecti
1009 2179 1254 2257 enuntiationis,
1288 2177 1354 2257 pri·

207 2294 289 2356 num,
313 2279 401 2359 quod
423 2281 455 2344 iu
477 2281 604 2362 syntaxi
627 2282 799 2362 separatim
820 2288 872 2345 est
894 2277 1203 2346 commemorandum
1226 2280 1260 2339 et
1280 2291 1355 2355 spe·

206 2376 350 2456 ttundum,
373 2376 435 2442 hoc
454 2382 513 2457 est,
536 2379 564 2443 si
584 2380 692 2456 verba,
716 2396 798 2459 quae
814 2379 1001 2459 plerumque
1023 2374 1249 2457 impersonalia
1264 2376 1350 2451 sunt,

205 2475 410 2552 personaliter,
434 2482 470 2542 ut
491 2478 538 2542 ita
560 2476 678 2556 dicam,
702 2480 914 2558 usurpantur,
943 2473 1070 2540 diversa
1091 2481 1197 2539 tanim
1220 2470 1352 2552 paulum

206 2587 415 2654 nonnunquam
439 2571 678 2654 significatione,
702 2582 736 2640 et
756 2574 941 2638 adsciscunt
963 2572 1157 2649 subiectum,
1181 2587 1253 2635 cum
1275 2568 1354 2631 haee

207 2669 290 2734 uerba
310 2673 441 2751 proprie
464 2672 529 2736 sint
551 2673 637 2747 talia,
660 2689 797 2752 quorum
820 2670 1001 2735 subiectum
1023 2671 1056 2735 in
1076 2669 1155 2749 ipsis
1178 2668 1228 2741 sit,
1251 2665 1355 2729 itaut

207 2763 280 2831 inse
300 2769 380 2848 ipsis
403 2771 493 2848 quasi
516 2769 593 2834 illud
614 2770 787 2834 includant.
831 2768 903 2834 Huc
917 2767 1081 2849 pertinent
1095 2766 1233 2847 primum
1255 2762 1354 2826 verba

206 2864 310 2927 interest
328 2872 362 2930 et
386 2870 479 2941 refert
499 2866 549 2943 (cl.
574 2868 719 2932 ltuddim.
743 2866 789 2945 ΙΙ,
817 2884 847 2946 p.
872 2871 956 2938 203).
1001 2867 1105 2931 Plaut.
1128 2863 1223 2928 Most.
1246 2862 1293 2939 ΙΙ,
1328 2866 1355 2937 l,

207 2963 251 3024 tu:
271 2965 385 3024 Pluma
399 2967 472 3026 hant
486 2969 614 3034 interest,
637 2976 780 3042 patronus
798 2983 834 3027 an
851 2970 954 3028 cluens
971 2968 1109 3040 probrior
1125 2966 1194 3025 siet.
1226 2961 1355 3024 Terent

206 3054 268 3122 Eun.
293 3059 336 3138 ΙΙ,
361 3067 390 3139 2,
415 3068 427 3124 l
454 3080 517 3141 sq.:

234 3206 267 3264 Di
290 3209 485 3282 immortales,
508 3210 620 3270 homini
644 3212 731 3272 homo
754 3211 825 3285 quid
846 3209 1003 3285 praestat?
1027 3211 1120 3270 stulto
1143 3207 1314 3280 iutetlepena

240 3305 312 3376 Quid
335 3304 414 3364 iuter
437 3308 498 3366 est?

202 3442 269 3511 Eun.
291 3448 347 3525 IV,
374 3452 426 3511 18:
460 3455 639 3527 quasivero
662 3455 791 3527 partum
812 3455 890 3512 inter
911 3454 974 3513 siet.
1019 3449 1154 3531 Adelph.
1178 3451 1209 3528 I,
1243 3456 1275 3528 l,
1299 3455 1355 3513 51:

203 3545 256 3606 Hoo
272 3554 362 3620 poter
384 3566 420 3608 aa
442 3550 578 3610 &miuus
601 3553 729 3613 interest.
773 3548 878 3613 Plaut.
901 3548 989 3612 Peru.
1013 3546 1068 3624 IV,
1092 3554 1122 3626 3,
1143 3554 1198 3612 44:
1224 3550 1301 3623 Quid
1323 3549 1357 3607 id

202 3643 232 3701 ad
250 3664 294 3705 me
319 3647 432 3706 autad
454 3665 549 3707 meam
572 3666 635 3709 rem
657 3650 764 3720 refert,
794 3651 905 3709 Persae
935 3646 1007 3722 quid
1037 3664 1138 3707 rerum
1166 3656 1272 3722 gerant
1292 3645 1357 3704 -i

202 3735 245 3816 lt',
265 3749 297 3817 4,
320 3748 378 3805 44:
414 3752 443 3805 te
468 3781 505 3792 -
530 3750 703 3819 percontari
726 3750 807 3819 volo,
842 3747 925 3822 Quae
952 3745 990 3805 ad
1015 3761 1077 3806 ram
1100 3745 1245 3815 referunt.
1290 3741 1355 3805 Mil.

204 3833 252 3915 tlt,
275 3844 302 3915 1,
326 3845 404 3903 214:
439 3853 486 3902 set
515 3844 587 3916 quid
608 3847 777 3904 meminisse
805 3846 835 3903 id
858 3843 966 3916 refert,
1002 3860 1056 3919 ego
1085 3840 1215 3918 [nescio]
1245 3851 1357 3901 tamen.

207 3930 306 4001 Bacch.
329 3937 389 4016 111,
412 3945 443 4015 4,
468 3943 509 4001 20
532 3957 571 4002 ex
594 3940 815 4004 emendatione
838 3938 1019 4004 Ritschelii:
1054 3943 1127 4000 Tum
1151 3959 1239 4015 quom
1262 3940 1356 3999 nihilo

207 4034 257 4104 plus
279 4038 316 4096 ad
347 4055 430 4098 suam
460 4056 523 4098 rem
544 4040 613 4099 illut
634 4041 751 4112 referet.
798 4036 894 4102 Stich.
919 4037 962 4115 11,
988 4041 1096 4115 1,48:
1127 4040 1191 4098 Tua
1212 4036 1291 4110 quod
1313 4038 1356 4095 nil

206 4133 294 4201 refert,
325 4152 362 4195 no
391 4153 489 4196 eures.
535 4134 625 4215 Epid.
651 4135 692 4212 ΙΙ,
716 4140 744 4211 2,
768 4140 825 4200 93:
862 4139 957 4210 Quam
983 4137 1021 4196 ad
1053 4153 1116 4196 rem
1143 4137 1220 4196 istuc
1243 4134 1357 4205 refert?

207 4221 269 4292 Rud.
291 4229 317 4309 1,
341 4234 370 4308 2,
395 4234 453 4295 88:
483 4236 562 4308 Quid
582 4236 616 4295 id
637 4235 732 4307 refert
750 4234 821 4294 tua?
864 4232 921 4311 lv,
946 4238 974 4312 3,
998 4237 1053 4296 27:
1090 4235 1192 4294 Nihilo
1214 4235 1265 4307 pol
1289 4234 1356 4307 plu·

209 4325 304 4390 ristun
325 4331 380 4390 toc
403 4350 491 4407 quam
514 4336 617 4408 quanti
639 4332 709 4394 illut
729 4331 824 4404 refert
844 4348 917 4390 urea.
961 4329 1017 4408 IV,
1040 4334 1070 4403 4,
1091 4332 1148 4394 25:
1186 4331 1361 4404 Quomodo

210 4420 308 4501 labem,
330 4431 400 4491 illut
420 4430 521 4501 refert,
544 4432 648 4492 iurene
671 4448 748 4491 anne
771 4431 889 4489 iniuria.
927 4427 1025 4491 Mero.
1049 4426 1091 4504 11,
1117 4431 1147 4505 3,
1178 4431 1237 4490 117
1248 4446 1255 4490 :
1280 4427 1363 4501 Quid

210 4527 307 4585 nealal
327 4529 440 4600 refert?
484 4524 556 4590 cas
581 4524 623 4607 ΙΙ,
647 4533 676 4605 5,
700 4530 754 4590 22:
792 4527 870 4600 Quid
895 4526 930 4585 id
950 4527 1043 4598 refert
1070 4527 1145 4585 tua?
1190 4524 1279 4587 Pers.
1303 4520 1364 4601 lv,
