3125 5075
490 402 529 441 DE
545 403 695 445 sususbto
710 404 748 445 El*
762 404 943 446 GBBUNDIVO.
1253 409 1293 469 55

143 589 297 652 redundo·
317 593 415 667 copia,
437 591 493 656 ubi
507 593 648 675 Antipho
670 595 710 659 de
733 592 856 658 Phanio
877 591 980 658 amica
1000 591 1150 672 loquitur,
1173 595 1207 654 et
1221 589 1296 656 Heu

142 682 207 762 ΠΙ,
231 690 261 763 8,
287 691 339 752 12:
362 692 426 765 Ego
449 692 512 754 eius
532 694 652 754 uidendi
677 696 801 770 cupidus
828 700 913 753 recta
934 709 1107 768 consequor.
1151 688 1297 765 Denique

144 787 255 850 restat
273 802 355 852 uuus
377 785 466 853 iocus
484 787 640 865 Terentii,
663 790 718 855 ubi
746 788 905 871 genitivus
927 786 1073 869 gerundii
1094 801 1156 850 non
1178 784 1220 849 ud
1241 801 1298 849 no·

143 898 231 960 meu,
262 881 319 946 ssd
343 884 385 948 nd
408 885 541 950 verbum
564 888 731 968 appositus
756 892 815 965 est,
842 904 905 967 quo
927 885 1052 951 dicendi
1068 900 1191 965 :genere
1212 881 1298 946 inter

144 978 344 1061 posteriores
373 983 547 1064 scriptores
574 985 708 1050 maxime
736 1004 814 1050 usus
845 989 896 1050 est
924 983 1063 1049 Tacitus
1107 979 1298 1061 legituris

144 1076 206 1142 Ad
232 1077 276 1156 II,
299 1085 328 1158 4,
352 1086 388 1143 5:
412 1101 518 1145 vereor
540 1103 639 1146 coram
663 1088 803 1148 inesto
826 1086 947 1148 laudare
969 1085 1105 1160 amplius,
1127 1084 1172 1142 No
1195 1082 1225 1141 id
1245 1077 1299 1138 od·

141 1182 283 1245 madi
305 1184 412 1257 magis,
441 1200 527 1257 quam
551 1203 608 1259 quo
630 1186 755 1245 babeam
777 1192 908 1261 gratum
935 1183 1035 1255 soom
1056 1184 1230 1251 existimes,
1257 1176 1299 1242 de

145 1296 213 1359 qno
231 1278 305 1343 looo
327 1276 605 1346 Weissenbornius
627 1299 656 1361 p
675 1286 751 1346 i25:
774 1279 876 1359 „Gum
899 1297 962 1343 non
985 1278 1086 1359 possit
1100 1283 1175 1357 apte
1191 1272 1300 1340 divelli

146 1378 181 1438 td
200 1378 330 1451 [mam
352 1374 407 1450 ita,
438 1381 475 1440 ut
503 1378 602 1443 idad
629 1398 657 1443 v.
682 1378 869 1444 adsentandi
898 1375 1091 1455 referentur,
1124 1372 1231 1438 nescio
1258 1390 1301 1437 an

149 1472 333 1540 iaafflimurn
357 1472 399 1537 sit
420 1479 562 1541 statuere
577 1476 761 1543 Terentium
786 1476 826 1540 ad
848 1476 956 1556 graeci
978 1472 1121 1540 infinitivi
1142 1471 1300 1537 rationem

151 1589 179 1633 r.
196 1573 372 1633 marios·
394 1590 532 1653 causam,
556 1575 662 1641 verbis
684 1590 772 1650 osas
794 1593 851 1649 qao
865 1570 960 1640 finem
976 1572 1115 1638 indicere
1130 1564 1297 1635 voi-uerit.“

154 1667 306 1734 Ceterum
330 1670 426 1750 addo,
457 1672 636 1753 ubicunque
656 1674 847 1754 gerundium
870 1672 920 1738 vei
945 1672 1154 1753 gerundivum
1180 1668 1212 1732 in
1239 1683 1298 1745 μ’

147 1768 253 1832 nitivo
277 1766 415 1846 positum
439 1779 501 1848 est,
534 1788 688 1850 nusquam
712 1778 838 1836 mutare
860 1771 1080 1853 primigeniam
1103 1768 1165 1833 vim
1190 1773 1222 1831 et
1242 1783 1300 1829 na·

149 1875 274 1936 mam,
307 1872 344 1928 ut
365 1866 406 1930 ad
427 1886 547 1932 merum
571 1870 726 1934 actionem
755 1870 986 1947 transferatur,
1018 1882 1180 1946 nunquam
1207 1864 1239 1928 in
1261 1882 1299 1930 eo

149 1961 233 2027 insit
263 1961 451 2043 significatio
482 1959 533 2029 v‘ei
560 1968 608 2032 rei
636 1967 763 2033 suturae
795 1968 845 2032 vel
874 1966 996 2033 consilii
1019 1966 1067 2032 vel
1089 1961 1302 2041 necessitatis,

148 2079 235 2142 quae
259 2062 360 2128 sicubi
384 2063 488 2127 inesse
512 2065 646 2142 videtur,
670 2084 732 2129 non
755 2067 789 2129 in
810 2065 966 2146 gerundio
989 2070 1023 2128 et
1038 2062 1222 2145 gerundivo,
1247 2057 1304 2125 sed

146 2160 183 2225 in
208 2177 247 2224 ea
269 2178 355 2238 voce,
379 2162 462 2226 unde
484 2163 634 2242 pendent,
657 2162 840 2244 quaerenda
861 2170 921 2228 est.

236 2265 265 2321 3.
308 2257 346 2322 ln
373 2263 474 2322 dotioo
501 2263 643 2336 perandii
670 2262 814 2327 accessio
840 2261 1012 2327 accusativi
1034 2258 1137 2323 rarior
1166 2265 1229 2332 est,
1258 2254 1300 2320 de

150 2371 217 2433 qua
247 2374 281 2418 re
304 2355 580 2423 Weissenbornius
603 2378 633 2439 p.
660 2363 719 2424 116
749 2359 829 2424 haec
857 2359 950 2424 dicit:
986 2357 1123 2438 „Dativo
1145 2371 1215 2420 cum
1239 2351 1300 2418 hoc

143 2453 282 2517 maxime
310 2456 470 2535 proprium
500 2458 555 2535 sit,
586 2463 622 2523 ut
649 2476 703 2523 eas
725 2475 778 2522 res
801 2454 971 2538 significet,
1000 2472 1082 2535 quae
1104 2450 1222 2531 aliquid
1245 2447 1299 2513 vel

147 2551 323 2616 admittant
353 2563 384 2618 et
407 2555 578 2636 accipiant,
609 2556 660 2621 vel
683 2557 826 2622 reiiciant
850 2562 883 2620 et
904 2561 1071 2637 respuant,
1101 2558 1135 2619 et
1156 2559 1301 2617 mutuam

148 2648 309 2727 quandam
334 2670 441 2718 rernm
461 2655 568 2735 potius
590 2663 624 2719 et
646 2673 870 2736 personarum,
893 2672 974 2735 quae
997 2659 1229 2734 aguntunam
1252 2647 1300 2726 ip-

145 2764 256 2810 sarum
292 2749 451 2815 actionum
481 2752 628 2833 designet
655 2754 824 2830 rationem,
859 2754 1004 2834 gerundii
1035 2751 1162 2816 dativus
1195 2747 1300 2810 minua

143 2841 318 2910 videbatur
348 2860 457 2928 aptus,
493 2857 527 2915 et
553 2852 731 2931 ubicunque
759 2851 883 2917 occasio
910 2851 1062 2929 dabatur,
1095 2867 1164 2914 rem
1191 2844 1300 2926 potius

144 2943 275 3008 actione
299 2949 476 3026 praeditam
492 2949 662 3027 addebant,
684 2968 789 3028 noque
808 2956 914 3014 tamen
930 2948 1015 3014 iilam
1032 2945 1298 3014 constructionem

144 3042 320 3123 fugiebant,
345 3053 380 3108 ut
403 3064 562 3125 nunquam
586 3047 801 3123 admiserint.“
846 3047 954 3112 audio
980 3045 1154 3112 eocusativi
1181 3041 1221 3107 ad
1244 3058 1300 3119 ge-

146 3144 255 3208 rundii
277 3144 417 3208 dativum
441 3144 519 3210 haec
541 3147 604 3210 duo
627 3146 774 3226 exempla
794 3144 895 3209 habes
917 3163 956 3209 ex
979 3144 1104 3214 Plauto,
1126 3140 1220 3220 Epid·
1242 3137 1300 3216 IV·

145 3247 176 3312 2,
200 3247 257 3306 35;
282 3245 346 3319 Ego
377 3247 491 3307 relictis
516 3247 604 3307 rebus
627 3247 788 3320 Epidicum
814 3263 934 3319 operam
958 3244 1125 3318 quaerendo
1146 3242 1238 3312 dabo,
1268 3241 1301 3301 ei

147 3339 246 3404 Poen.
276 3339 301 3411 l,
330 3345 359 3404 2.
392 3346 446 3406 13:
484 3346 546 3405 Eae
578 3362 632 3405 nos
663 3345 804 3411 locando,
836 3344 956 3405 eluendo
989 3360 1110 3418 operam
1144 3339 1299 3401 dedorunt.

151 3440 295 3505 Primum
320 3441 511 3519 spectandus
535 3448 585 3506 est
606 3442 633 3504 is
657 3460 734 3507 usus
756 3440 865 3517 dativi,
888 3440 942 3520 qui
965 3439 1107 3519 proxime
1122 3434 1245 3501 accedit
1259 3431 1301 3497 ad

147 3556 220 3604 enm
250 3556 341 3603 usunr
371 3539 520 3618 genitivi,
550 3556 612 3618 quo
635 3539 676 3603 ad
697 3538 798 3602 verba
819 3539 962 3616 additur,
993 3536 1032 3601 de
1054 3553 1116 3615 quo
1138 3534 1301 3597 Weissen-

147 3636 280 3701 bornius
303 3654 332 3716 p.
361 3642 418 3700 125
442 3654 487 3717 sq.
511 3638 617 3701 adnot.
642 3641 703 3701 252
727 3635 805 3701 haec
827 3635 937 3701 babet:
967 3635 1065 3714 „Tam
1087 3650 1186 3714 prope
1208 3646 1299 3694 acce-

145 3734 194 3799 dit
217 3734 257 3797 ad
278 3734 455 3814 genitivum
478 3736 655 3814 verbalem,
685 3742 721 3800 ut
741 3733 829 3799 hand
850 3735 960 3814 paucis
981 3734 1075 3811 locis,
1105 3732 1159 3797 ubi
1179 3729 1300 3792 utrius·

145 3849 209 3912 que
231 3846 327 3897 casus
350 3835 461 3898 eadem
485 3839 534 3898 est
557 3834 666 3909 forma,
690 3840 799 3898 utrum
813 3832 994 3912 intelligere
1009 3831 1136 3907 debeas,
1160 3823 1301 3893 dubitari

146 3931 260 4011 possit,
284 3948 388 4010 neque
412 3931 583 4011 quidquam
606 3931 742 4011 relinqui
765 3931 921 4008 videatur,
944 3930 1005 3995 nisi
1020 3934 1056 3993 ut
1071 3932 1204 4002 statuas,
1228 3942 1300 3991 cum

146 4029 248 4093 dativi
269 4047 346 4093 usus
370 4029 513 4094 omnibus
538 4030 747 4110 scriptoribus
771 4027 838 4092 iere
861 4028 903 4091 sit
925 4027 1117 4102 communis,
1141 4023 1301 4106 genitivus

148 4146 212 4192 uon
241 4125 348 4190 multis
382 4133 572 4208 usurpatus,
606 4127 746 4192 dativum
775 4126 883 4206 potius
909 4127 948 4190 iis
975 4126 1187 4202 vindicemus,
1220 4138 1302 4201 quos

146 4225 203 4289 iila
229 4225 261 4288 vi
288 4225 462 4304 genitivum
491 4226 608 4292 dixisse
636 4224 765 4305 probari
795 4243 857 4288 non
884 4224 1022 4304 potest.“
1066 4222 1179 4302 ltaque
1203 4219 1301 4284 etiam

146 4323 252 4389 Pluut.
277 4323 360 4388 Ruti.
383 4322 420 4397 V,
444 4328 473 4402 3,
500 4328 554 4389 18:
579 4329 628 4387 Ins
652 4326 806 4386 iurandum
830 4328 874 4386 rei
895 4326 1074 4399 soooodoc,
1095 4342 1153 4384 non
1172 4321 1302 4397 perciaco·

148 4423 204 4483 doe
242 4424 424 4486 conditunst
459 4440 517 4502 pro
555 4421 662 4487 dativo
699 4422 807 4502 potius
842 4420 1021 4487 habendum
1059 4420 1129 4485 erit
1185 4415 1303 4483 Differt
