3125 5075
286 313 328 378 48
732 308 860 349 VERBUH.
888 308 952 349 ΟΑΡ.
966 308 992 351 X.

287 496 346 563 sed
367 496 400 561 iu
423 493 563 562 efficacia
586 496 777 578 relictores
798 495 887 562 verbi
910 496 1017 562 radice
1040 492 1228 577 significata,
1252 514 1318 560 non
1334 500 1439 575 potest

286 611 365 660 sane
395 594 509 658 mnam
539 613 623 673 esse,
651 612 761 660 omnes
782 594 812 659 ei
835 594 951 673 quibus
972 594 1056 660 actio
1078 593 1261 658 accuratius
1291 590 1440 659 delinitur

288 694 323 756 et
344 708 437 756 casus
461 692 589 773 adiungi
616 699 650 758 et
677 691 839 757 adverbia.
883 692 1091 771 Participium
1113 696 1221 756 autem
1244 708 1300 756 eos
1325 710 1365 757 ne
1388 709 1441 771 po·

291 793 377 852 terat
402 789 529 867 quidem
552 789 730 854 admittere.
775 788 856 852 Nam
880 807 951 854 cum
974 790 1016 853 ad
1037 807 1109 854 eam
1131 807 1214 858 rem,
1237 806 1322 868 quae
1344 788 1441 854 actio·

288 899 361 949 nem
384 882 481 950 eflicit
503 893 559 951 aut
573 888 703 952 molitur
718 892 752 952 ct
766 892 946 968 praeparat,
968 906 1003 951 se
1018 888 1244 962 accommodet,
1268 904 1340 952 eam
1355 886 1441 951 nullo

289 982 382 1047 modo
404 989 512 1065 potest
533 986 629 1050 etiam
653 985 768 1051 obiecti
791 984 860 1050 loco
882 986 1053 1064 asciscere,
1076 984 1136 1049 nisi
1159 983 1212 1049 ubi
1229 984 1338 1062 rerba,
1362 1001 1443 1065 quac

288 1080 352 1146 duo
376 1081 496 1147 habent
517 1083 654 1162 obiecta,
677 1088 801 1147 mutata
822 1089 986 1148 structura
1000 1082 1137 1146 alterum
1151 1083 1299 1147 retinent.
1317 1115 1361 1128 -
1378 1083 1443 1147 lam

291 1196 368 1243 vero
395 1196 467 1243 cnm
487 1199 555 1260 res,
589 1182 639 1247 cui
663 1181 792 1246 verbale
820 1179 897 1245 illud
927 1180 1116 1245 adiectivum
1140 1180 1294 1245 tribuitur
1317 1178 1444 1246 efficere

292 1275 422 1355 quidem
452 1280 608 1344 actionem
632 1280 772 1359 dicatur,
803 1297 841 1343 ea
863 1283 970 1343 autem
993 1275 1182 1358 significatio
1205 1278 1318 1358 partic.
1340 1295 1443 1358 praes

290 1380 352 1438 act.
376 1382 462 1439 esset
485 1376 661 1457 adsignata,
683 1376 761 1442 illud
784 1378 903 1442 adeas
924 1394 979 1441 res
1001 1375 1136 1439 maxime
1157 1373 1272 1440 referri
1294 1382 1444 1456 coeptum

180 1532 188 1552 ‚
290 1477 351 1551 est,
374 1489 455 1553 quae
479 1473 635 1539 actionem
658 1475 703 1540 ita
726 1472 898 1553 efficerent,
921 1481 958 1538 ut
979 1490 1041 1537 non
1064 1474 1154 1553 ipsae
1176 1478 1313 1553 agerent
1335 1474 1443 1554 potius

289 1585 386 1649 quam
415 1588 511 1636 causa
539 1578 648 1637 essent
674 1591 774 1653 quare
804 1570 896 1637 fieret
924 1571 1044 1652 aliquid
1073 1576 1106 1636 et
1128 1570 1359 1650 susciperetur.
1406 1571 1441 1636 In

292 1683 385 1747 quem
417 1687 509 1732 usum
533 1688 603 1733 cum
627 1671 742 1735 sensim
766 1670 912 1750 abiisset,
940 1669 1110 1734 verborum
1133 1674 1320 1732 neutrorum
1344 1675 1380 1733 et
1400 1669 1443 1733 in·

292 1764 533 1831 transitivos-um
556 1769 626 1832 eius
649 1768 775 1848 generis
798 1768 967 1849 participia
989 1767 1016 1832 si
1040 1784 1101 1831 non
1117 1765 1232 1844 omnia,
1254 1771 1289 1831 at
1306 1766 1443 1845 plurima

292 1862 325 1925 in
347 1881 408 1927 usu
430 1882 502 1929 esse
525 1866 702 1944 desierunt3
726 1883 829 1944 neque
851 1883 927 1931 vero
950 1882 1046 1930 causa
1069 1869 1147 1942 erat,
1171 1881 1228 1927 cur
1252 1864 1351 1927 etiam
1369 1882 1443 1928 neu·

292 1965 378 2024 trum
402 1962 615 2042 omitteretur,
638 1964 755 2044 quippe
778 1981 840 2043 quo
862 1964 934 2043 ipsa
955 1962 1039 2026 actio
1062 1961 1209 2025 omnibus
1229 1961 1340 2025 verbis
1364 1980 1443 2026 oom-

293 2058 396 2124 munis
430 2059 662 2143 designaretur.
706 2061 791 2126 Illud
824 2069 931 2126 autem
966 2078 1037 2124 cum
1067 2060 1130 2123 iam
1156 2077 1210 2124 res
1238 2058 1442 2133 describeret,

293 2172 375 2236 quae
396 2158 428 2222 id
451 2161 535 2239 quod
558 2158 652 2224 fieret
672 2160 880 2225 admitterent
901 2164 934 2223 et
956 2158 1140 2235 tolerarent,
1164 2173 1361 2237 quamquam
1385 2176 1443 2222 nor

293 2273 353 2320 sua
375 2256 415 2335 vi,
438 2259 543 2322 tamen
567 2276 698 2322 casuum
720 2262 882 2338 potestate
904 2261 961 2320 aut
983 2254 1271 2335 praepositionibus
1287 2253 1441 2332 adiutum,

294 2371 362 2418 eum
390 2355 609 2434 requireretur
634 2354 750 2435 forma,
784 2374 847 2437 qua
875 2355 922 2419 rei
951 2372 1046 2433 quam
1073 2354 1207 2416 maxime
1233 2353 1442 2431 perpetientis

295 2453 433 2518 conditio
455 2454 673 2533 insigniretur,
697 2453 729 2517 in
745 2456 903 2530 participii
918 2472 1019 2528 praes.
1036 2457 1118 2526 poss.
1148 2449 1251 2514 locum
1273 2450 1443 2515 succedere

295 2551 406 2631 coepit.
452 2548 696 2634 [Assentiuntur
730 2554 874 2618 Donatus
907 2551 947 2615 ad
981 2551 1108 2614 Terent.
1139 2549 1235 2612 Andr.
1267 2548 1307 2628 V,
1336 2558 1368 2625 4,
1398 2555 1443 2627 35,

296 2646 488 2715 Laurentius
511 2649 617 2728 Valla,
647 2650 790 2725 Limaeam
814 2648 1029 2714 Susenbrotus
1052 2649 1083 2710 in
1106 2664 1237 2727 gramm.
1263 2645 1318 2710 lat.
1342 2667 1373 2728 p.
1398 2655 1444 2725 64,

296 2743 482 2811 Perizonius
509 2748 550 2811 ad
573 2748 678 2812 Sanct.
706 2749 783 2813 Min.
808 2767 837 2828 p.
862 2751 936 2824 142,
965 2746 1112 2823 Haasius,
1140 2743 1355 2826 Luebkerus].
1402 2748 1446 2811 Er

296 2842 407 2907 cadem
435 2853 542 2910 autem
571 2845 626 2910 illa
648 2846 755 2910 nativa
777 2846 823 2918 vi,
853 2863 916 2924 qua
937 2862 998 2909 non
1021 2843 1061 2906 ad
1083 2843 1241 2907 actionem
1263 2842 1445 2908 absolutam

297 2939 411 3005 referri
430 2947 547 3023 potest,
560 2944 700 3021 sedeam
714 2963 783 3009 rem
797 2941 959 3021 describit,
974 2959 1056 3021 quae
1072 2941 1228 3005 actionem
1244 2940 1379 3006 molitur
1394 2945 1445 3006 aut

298 3044 334 3104 ut
362 3038 419 3104 fiat
444 3039 542 3105 elficit
571 3042 702 3121 eiusque
733 3040 953 3120 suscipiendae
984 3056 1080 3103 causa
1103 3039 1218 3116 existit,
1248 3038 1327 3101 illud
1350 3041 1443 3103 etiam

297 3137 502 3220 intelligitur,
533 3140 690 3220 quomodo
720 3139 800 3204 hacc
826 3139 1026 3219 potissimam
1052 3136 1154 3200 forma
1182 3135 1288 3200 verbis
1318 3137 1444 3202 adiectis

299 3237 465 3302 sublevata
480 3242 662 3301 pensitatis
684 3254 809 3318 quoque
833 3233 1094 3321 significationem
1109 3233 1252 3315 potuerit
1273 3235 1443 3315 suscipere.

298 3334 380 3399 Nam
402 3338 513 3418 negari
534 3356 597 3403 non
619 3340 728 3419 potest
750 3354 820 3398 eam
843 3339 911 3399 tum
933 3334 1068 3397 maxime
1091 3332 1194 3396 locum
1216 3330 1353 3412 habere,
1379 3349 1445 3397 cum

298 3433 455 3499 adiectum
478 3442 529 3500 est
551 3436 684 3500 verbum
707 3432 950 3498 substantivum.
994 3430 1031 3494 Id
1054 3436 1179 3509 autem,
1210 3430 1264 3494 ubl
1287 3430 1330 3494 ad
1352 3430 1445 3495 verba

298 3538 356 3596 aut
376 3532 494 3598 formas
524 3535 707 3611 verborum,
737 3548 820 3610 quac
842 3530 942 3593 solarn
964 3528 1122 3593 actionem
1145 3527 1316 3608 designant
1338 3528 1444 3593 adiun-

300 3631 386 3710 gitur
409 3649 510 3711 neqne
534 3634 670 3697 existere
693 3636 815 3693 tantum
839 3646 891 3690 res
913 3622 1078 3706 significat,
1106 3644 1210 3703 neque
1233 3626 1371 3705 copulae
1393 3642 1446 3691 nu·

300 3728 360 3794 dae
382 3729 478 3795 habet
501 3732 573 3809 vim,
597 3729 654 3794 sed
675 3727 832 3792 modalem
855 3724 996 3806 aliquam
1018 3729 1222 3803 potestatem,
1245 3742 1350 3804 neque
1370 3723 1446 3789 mul·

305 3831 372 3891 tum
396 3829 501 3908 abest,
531 3828 606 3909 quin
629 3826 680 3891 vel
702 3824 771 3890 fieri
795 3823 951 3889 actionem
973 3840 1067 3902 posse
1089 3820 1139 3884 vel
1161 3839 1291 3885 neccsse
1315 3840 1386 3887 esse
1404 3823 1447 3886 in·

301 3926 395 3992 dicet.
420 3961 458 3973 -·
482 3926 551 3990 Hac
573 3924 671 4006 igitur
693 3924 724 3987 vi
745 3922 925 4004 praeditum
948 3921 1080 3985 verbum
1095 3940 1164 3989 esse,
1187 3920 1242 3983 ubi
1261 3920 1302 3983 ad
1318 3919 1448 3985 iormam

300 4025 333 4090 in
359 4030 448 4104 auus,
480 4042 543 4104 qua
572 4042 624 4088 res
659 4019 855 4104 significatur
882 4036 963 4099 quae
991 4018 1147 4082 actionem
1177 4015 1294 4081 eiliciat
1321 4025 1356 4082 et
1383 4018 1448 4082 eius

301 4142 431 4192 causam
458 4123 589 4193 habeat,
617 4121 777 4197 adiicitur,
812 4135 907 4198 quam
936 4135 1035 4198 prope
1064 4135 1134 4180 eaor
1164 4115 1205 4179 ad
1226 4116 1447 4181 necessitatem

302 4224 440 4290 adducat
462 4219 553 4285 facile
576 4218 776 4298 perspicitur.
809 4217 842 4281 Si
866 4215 948 4279 enim
971 4218 1046 4276 liber
1069 4215 1207 4290 apeme
1223 4220 1267 4275 est
1281 4212 1342 4279 hoo
1357 4213 1448 4291 valet,

302 4322 419 4389 librum
442 4323 488 4386 ita
509 4336 623 4384 revera
646 4334 717 4381 esse
740 4319 972 4394 comparatum,
1003 4318 1038 4380 ut
1061 4330 1188 4378 causam
1212 4311 1332 4378 habeat
1353 4328 1448 4392 quare
