<?xml version="1.0" encoding="UTF-8"?>
<!DOCTYPE html PUBLIC "-//W3C//DTD XHTML 1.0 Transitional//EN"
    "http://www.w3.org/TR/xhtml1/DTD/xhtml1-transitional.dtd">
<html xmlns="http://www.w3.org/1999/xhtml" xml:lang="en" lang="en">
 <head>
  <title>
</title>
<meta http-equiv="Content-Type" content="text/html;charset=utf-8" />
  <meta name='ocr-system' content='tesseract 3.04.00' />
  <meta name='ocr-capabilities' content='ocr_page ocr_carea ocr_par ocr_line ocrx_word'/>
</head>
<body>
  <div class='ocr_page' id='page_1' title='image "./syntaxispriscor00holtgoog_0030.png"; bbox 0 0 3125 5075; ppageno 0'>
   <div class='ocr_carea' id='block_1_1' title="bbox 546 562 1292 635">
    <p class='ocr_par' dir='ltr' id='par_1_1' title="bbox 546 562 1292 635">
     <span class='ocr_line' id='line_1_1' title="bbox 546 562 1292 635; baseline 0.007 -31"><span class='ocrx_word' id='word_1_1' title='bbox 546 562 637 604; x_wconf 70' lang='lat' dir='ltr'><strong>nonio</strong></span> <span class='ocrx_word' id='word_1_2' title='bbox 652 563 917 606; x_wconf 67' lang='lat' dir='ltr'><strong>SUBSVAHTIVORUE</strong></span> <span class='ocrx_word' id='word_1_3' title='bbox 1255 579 1292 635; x_wconf 78' lang='lat'><strong>11</strong></span> 
     </span>
    </p>
   </div>
   <div class='ocr_carea' id='block_1_2' title="bbox 85 731 1379 4619">
    <p class='ocr_par' dir='ltr' id='par_1_2' title="bbox 85 731 1379 4619">
     <span class='ocr_line' id='line_1_2' title="bbox 132 731 1295 828; baseline 0.009 -32"><span class='ocrx_word' id='word_1_4' title='bbox 132 731 365 813; x_wconf 74' lang='lat' dir='ltr'><strong>Syracusanae.</strong></span> <span class='ocrx_word' id='word_1_5' title='bbox 411 732 505 798; x_wconf 86' lang='lat' dir='ltr'><strong>Both.</strong></span> <span class='ocrx_word' id='word_1_6' title='bbox 529 735 578 799; x_wconf 90' lang='lat' dir='ltr'><strong>ad.</strong></span> <span class='ocrx_word' id='word_1_7' title='bbox 594 735 694 801; x_wconf 86' lang='lat' dir='ltr'><strong>Naev.</strong></span> <span class='ocrx_word' id='word_1_8' title='bbox 717 735 756 802; x_wconf 82' lang='lat' dir='ltr'><strong>ir.</strong></span> <span class='ocrx_word' id='word_1_9' title='bbox 780 740 799 801; x_wconf 83' lang='lat'><strong>2</strong></span> <span class='ocrx_word' id='word_1_10' title='bbox 820 737 944 803; x_wconf 88' lang='lat' dir='ltr'><strong>Harioli</strong></span> <span class='ocrx_word' id='word_1_11' title='bbox 966 736 1062 803; x_wconf 85' lang='lat' dir='ltr'><strong>affert</strong></span> <span class='ocrx_word' id='word_1_12' title='bbox 1075 738 1179 804; x_wconf 85' lang='lat' dir='ltr'><strong>Plani.</strong></span> <span class='ocrx_word' id='word_1_13' title='bbox 1195 740 1295 828; x_wconf 85' lang='lat' dir='ltr'><strong>Mero.</strong></span> 
     </span>
     <span class='ocr_line' id='line_1_3' title="bbox 134 829 1296 914; baseline 0.006 -22"><span class='ocrx_word' id='word_1_14' title='bbox 134 829 169 904; x_wconf 97' lang='lat' dir='ltr'>V,</span> <span class='ocrx_word' id='word_1_15' title='bbox 190 835 221 910; x_wconf 92' lang='grc'><strong>2,</strong></span> <span class='ocrx_word' id='word_1_16' title='bbox 244 836 304 896; x_wconf 84' lang='lat'><strong>99:</strong></span> <span class='ocrx_word' id='word_1_17' title='bbox 342 832 442 892; x_wconf 86' lang='lat' dir='ltr'><strong>Video</strong></span> <span class='ocrx_word' id='word_1_18' title='bbox 463 833 505 893; x_wconf 83' lang='lat' dir='ltr'><strong>ibi</strong></span> <span class='ocrx_word' id='word_1_19' title='bbox 533 836 674 908; x_wconf 70' lang='lat' dir='ltr'><strong>tespites</strong></span> <span class='ocrx_word' id='word_1_20' title='bbox 695 837 857 911; x_wconf 75' lang='lat' dir='ltr'><strong>Zacyntho.</strong></span> <span class='ocrx_word' id='word_1_21' title='bbox 882 870 924 879; x_wconf 96' lang='lat'>—</span> <span class='ocrx_word' id='word_1_22' title='bbox 946 835 988 901; x_wconf 92' lang='lat' dir='ltr'><strong>ib.</strong></span> <span class='ocrx_word' id='word_1_23' title='bbox 1012 856 1041 900; x_wconf 84' lang='lat' dir='ltr'><strong>r.</strong></span> <span class='ocrx_word' id='word_1_24' title='bbox 1068 841 1143 901; x_wconf 84' lang='lat'>102:</span> <span class='ocrx_word' id='word_1_25' title='bbox 1180 840 1296 914; x_wconf 71' lang='lat' dir='ltr'><strong>Zacyn·</strong></span> 
     </span>
     <span class='ocr_line' id='line_1_4' title="bbox 133 929 1294 1013; baseline 0.011 -26"><span class='ocrx_word' id='word_1_26' title='bbox 133 931 179 988; x_wconf 76' lang='lat' dir='ltr'><strong>tio</strong></span> <span class='ocrx_word' id='word_1_27' title='bbox 202 932 275 1001; x_wconf 73' lang='lat' dir='ltr'><strong>fiens</strong></span> <span class='ocrx_word' id='word_1_28' title='bbox 297 931 366 990; x_wconf 85' lang='lat' dir='ltr'><strong>fieri</strong></span> <span class='ocrx_word' id='word_1_29' title='bbox 389 948 449 990; x_wconf 90' lang='lat' dir='ltr'><strong>non</strong></span> <span class='ocrx_word' id='word_1_30' title='bbox 471 933 577 1005; x_wconf 84' lang='lat' dir='ltr'><strong>malas,</strong></span> <span class='ocrx_word' id='word_1_31' title='bbox 599 930 629 994; x_wconf 93' lang='lat' dir='ltr'><strong>h.</strong></span> <span class='ocrx_word' id='word_1_32' title='bbox 646 948 673 995; x_wconf 90' lang='lat' dir='ltr'><strong>e.</strong></span> <span class='ocrx_word' id='word_1_33' title='bbox 690 929 767 998; x_wconf 87' lang='lat' dir='ltr'><strong>ficos</strong></span> <span class='ocrx_word' id='word_1_34' title='bbox 782 934 982 1013; x_wconf 85' lang='lat' dir='ltr'><strong>Zacynthias.</strong></span> <span class='ocrx_word' id='word_1_35' title='bbox 1025 934 1121 999; x_wconf 89' lang='lat' dir='ltr'><strong>Poen.</strong></span> <span class='ocrx_word' id='word_1_36' title='bbox 1138 934 1176 1010; x_wconf 88' lang='lat' dir='ltr'><strong>V,</strong></span> <span class='ocrx_word' id='word_1_37' title='bbox 1194 939 1222 1010; x_wconf 84' lang='lat'>2,</span> <span class='ocrx_word' id='word_1_38' title='bbox 1240 939 1294 1000; x_wconf 87' lang='lat'><strong>36:</strong></span> 
     </span>
     <span class='ocr_line' id='line_1_5' title="bbox 134 1027 1296 1108; baseline 0.009 -23"><span class='ocrx_word' id='word_1_39' title='bbox 134 1027 315 1087; x_wconf 68' lang='lat' dir='ltr'><strong>Hannone»</strong></span> <span class='ocrx_word' id='word_1_40' title='bbox 330 1045 399 1088; x_wconf 85' lang='lat' dir='ltr'><strong>sese</strong></span> <span class='ocrx_word' id='word_1_41' title='bbox 415 1030 459 1088; x_wconf 88' lang='lat' dir='ltr'><strong>ait</strong></span> <span class='ocrx_word' id='word_1_42' title='bbox 476 1029 667 1104; x_wconf 71' lang='lat' dir='ltr'><strong>Carthagine.</strong></span> <span class='ocrx_word' id='word_1_43' title='bbox 704 1029 791 1095; x_wconf 89' lang='lat' dir='ltr'><strong>Asin.</strong></span> <span class='ocrx_word' id='word_1_44' title='bbox 808 1030 850 1108; x_wconf 88' lang='lat' dir='ltr'><strong>H,</strong></span> <span class='ocrx_word' id='word_1_45' title='bbox 866 1037 896 1108; x_wconf 87' lang='lat'><strong>4,</strong></span> <span class='ocrx_word' id='word_1_46' title='bbox 913 1035 968 1095; x_wconf 82' lang='lat'><strong>92:</strong></span> <span class='ocrx_word' id='word_1_47' title='bbox 990 1035 1175 1108; x_wconf 82' lang='lat' dir='ltr'><strong>Periphanes</strong></span> <span class='ocrx_word' id='word_1_48' title='bbox 1189 1035 1296 1095; x_wconf 75' lang='lat' dir='ltr'><strong>Rhodo</strong></span> 
     </span>
     <span class='ocr_line' id='line_1_6' title="bbox 132 1122 1306 1209; baseline 0.008 -25"><span class='ocrx_word' id='word_1_49' title='bbox 132 1131 289 1185; x_wconf 70' lang='lat' dir='ltr'><strong>maer.</strong></span> <span class='ocrx_word' id='word_1_50' title='bbox 333 1122 449 1188; x_wconf 82' lang='lat' dir='ltr'>Pseud.</span> <span class='ocrx_word' id='word_1_51' title='bbox 472 1124 497 1203; x_wconf 98' lang='grc' dir='ltr'>Ι,</span> <span class='ocrx_word' id='word_1_52' title='bbox 521 1130 549 1203; x_wconf 85' lang='grc'><strong>3,</strong></span> <span class='ocrx_word' id='word_1_53' title='bbox 574 1128 613 1189; x_wconf 90' lang='lat'><strong>36</strong></span> <span class='ocrx_word' id='word_1_54' title='bbox 638 1126 809 1208; x_wconf 87' lang='lat' dir='ltr'><strong>(Krueger.</strong></span> <span class='ocrx_word' id='word_1_55' title='bbox 827 1145 958 1208; x_wconf 82' lang='lat' dir='ltr'><strong>gramm.</strong></span> <span class='ocrx_word' id='word_1_56' title='bbox 974 1127 1028 1192; x_wconf 91' lang='lat' dir='ltr'><strong>lat.</strong></span> <span class='ocrx_word' id='word_1_57' title='bbox 1051 1146 1081 1209; x_wconf 88' lang='lat' dir='ltr'><strong>p.</strong></span> <span class='ocrx_word' id='word_1_58' title='bbox 1098 1132 1189 1206; x_wconf 86' lang='grc'><strong>665);</strong></span> <span class='ocrx_word' id='word_1_59' title='bbox 1214 1134 1306 1193; x_wconf 86' lang='lat' dir='ltr'><strong>salve·¹</strong></span> 
     </span>
     <span class='ocr_line' id='line_1_7' title="bbox 133 1223 683 1298; baseline 0.009 -17"><span class='ocrx_word' id='word_1_60' title='bbox 133 1226 267 1297; x_wconf 81' lang='lat' dir='ltr'><strong>multum,</strong></span> <span class='ocrx_word' id='word_1_61' title='bbox 291 1240 375 1283; x_wconf 83' lang='lat' dir='ltr'><strong>sorno</strong></span> <span class='ocrx_word' id='word_1_62' title='bbox 395 1223 524 1285; x_wconf 74' lang='lat' dir='ltr'><strong>Athenis</strong></span> <span class='ocrx_word' id='word_1_63' title='bbox 539 1242 683 1298; x_wconf 53' lang='lat' dir='ltr'><strong>amma</strong></span> 
     </span>
     <span class='ocr_line' id='line_1_8' title="bbox 218 1317 1295 1398; baseline 0.004 -17"><span class='ocrx_word' id='word_1_64' title='bbox 218 1317 253 1392; x_wconf 89' lang='lat' dir='ltr'><strong>b)</strong></span> <span class='ocrx_word' id='word_1_65' title='bbox 277 1319 349 1379; x_wconf 64' lang='lat' dir='ltr'><strong>Aba</strong></span> <span class='ocrx_word' id='word_1_66' title='bbox 371 1323 535 1394; x_wconf 74' lang='lat' dir='ltr'><strong>qualitatis.</strong></span> <span class='ocrx_word' id='word_1_67' title='bbox 579 1319 658 1384; x_wconf 84' lang='lat' dir='ltr'><strong>Cato</strong></span> <span class='ocrx_word' id='word_1_68' title='bbox 680 1320 717 1385; x_wconf 86' lang='lat' dir='ltr'><strong>R.</strong></span> <span class='ocrx_word' id='word_1_69' title='bbox 733 1321 770 1386; x_wconf 86' lang='lat' dir='ltr'><strong>R.</strong></span> <span class='ocrx_word' id='word_1_70' title='bbox 796 1340 821 1387; x_wconf 87' lang='lat' dir='ltr'><strong>c.</strong></span> <span class='ocrx_word' id='word_1_71' title='bbox 846 1327 879 1387; x_wconf 86' lang='lat'><strong>8:</strong></span> <span class='ocrx_word' id='word_1_72' title='bbox 902 1325 1031 1386; x_wconf 85' lang='lat' dir='ltr'><strong>Telanas</strong></span> <span class='ocrx_word' id='word_1_73' title='bbox 1054 1331 1136 1386; x_wconf 86' lang='lat' dir='ltr'><strong>atras</strong></span> <span class='ocrx_word' id='word_1_74' title='bbox 1155 1325 1295 1398; x_wconf 85' lang='lat' dir='ltr'><strong>pediculo</strong></span> 
     </span>
     <span class='ocr_line' id='line_1_9' title="bbox 136 1414 1295 1495; baseline 0.007 -20"><span class='ocrx_word' id='word_1_75' title='bbox 136 1419 230 1492; x_wconf 89' lang='lat' dir='ltr'><strong>longo.</strong></span> <span class='ocrx_word' id='word_1_76' title='bbox 278 1414 382 1480; x_wconf 77' lang='lat' dir='ltr'><strong>Plana</strong></span> <span class='ocrx_word' id='word_1_77' title='bbox 405 1416 502 1481; x_wconf 86' lang='lat' dir='ltr'><strong>Mero.</strong></span> <span class='ocrx_word' id='word_1_78' title='bbox 525 1417 556 1495; x_wconf 91' lang='lat'>1,</span> <span class='ocrx_word' id='word_1_79' title='bbox 586 1422 622 1492; x_wconf 82' lang='lat'>2,</span> <span class='ocrx_word' id='word_1_80' title='bbox 653 1423 712 1482; x_wconf 80' lang='lat'><strong>97:</strong></span> <span class='ocrx_word' id='word_1_81' title='bbox 749 1420 846 1481; x_wconf 85' lang='lat' dir='ltr'><strong>forma</strong></span> <span class='ocrx_word' id='word_1_82' title='bbox 868 1425 976 1486; x_wconf 84' lang='lat' dir='ltr'><strong>eximia</strong></span> <span class='ocrx_word' id='word_1_83' title='bbox 997 1426 1162 1485; x_wconf 87' lang='lat' dir='ltr'><strong>mulierem.</strong></span> <span class='ocrx_word' id='word_1_84' title='bbox 1206 1418 1295 1483; x_wconf 82' lang='lat' dir='ltr'><strong>Pers.</strong></span> 
     </span>
     <span class='ocr_line' id='line_1_10' title="bbox 136 1511 1296 1591; baseline 0.004 -17"><span class='ocrx_word' id='word_1_85' title='bbox 136 1511 188 1590; x_wconf 89' lang='lat' dir='ltr'>IV,</span> <span class='ocrx_word' id='word_1_86' title='bbox 213 1517 242 1591; x_wconf 88' lang='grc'><strong>3,</strong></span> <span class='ocrx_word' id='word_1_87' title='bbox 276 1517 331 1577; x_wconf 78' lang='lat'><strong>53:</strong></span> <span class='ocrx_word' id='word_1_88' title='bbox 368 1517 479 1576; x_wconf 84' lang='lat' dir='ltr'><strong>Forma</strong></span> <span class='ocrx_word' id='word_1_89' title='bbox 500 1518 671 1590; x_wconf 83' lang='lat' dir='ltr'><strong>expetenda</strong></span> <span class='ocrx_word' id='word_1_90' title='bbox 692 1518 849 1579; x_wconf 87' lang='lat' dir='ltr'><strong>liberalem</strong></span> <span class='ocrx_word' id='word_1_91' title='bbox 877 1522 1041 1581; x_wconf 87' lang='lat' dir='ltr'><strong>mulierem.</strong></span> <span class='ocrx_word' id='word_1_92' title='bbox 1086 1517 1183 1580; x_wconf 86' lang='lat' dir='ltr'><strong>Mero.</strong></span> <span class='ocrx_word' id='word_1_93' title='bbox 1206 1534 1235 1579; x_wconf 74' lang='lat' dir='ltr'><strong>r.</strong></span> <span class='ocrx_word' id='word_1_94' title='bbox 1260 1520 1296 1580; x_wconf 88' lang='lat'><strong>9:</strong></span> 
     </span>
     <span class='ocr_line' id='line_1_11' title="bbox 136 1612 1296 1695; baseline 0.004 -25"><span class='ocrx_word' id='word_1_95' title='bbox 136 1612 178 1670; x_wconf 86' lang='lat' dir='ltr'><strong>ibi</strong></span> <span class='ocrx_word' id='word_1_96' title='bbox 205 1629 308 1671; x_wconf 89' lang='lat' dir='ltr'><strong>amare</strong></span> <span class='ocrx_word' id='word_1_97' title='bbox 337 1615 441 1687; x_wconf 85' lang='lat' dir='ltr'><strong>occepi</strong></span> <span class='ocrx_word' id='word_1_98' title='bbox 473 1614 574 1685; x_wconf 74' lang='lat' dir='ltr'><strong>formo</strong></span> <span class='ocrx_word' id='word_1_99' title='bbox 600 1616 711 1673; x_wconf 61' lang='lat' dir='ltr'><strong>ammio</strong></span> <span class='ocrx_word' id='word_1_100' title='bbox 737 1617 899 1677; x_wconf 73' lang='lat' dir='ltr'><strong>mulieres».</strong></span> <span class='ocrx_word' id='word_1_101' title='bbox 952 1616 1002 1695; x_wconf 91' lang='grc' dir='ltr'><strong>ΙΙ,</strong></span> <span class='ocrx_word' id='word_1_102' title='bbox 1029 1622 1063 1693; x_wconf 97' lang='lat' dir='ltr'>l,</span> <span class='ocrx_word' id='word_1_103' title='bbox 1088 1618 1145 1679; x_wconf 83' lang='lat'><strong>36:</strong></span> <span class='ocrx_word' id='word_1_104' title='bbox 1180 1615 1296 1689; x_wconf 89' lang='lat' dir='ltr'><strong>aspioio</strong></span> 
     </span>
     <span class='ocr_line' id='line_1_12' title="bbox 135 1707 1297 1791; baseline 0.004 -25"><span class='ocrx_word' id='word_1_105' title='bbox 135 1708 233 1778; x_wconf 70' lang='lat' dir='ltr'><strong>[omno</strong></span> <span class='ocrx_word' id='word_1_106' title='bbox 254 1710 365 1768; x_wconf 68' lang='lat' dir='ltr'><strong>exindo</strong></span> <span class='ocrx_word' id='word_1_107' title='bbox 386 1711 547 1773; x_wconf 77' lang='lat' dir='ltr'><strong>mulierem.</strong></span> <span class='ocrx_word' id='word_1_108' title='bbox 592 1707 687 1775; x_wconf 83' lang='lat' dir='ltr'><strong>Most.</strong></span> <span class='ocrx_word' id='word_1_109' title='bbox 712 1710 742 1790; x_wconf 99' lang='grc' dir='ltr'>Ι,</span> <span class='ocrx_word' id='word_1_110' title='bbox 772 1717 806 1791; x_wconf 91' lang='grc'><strong>3,</strong></span> <span class='ocrx_word' id='word_1_111' title='bbox 834 1718 889 1777; x_wconf 83' lang='grc'><strong>49;</strong></span> <span class='ocrx_word' id='word_1_112' title='bbox 927 1716 1080 1774; x_wconf 80' lang='lat' dir='ltr'><strong>mulierem</strong></span> <span class='ocrx_word' id='word_1_113' title='bbox 1107 1715 1236 1787; x_wconf 90' lang='lat' dir='ltr'><strong>lepidam</strong></span> <span class='ocrx_word' id='word_1_114' title='bbox 1265 1718 1297 1772; x_wconf 89' lang='lat' dir='ltr'><strong>at</strong></span> 
     </span>
     <span class='ocr_line' id='line_1_13' title="bbox 134 1805 1295 1888; baseline 0.003 -23"><span class='ocrx_word' id='word_1_115' title='bbox 134 1807 241 1876; x_wconf 63' lang='lat' dir='ltr'><strong>amieo</strong></span> <span class='ocrx_word' id='word_1_116' title='bbox 263 1807 391 1879; x_wconf 72' lang='lat' dir='ltr'><strong>ispanio.</strong></span> <span class='ocrx_word' id='word_1_117' title='bbox 438 1805 566 1870; x_wconf 79' lang='lat' dir='ltr'><strong>Terent.</strong></span> <span class='ocrx_word' id='word_1_118' title='bbox 589 1806 707 1871; x_wconf 89' lang='lat' dir='ltr'><strong>Heaut.</strong></span> <span class='ocrx_word' id='word_1_119' title='bbox 732 1807 769 1887; x_wconf 92' lang='lat' dir='ltr'>V,</span> <span class='ocrx_word' id='word_1_120' title='bbox 795 1814 824 1888; x_wconf 83' lang='lat'>5,</span> <span class='ocrx_word' id='word_1_121' title='bbox 850 1814 904 1874; x_wconf 79' lang='lat'><strong>17:</strong></span> <span class='ocrx_word' id='word_1_122' title='bbox 929 1811 1074 1872; x_wconf 84' lang='lat' dir='ltr'><strong>Rufamne</strong></span> <span class='ocrx_word' id='word_1_123' title='bbox 1098 1813 1181 1871; x_wconf 86' lang='lat' dir='ltr'><strong>iiiam</strong></span> <span class='ocrx_word' id='word_1_124' title='bbox 1202 1811 1295 1883; x_wconf 78' lang='lat' dir='ltr'><strong>sirpi-</strong></span> 
     </span>
     <span class='ocr_line' id='line_1_14' title="bbox 135 1905 1297 1985; baseline 0.005 -26"><span class='ocrx_word' id='word_1_125' title='bbox 135 1920 211 1968; x_wconf 64' lang='lat' dir='ltr'><strong>mm,</strong></span> <span class='ocrx_word' id='word_1_126' title='bbox 235 1905 387 1977; x_wconf 84' lang='lat' dir='ltr'><strong>Caesiam,</strong></span> <span class='ocrx_word' id='word_1_127' title='bbox 410 1922 514 1978; x_wconf 82' lang='lat' dir='ltr'><strong>sparso</strong></span> <span class='ocrx_word' id='word_1_128' title='bbox 536 1923 594 1973; x_wconf 79' lang='lat' dir='ltr'><strong>ora,</strong></span> <span class='ocrx_word' id='word_1_129' title='bbox 616 1907 731 1967; x_wconf 76' lang='lat' dir='ltr'><strong>odanm</strong></span> <span class='ocrx_word' id='word_1_130' title='bbox 752 1910 849 1968; x_wconf 81' lang='lat' dir='ltr'><strong>noso?</strong></span> <span class='ocrx_word' id='word_1_131' title='bbox 893 1907 975 1972; x_wconf 90' lang='lat' dir='ltr'><strong>Eun.</strong></span> <span class='ocrx_word' id='word_1_132' title='bbox 999 1906 1041 1985; x_wconf 95' lang='grc' dir='ltr'><strong>ΙΙ,</strong></span> <span class='ocrx_word' id='word_1_133' title='bbox 1068 1913 1095 1985; x_wconf 95' lang='lat' dir='ltr'>l,</span> <span class='ocrx_word' id='word_1_134' title='bbox 1119 1911 1175 1969; x_wconf 82' lang='lat'><strong>24:</strong></span> <span class='ocrx_word' id='word_1_135' title='bbox 1214 1909 1297 1966; x_wconf 86' lang='lat' dir='ltr'><strong>ducit</strong></span> 
     </span>
     <span class='ocr_line' id='line_1_15' title="bbox 137 2001 1294 2081; baseline 0.005 -21"><span class='ocrx_word' id='word_1_136' title='bbox 137 2019 233 2060; x_wconf 89' lang='lat' dir='ltr'><strong>seeum</strong></span> <span class='ocrx_word' id='word_1_137' title='bbox 258 2020 318 2061; x_wconf 90' lang='lat' dir='ltr'><strong>una</strong></span> <span class='ocrx_word' id='word_1_138' title='bbox 339 2004 486 2075; x_wconf 75' lang='lat' dir='ltr'><strong>virginem</strong></span> <span class='ocrx_word' id='word_1_139' title='bbox 500 2005 577 2064; x_wconf 90' lang='lat' dir='ltr'><strong>dono</strong></span> <span class='ocrx_word' id='word_1_140' title='bbox 593 2004 675 2063; x_wconf 88' lang='lat' dir='ltr'><strong>huie:</strong></span> <span class='ocrx_word' id='word_1_141' title='bbox 698 2022 805 2080; x_wconf 88' lang='lat' dir='ltr'><strong>papae,</strong></span> <span class='ocrx_word' id='word_1_142' title='bbox 830 2007 924 2066; x_wconf 78' lang='lat' dir='ltr'><strong>Facio</strong></span> <span class='ocrx_word' id='word_1_143' title='bbox 947 2008 1075 2067; x_wconf 77' lang='lat' dir='ltr'><strong>honesto.</strong></span> <span class='ocrx_word' id='word_1_144' title='bbox 1121 2002 1202 2065; x_wconf 90' lang='lat' dir='ltr'><strong>And.</strong></span> <span class='ocrx_word' id='word_1_145' title='bbox 1215 2001 1241 2080; x_wconf 92' lang='grc' dir='ltr'>Ι,</span> <span class='ocrx_word' id='word_1_146' title='bbox 1267 2007 1294 2081; x_wconf 94' lang='grc' dir='ltr'>Ι,</span> 
     </span>
     <span class='ocr_line' id='line_1_16' title="bbox 137 2098 1296 2176; baseline 0.001 -18"><span class='ocrx_word' id='word_1_147' title='bbox 137 2101 171 2159; x_wconf 86' lang='grc'><strong>91</strong></span> <span class='ocrx_word' id='word_1_148' title='bbox 196 2114 280 2176; x_wconf 63' lang='lat' dir='ltr'><strong>squ:</strong></span> <span class='ocrx_word' id='word_1_149' title='bbox 303 2098 383 2160; x_wconf 85' lang='lat' dir='ltr'><strong>forte</strong></span> <span class='ocrx_word' id='word_1_150' title='bbox 399 2118 485 2159; x_wconf 89' lang='lat' dir='ltr'><strong>unam</strong></span> <span class='ocrx_word' id='word_1_151' title='bbox 503 2103 616 2175; x_wconf 85' lang='lat' dir='ltr'><strong>aspicio</strong></span> <span class='ocrx_word' id='word_1_152' title='bbox 637 2101 894 2171; x_wconf 74' lang='lat' dir='ltr'><strong>adolescentulam,</strong></span> <span class='ocrx_word' id='word_1_153' title='bbox 918 2107 1030 2163; x_wconf 61' lang='lat' dir='ltr'><strong>mmo</strong></span> <span class='ocrx_word' id='word_1_154' title='bbox 1052 2100 1112 2166; x_wconf 86' lang='lat' dir='ltr'><strong>SO.</strong></span> <span class='ocrx_word' id='word_1_155' title='bbox 1128 2104 1220 2162; x_wconf 81' lang='lat' dir='ltr'><strong>Bono</strong></span> <span class='ocrx_word' id='word_1_156' title='bbox 1235 2101 1296 2160; x_wconf 84' lang='lat' dir='ltr'><strong>ior·</strong></span> 
     </span>
     <span class='ocr_line' id='line_1_17' title="bbox 137 2193 1295 2273; baseline 0.002 -18"><span class='ocrx_word' id='word_1_157' title='bbox 137 2205 222 2256; x_wconf 82' lang='lat' dir='ltr'><strong>tasse.</strong></span> <span class='ocrx_word' id='word_1_158' title='bbox 247 2193 296 2258; x_wconf 90' lang='lat' dir='ltr'><strong>SI.</strong></span> <span class='ocrx_word' id='word_1_159' title='bbox 314 2206 344 2256; x_wconf 85' lang='lat' dir='ltr'><strong>et</strong></span> <span class='ocrx_word' id='word_1_160' title='bbox 360 2198 451 2264; x_wconf 78' lang='lat' dir='ltr'><strong>voitu,</strong></span> <span class='ocrx_word' id='word_1_161' title='bbox 474 2198 567 2271; x_wconf 87' lang='lat' dir='ltr'><strong>Sosia,</strong></span> <span class='ocrx_word' id='word_1_162' title='bbox 590 2200 676 2259; x_wconf 88' lang='lat' dir='ltr'><strong>Adeo</strong></span> <span class='ocrx_word' id='word_1_163' title='bbox 690 2201 826 2266; x_wconf 73' lang='lat' dir='ltr'><strong>nodato,</strong></span> <span class='ocrx_word' id='word_1_164' title='bbox 848 2201 922 2261; x_wconf 91' lang='lat' dir='ltr'><strong>adeo</strong></span> <span class='ocrx_word' id='word_1_165' title='bbox 936 2206 1065 2268; x_wconf 56' lang='lat' dir='ltr'><strong>venato,</strong></span> <span class='ocrx_word' id='word_1_166' title='bbox 1087 2208 1121 2260; x_wconf 90' lang='lat' dir='ltr'><strong>ut</strong></span> <span class='ocrx_word' id='word_1_167' title='bbox 1136 2201 1179 2259; x_wconf 92' lang='lat' dir='ltr'><strong>nil</strong></span> <span class='ocrx_word' id='word_1_168' title='bbox 1196 2217 1295 2273; x_wconf 90' lang='lat' dir='ltr'><strong>supra.</strong></span> 
     </span>
     <span class='ocr_line' id='line_1_18' title="bbox 139 2287 1291 2372; baseline 0.003 -19"><span class='ocrx_word' id='word_1_169' title='bbox 139 2287 269 2370; x_wconf 79' lang='lat' dir='ltr'><strong>Adelph.</strong></span> <span class='ocrx_word' id='word_1_170' title='bbox 286 2290 346 2370; x_wconf 92' lang='lat' dir='ltr'>III,</span> <span class='ocrx_word' id='word_1_171' title='bbox 371 2298 400 2371; x_wconf 89' lang='grc'><strong>3,</strong></span> <span class='ocrx_word' id='word_1_172' title='bbox 422 2296 479 2356; x_wconf 87' lang='lat'><strong>86:</strong></span> <span class='ocrx_word' id='word_1_173' title='bbox 502 2295 611 2354; x_wconf 75' lang='lat' dir='ltr'><strong>cisium</strong></span> <span class='ocrx_word' id='word_1_174' title='bbox 625 2327 668 2337; x_wconf 89' lang='lat'>—</span> <span class='ocrx_word' id='word_1_175' title='bbox 683 2299 809 2369; x_wconf 64' lang='lat' dir='ltr'><strong>antinoo</strong></span> <span class='ocrx_word' id='word_1_176' title='bbox 826 2300 936 2359; x_wconf 77' lang='lat' dir='ltr'><strong>virtute</strong></span> <span class='ocrx_word' id='word_1_177' title='bbox 957 2316 993 2359; x_wconf 85' lang='lat' dir='ltr'><strong>aa</strong></span> <span class='ocrx_word' id='word_1_178' title='bbox 1016 2299 1082 2369; x_wconf 78' lang='lat' dir='ltr'><strong>fide.</strong></span> <span class='ocrx_word' id='word_1_179' title='bbox 1106 2294 1186 2358; x_wconf 90' lang='lat' dir='ltr'><strong>And.</strong></span> <span class='ocrx_word' id='word_1_180' title='bbox 1209 2293 1234 2372; x_wconf 95' lang='grc' dir='ltr'>Ι,</span> <span class='ocrx_word' id='word_1_181' title='bbox 1262 2298 1291 2372; x_wconf 92' lang='lat' dir='ltr'>l,</span> 
     </span>
     <span class='ocr_line' id='line_1_19' title="bbox 137 2392 1294 2469; baseline -0.002 -18"><span class='ocrx_word' id='word_1_182' title='bbox 137 2392 174 2451; x_wconf 81' lang='lat'><strong>42</strong></span> <span class='ocrx_word' id='word_1_183' title='bbox 196 2405 281 2469; x_wconf 82' lang='lat' dir='ltr'><strong>sqq.:</strong></span> <span class='ocrx_word' id='word_1_184' title='bbox 309 2392 419 2451; x_wconf 74' lang='lat' dir='ltr'><strong>molier</strong></span> <span class='ocrx_word' id='word_1_185' title='bbox 445 2393 588 2467; x_wconf 89' lang='lat' dir='ltr'><strong>quaedam</strong></span> <span class='ocrx_word' id='word_1_186' title='bbox 615 2427 652 2438; x_wconf 98' lang='lat'><strong>—</strong></span> <span class='ocrx_word' id='word_1_187' title='bbox 676 2395 797 2467; x_wconf 70' lang='lat' dir='ltr'><strong>egregia</strong></span> <span class='ocrx_word' id='word_1_188' title='bbox 818 2395 918 2465; x_wconf 84' lang='lat' dir='ltr'><strong>formo</strong></span> <span class='ocrx_word' id='word_1_189' title='bbox 940 2402 1028 2469; x_wconf 90' lang='lat' dir='ltr'><strong>atque</strong></span> <span class='ocrx_word' id='word_1_190' title='bbox 1052 2398 1146 2455; x_wconf 80' lang='lat' dir='ltr'><strong>oetoto</strong></span> <span class='ocrx_word' id='word_1_191' title='bbox 1167 2394 1294 2465; x_wconf 76' lang='lat' dir='ltr'><strong>integro.</strong></span> 
     </span>
     <span class='ocr_line' id='line_1_20' title="bbox 216 2486 1296 2570; baseline 0 -19"><span class='ocrx_word' id='word_1_192' title='bbox 216 2486 342 2551; x_wconf 86' lang='lat' dir='ltr'><strong>Deinde</strong></span> <span class='ocrx_word' id='word_1_193' title='bbox 370 2487 571 2552; x_wconf 85' lang='lat' dir='ltr'><strong>substantiva</strong></span> <span class='ocrx_word' id='word_1_194' title='bbox 598 2506 668 2552; x_wconf 89' lang='lat' dir='ltr'><strong>cum</strong></span> <span class='ocrx_word' id='word_1_195' title='bbox 696 2489 850 2555; x_wconf 88' lang='lat' dir='ltr'><strong>adverbio</strong></span> <span class='ocrx_word' id='word_1_196' title='bbox 879 2490 1027 2570; x_wconf 90' lang='lat' dir='ltr'><strong>apposito</strong></span> <span class='ocrx_word' id='word_1_197' title='bbox 1054 2490 1087 2552; x_wconf 93' lang='lat' dir='ltr'><strong>in</strong></span> <span class='ocrx_word' id='word_1_198' title='bbox 1114 2506 1209 2552; x_wconf 93' lang='lat' dir='ltr'><strong>unam</strong></span> <span class='ocrx_word' id='word_1_199' title='bbox 1238 2504 1296 2552; x_wconf 95' lang='lat' dir='ltr'><strong>no·</strong></span> 
     </span>
     <span class='ocr_line' id='line_1_21' title="bbox 136 2584 1296 2667; baseline -0.001 -21"><span class='ocrx_word' id='word_1_200' title='bbox 136 2585 250 2647; x_wconf 88' lang='lat' dir='ltr'><strong>tionem</strong></span> <span class='ocrx_word' id='word_1_201' title='bbox 278 2585 529 2666; x_wconf 88' lang='lat' dir='ltr'><strong>coniunguntur,</strong></span> <span class='ocrx_word' id='word_1_202' title='bbox 563 2602 644 2665; x_wconf 88' lang='lat' dir='ltr'><strong>quae</strong></span> <span class='ocrx_word' id='word_1_203' title='bbox 672 2584 777 2666; x_wconf 89' lang='lat' dir='ltr'><strong>figura</strong></span> <span class='ocrx_word' id='word_1_204' title='bbox 805 2606 825 2649; x_wconf 91' lang='lat' dir='ltr'><strong>a</strong></span> <span class='ocrx_word' id='word_1_205' title='bbox 853 2586 1068 2667; x_wconf 83' lang='lat' dir='ltr'><strong>grammaticis</strong></span> <span class='ocrx_word' id='word_1_206' title='bbox 1099 2585 1195 2664; x_wconf 87' lang='lat' dir='ltr'><strong>vulgo</strong></span> <span class='ocrx_word' id='word_1_207' title='bbox 1229 2588 1296 2660; x_wconf 73' lang='lat' dir='ltr'><strong>Hy-</strong></span> 
     </span>
     <span class='ocr_line' id='line_1_22' title="bbox 132 2681 1297 2763; baseline 0 -20"><span class='ocrx_word' id='word_1_208' title='bbox 132 2685 207 2755; x_wconf 77' lang='lat' dir='ltr'><strong>poen</strong></span> <span class='ocrx_word' id='word_1_209' title='bbox 235 2682 355 2745; x_wconf 87' lang='lat' dir='ltr'><strong>dicitur</strong></span> <span class='ocrx_word' id='word_1_210' title='bbox 390 2682 506 2760; x_wconf 84' lang='lat' dir='ltr'><strong>(Rudd.</strong></span> <span class='ocrx_word' id='word_1_211' title='bbox 536 2683 584 2761; x_wconf 91' lang='grc' dir='ltr'><strong>ΙΙ,</strong></span> <span class='ocrx_word' id='word_1_212' title='bbox 618 2702 648 2762; x_wconf 92' lang='lat' dir='ltr'><strong>p.</strong></span> <span class='ocrx_word' id='word_1_213' title='bbox 678 2689 739 2747; x_wconf 88' lang='grc'><strong>396</strong></span> <span class='ocrx_word' id='word_1_214' title='bbox 770 2686 877 2748; x_wconf 87' lang='lat' dir='ltr'><strong>adnot.</strong></span> <span class='ocrx_word' id='word_1_215' title='bbox 910 2686 976 2763; x_wconf 71' lang='lat'>10),</span> <span class='ocrx_word' id='word_1_216' title='bbox 1014 2689 1085 2762; x_wconf 91' lang='lat' dir='ltr'><strong>aut,</strong></span> <span class='ocrx_word' id='word_1_217' title='bbox 1122 2681 1206 2762; x_wconf 87' lang='lat' dir='ltr'><strong>quod</strong></span> <span class='ocrx_word' id='word_1_218' title='bbox 1236 2699 1297 2744; x_wconf 93' lang='lat' dir='ltr'><strong>non</strong></span> 
     </span>
     <span class='ocr_line' id='line_1_23' title="bbox 134 2778 1297 2862; baseline 0.002 -22"><span class='ocrx_word' id='word_1_219' title='bbox 134 2780 263 2843; x_wconf 81' lang='lat' dir='ltr'><strong>mult-um</strong></span> <span class='ocrx_word' id='word_1_220' title='bbox 297 2779 463 2843; x_wconf 87' lang='lat' dir='ltr'><strong>diversum</strong></span> <span class='ocrx_word' id='word_1_221' title='bbox 497 2785 561 2858; x_wconf 90' lang='lat' dir='ltr'><strong>est,</strong></span> <span class='ocrx_word' id='word_1_222' title='bbox 596 2798 666 2844; x_wconf 87' lang='lat' dir='ltr'><strong>cum</strong></span> <span class='ocrx_word' id='word_1_223' title='bbox 702 2782 940 2862; x_wconf 85' lang='lat' dir='ltr'><strong>praepositione</strong></span> <span class='ocrx_word' id='word_1_224' title='bbox 974 2781 1084 2844; x_wconf 92' lang='lat' dir='ltr'><strong>addito</strong></span> <span class='ocrx_word' id='word_1_225' title='bbox 1125 2778 1188 2843; x_wconf 91' lang='lat' dir='ltr'><strong>alio</strong></span> <span class='ocrx_word' id='word_1_226' title='bbox 1222 2778 1297 2842; x_wconf 90' lang='lat' dir='ltr'><strong>sub·</strong></span> 
     </span>
     <span class='ocr_line' id='line_1_24' title="bbox 137 2876 1296 2958; baseline 0.001 -20"><span class='ocrx_word' id='word_1_227' title='bbox 137 2879 271 2940; x_wconf 70' lang='lat' dir='ltr'><strong>sundro</strong></span> <span class='ocrx_word' id='word_1_228' title='bbox 295 2894 335 2940; x_wconf 84' lang='lat' dir='ltr'><strong>ex</strong></span> <span class='ocrx_word' id='word_1_229' title='bbox 355 2877 412 2939; x_wconf 84' lang='lat' dir='ltr'><strong>illa</strong></span> <span class='ocrx_word' id='word_1_230' title='bbox 433 2878 603 2956; x_wconf 87' lang='lat' dir='ltr'><strong>pendente.</strong></span> <span class='ocrx_word' id='word_1_231' title='bbox 642 2877 713 2942; x_wconf 92' lang='lat' dir='ltr'><strong>Uno</strong></span> <span class='ocrx_word' id='word_1_232' title='bbox 737 2878 808 2942; x_wconf 86' lang='lat' dir='ltr'><strong>loco</strong></span> <span class='ocrx_word' id='word_1_233' title='bbox 833 2878 966 2958; x_wconf 82' lang='lat' dir='ltr'><strong>simplex</strong></span> <span class='ocrx_word' id='word_1_234' title='bbox 995 2877 1123 2958; x_wconf 89' lang='lat' dir='ltr'><strong>negatio</strong></span> <span class='ocrx_word' id='word_1_235' title='bbox 1147 2876 1296 2940; x_wconf 89' lang='lat' dir='ltr'><strong>substan·</strong></span> 
     </span>
     <span class='ocr_line' id='line_1_25' title="bbox 136 2974 1295 3056; baseline -0.003 -20"><span class='ocrx_word' id='word_1_236' title='bbox 136 2974 195 3036; x_wconf 77' lang='lat' dir='ltr'><strong>tiro</strong></span> <span class='ocrx_word' id='word_1_237' title='bbox 217 2974 368 3053; x_wconf 87' lang='lat' dir='ltr'><strong>apposita</strong></span> <span class='ocrx_word' id='word_1_238' title='bbox 391 2980 450 3056; x_wconf 85' lang='lat' dir='ltr'><strong>est,</strong></span> <span class='ocrx_word' id='word_1_239' title='bbox 472 2974 577 3038; x_wconf 81' lang='lat' dir='ltr'><strong>Plani.</strong></span> <span class='ocrx_word' id='word_1_240' title='bbox 594 2975 681 3038; x_wconf 85' lang='lat' dir='ltr'><strong>Asin.</strong></span> <span class='ocrx_word' id='word_1_241' title='bbox 702 2974 757 3054; x_wconf 94' lang='lat' dir='ltr'>IV,</span> <span class='ocrx_word' id='word_1_242' title='bbox 784 2981 811 3055; x_wconf 91' lang='grc'><strong>1,</strong></span> <span class='ocrx_word' id='word_1_243' title='bbox 835 2980 996 3040; x_wconf 84' lang='lat' dir='ltr'><strong>63:·Haac</strong></span> <span class='ocrx_word' id='word_1_244' title='bbox 1018 2984 1088 3038; x_wconf 88' lang='lat' dir='ltr'><strong>snut</strong></span> <span class='ocrx_word' id='word_1_245' title='bbox 1109 2994 1168 3034; x_wconf 81' lang='lat' dir='ltr'><strong>oon</strong></span> <span class='ocrx_word' id='word_1_246' title='bbox 1189 2991 1295 3048; x_wconf 73' lang='lat' dir='ltr'><strong>napae.</strong></span> 
     </span>
     <span class='ocr_line' id='line_1_26' title="bbox 136 3070 1294 3150; baseline 0 -17"><span class='ocrx_word' id='word_1_247' title='bbox 136 3070 244 3150; x_wconf 87' lang='lat' dir='ltr'><strong>Amph.</strong></span> <span class='ocrx_word' id='word_1_248' title='bbox 268 3071 310 3147; x_wconf 87' lang='lat' dir='ltr'><strong>IL</strong></span> <span class='ocrx_word' id='word_1_249' title='bbox 335 3075 364 3148; x_wconf 84' lang='lat'>2,</span> <span class='ocrx_word' id='word_1_250' title='bbox 392 3075 468 3134; x_wconf 85' lang='lat'>138:</span> <span class='ocrx_word' id='word_1_251' title='bbox 499 3075 580 3134; x_wconf 83' lang='lat' dir='ltr'><strong>intas</strong></span> <span class='ocrx_word' id='word_1_252' title='bbox 605 3079 744 3146; x_wconf 84' lang='lat' dir='ltr'><strong>poteram</strong></span> <span class='ocrx_word' id='word_1_253' title='bbox 770 3075 905 3150; x_wconf 83' lang='lat' dir='ltr'><strong>proferto</strong></span> <span class='ocrx_word' id='word_1_254' title='bbox 932 3075 1022 3135; x_wconf 80' lang='lat' dir='ltr'><strong>foras.</strong></span> <span class='ocrx_word' id='word_1_255' title='bbox 1060 3072 1146 3135; x_wconf 85' lang='lat' dir='ltr'><strong>Pers.</strong></span> <span class='ocrx_word' id='word_1_256' title='bbox 1170 3070 1234 3147; x_wconf 89' lang='grc' dir='ltr'>ΙΗ,</span> <span class='ocrx_word' id='word_1_257' title='bbox 1267 3074 1294 3148; x_wconf 94' lang='grc' dir='ltr'>Ι,</span> 
     </span>
     <span class='ocr_line' id='line_1_27' title="bbox 137 3167 1295 3244; baseline 0.001 -14"><span class='ocrx_word' id='word_1_258' title='bbox 137 3172 185 3230; x_wconf 78' lang='lat'><strong>57:</strong></span> <span class='ocrx_word' id='word_1_259' title='bbox 219 3189 278 3230; x_wconf 94' lang='lat' dir='ltr'><strong>non</strong></span> <span class='ocrx_word' id='word_1_260' title='bbox 310 3177 343 3229; x_wconf 89' lang='lat' dir='ltr'><strong>tu</strong></span> <span class='ocrx_word' id='word_1_261' title='bbox 364 3187 445 3230; x_wconf 80' lang='lat' dir='ltr'><strong>nuno</strong></span> <span class='ocrx_word' id='word_1_262' title='bbox 473 3172 624 3230; x_wconf 78' lang='lat' dir='ltr'><strong>homiuum</strong></span> <span class='ocrx_word' id='word_1_263' title='bbox 654 3190 752 3232; x_wconf 91' lang='lat' dir='ltr'><strong>mores</strong></span> <span class='ocrx_word' id='word_1_264' title='bbox 781 3168 883 3233; x_wconf 74' lang='lat' dir='ltr'><strong>videat</strong></span> <span class='ocrx_word' id='word_1_265' title='bbox 928 3170 1055 3234; x_wconf 79' lang='lat' dir='ltr'><strong>Terent.</strong></span> <span class='ocrx_word' id='word_1_266' title='bbox 1084 3169 1181 3232; x_wconf 85' lang='lat' dir='ltr'><strong>Andr.</strong></span> <span class='ocrx_word' id='word_1_267' title='bbox 1205 3167 1235 3244; x_wconf 95' lang='lat' dir='ltr'>I,</span> <span class='ocrx_word' id='word_1_268' title='bbox 1265 3172 1295 3244; x_wconf 87' lang='lat'>2,</span> 
     </span>
     <span class='ocr_line' id='line_1_28' title="bbox 134 3265 1295 3344; baseline 0 -17"><span class='ocrx_word' id='word_1_269' title='bbox 134 3272 166 3327; x_wconf 81' lang='lat'><strong>4:</strong></span> <span class='ocrx_word' id='word_1_270' title='bbox 199 3270 243 3327; x_wconf 91' lang='lat' dir='ltr'><strong>eri</strong></span> <span class='ocrx_word' id='word_1_271' title='bbox 270 3285 383 3339; x_wconf 79' lang='lat' dir='ltr'><strong>seraper</strong></span> <span class='ocrx_word' id='word_1_272' title='bbox 409 3269 514 3326; x_wconf 78' lang='lat' dir='ltr'><strong>lenitas</strong></span> <span class='ocrx_word' id='word_1_273' title='bbox 546 3269 678 3328; x_wconf 88' lang='lat' dir='ltr'><strong>Verebar</strong></span> <span class='ocrx_word' id='word_1_274' title='bbox 711 3287 850 3343; x_wconf 85' lang='lat' dir='ltr'><strong>quorsum</strong></span> <span class='ocrx_word' id='word_1_275' title='bbox 882 3269 1040 3342; x_wconf 87' lang='lat' dir='ltr'><strong>evaderet,</strong></span> <span class='ocrx_word' id='word_1_276' title='bbox 1076 3265 1160 3344; x_wconf 86' lang='lat' dir='ltr'><strong>quod</strong></span> <span class='ocrx_word' id='word_1_277' title='bbox 1183 3282 1295 3329; x_wconf 85' lang='lat' dir='ltr'><strong>secun·</strong></span> 
     </span>
     <span class='ocr_line' id='line_1_29' title="bbox 135 3361 1294 3443; baseline 0.001 -19"><span class='ocrx_word' id='word_1_278' title='bbox 135 3361 204 3425; x_wconf 89' lang='lat' dir='ltr'><strong>dum</strong></span> <span class='ocrx_word' id='word_1_279' title='bbox 226 3364 406 3441; x_wconf 83' lang='lat' dir='ltr'><strong>Donatum,</strong></span> <span class='ocrx_word' id='word_1_280' title='bbox 438 3363 631 3436; x_wconf 89' lang='lat' dir='ltr'><strong>Dacieriam,</strong></span> <span class='ocrx_word' id='word_1_281' title='bbox 661 3362 858 3427; x_wconf 86' lang='lat' dir='ltr'><strong>Schellerum</strong></span> <span class='ocrx_word' id='word_1_282' title='bbox 880 3364 912 3426; x_wconf 92' lang='lat' dir='ltr'><strong>in</strong></span> <span class='ocrx_word' id='word_1_283' title='bbox 935 3381 1066 3443; x_wconf 89' lang='lat' dir='ltr'><strong>gramm.</strong></span> <span class='ocrx_word' id='word_1_284' title='bbox 1090 3363 1143 3425; x_wconf 92' lang='lat' dir='ltr'><strong>lat.</strong></span> <span class='ocrx_word' id='word_1_285' title='bbox 1168 3379 1197 3442; x_wconf 89' lang='lat' dir='ltr'><strong>p.</strong></span> <span class='ocrx_word' id='word_1_286' title='bbox 1222 3366 1294 3439; x_wconf 84' lang='grc'>742,</span> 
     </span>
     <span class='ocr_line' id='line_1_30' title="bbox 135 3458 1292 3539; baseline 0 -18"><span class='ocrx_word' id='word_1_287' title='bbox 135 3458 292 3534; x_wconf 85' lang='lat' dir='ltr'><strong>Bothium,</strong></span> <span class='ocrx_word' id='word_1_288' title='bbox 317 3458 565 3538; x_wconf 84' lang='lat' dir='ltr'><strong>Schmiederum,</strong></span> <span class='ocrx_word' id='word_1_289' title='bbox 588 3461 752 3535; x_wconf 89' lang='lat' dir='ltr'><strong>Zeunium,</strong></span> <span class='ocrx_word' id='word_1_290' title='bbox 781 3460 951 3537; x_wconf 89' lang='lat' dir='ltr'><strong>Ritterum,</strong></span> <span class='ocrx_word' id='word_1_291' title='bbox 967 3460 1144 3539; x_wconf 91' lang='lat' dir='ltr'><strong>Reisigium</strong></span> <span class='ocrx_word' id='word_1_292' title='bbox 1160 3476 1292 3538; x_wconf 80' lang='lat' dir='ltr'><strong>gramm.</strong></span> 
     </span>
     <span class='ocr_line' id='line_1_31' title="bbox 137 3548 1294 3636; baseline 0.001 -19"><span class='ocrx_word' id='word_1_293' title='bbox 137 3555 184 3620; x_wconf 86' lang='lat' dir='ltr'><strong>lat.</strong></span> <span class='ocrx_word' id='word_1_294' title='bbox 207 3576 239 3636; x_wconf 94' lang='lat' dir='ltr'><strong>p.</strong></span> <span class='ocrx_word' id='word_1_295' title='bbox 265 3560 327 3620; x_wconf 87' lang='grc'><strong>392</strong></span> <span class='ocrx_word' id='word_1_296' title='bbox 355 3556 463 3634; x_wconf 88' lang='lat' dir='ltr'><strong>ibique</strong></span> <span class='ocrx_word' id='word_1_297' title='bbox 485 3548 638 3620; x_wconf 81' lang='lat' dir='ltr'><strong>Haasium</strong></span> <span class='ocrx_word' id='word_1_298' title='bbox 668 3557 774 3621; x_wconf 89' lang='lat' dir='ltr'><strong>adnot.</strong></span> <span class='ocrx_word' id='word_1_299' title='bbox 801 3563 860 3621; x_wconf 82' lang='lat'><strong>391</strong></span> <span class='ocrx_word' id='word_1_300' title='bbox 891 3556 974 3620; x_wconf 92' lang='lat' dir='ltr'><strong>idem</strong></span> <span class='ocrx_word' id='word_1_301' title='bbox 1004 3562 1056 3618; x_wconf 92' lang='lat' dir='ltr'><strong>est</strong></span> <span class='ocrx_word' id='word_1_302' title='bbox 1077 3573 1114 3618; x_wconf 91' lang='lat' dir='ltr'><strong>ac</strong></span> <span class='ocrx_word' id='word_1_303' title='bbox 1136 3560 1294 3635; x_wconf 88' lang='lat' dir='ltr'><strong>perpetua</strong></span> 
     </span>
     <span class='ocr_line' id='line_1_32' title="bbox 137 3651 1295 3732; baseline -0.001 -17"><span class='ocrx_word' id='word_1_304' title='bbox 137 3653 261 3730; x_wconf 82' lang='lat' dir='ltr'><strong>lenitas3</strong></span> <span class='ocrx_word' id='word_1_305' title='bbox 290 3653 454 3732; x_wconf 77' lang='lat' dir='ltr'><strong>Guyetus,</strong></span> <span class='ocrx_word' id='word_1_306' title='bbox 478 3653 665 3732; x_wconf 87' lang='lat' dir='ltr'><strong>Boeclerus,</strong></span> <span class='ocrx_word' id='word_1_307' title='bbox 689 3654 946 3732; x_wconf 80' lang='lat' dir='ltr'><strong>westerhovius,</strong></span> <span class='ocrx_word' id='word_1_308' title='bbox 969 3651 1196 3730; x_wconf 89' lang='lat' dir='ltr'><strong>Ruhnkenius,</strong></span> <span class='ocrx_word' id='word_1_309' title='bbox 1219 3651 1295 3716; x_wconf 89' lang='lat' dir='ltr'><strong>Per·</strong></span> 
     </span>
     <span class='ocr_line' id='line_1_33' title="bbox 136 3748 1295 3845; baseline 0 -35"><span class='ocrx_word' id='word_1_310' title='bbox 136 3748 222 3828; x_wconf 87' lang='lat' dir='ltr'><strong>letus,</strong></span> <span class='ocrx_word' id='word_1_311' title='bbox 246 3749 493 3845; x_wconf 58' lang='lat' dir='ltr'><strong>lfikenscherus,</strong></span> <span class='ocrx_word' id='word_1_312' title='bbox 516 3750 746 3817; x_wconf 86' lang='lat' dir='ltr'><strong>Ramshornius</strong></span> <span class='ocrx_word' id='word_1_313' title='bbox 768 3752 801 3814; x_wconf 92' lang='lat' dir='ltr'><strong>in</strong></span> <span class='ocrx_word' id='word_1_314' title='bbox 822 3768 955 3831; x_wconf 89' lang='lat' dir='ltr'><strong>gramm.</strong></span> <span class='ocrx_word' id='word_1_315' title='bbox 972 3750 1026 3813; x_wconf 91' lang='lat' dir='ltr'><strong>lat.</strong></span> <span class='ocrx_word' id='word_1_316' title='bbox 1043 3767 1073 3829; x_wconf 94' lang='lat' dir='ltr'><strong>p.</strong></span> <span class='ocrx_word' id='word_1_317' title='bbox 1091 3756 1152 3813; x_wconf 81' lang='lat'><strong>715</strong></span> <span class='ocrx_word' id='word_1_318' title='bbox 1176 3767 1295 3824; x_wconf 88' lang='lat' dir='ltr'><strong>semper</strong></span> 
     </span>
     <span class='ocr_line' id='line_1_34' title="bbox 137 3846 1295 3926; baseline 0 -17"><span class='ocrx_word' id='word_1_319' title='bbox 137 3847 172 3909; x_wconf 92' lang='lat' dir='ltr'><strong>ad</strong></span> <span class='ocrx_word' id='word_1_320' title='bbox 196 3847 329 3911; x_wconf 83' lang='lat' dir='ltr'><strong>verbum</strong></span> <span class='ocrx_word' id='word_1_321' title='bbox 352 3851 478 3909; x_wconf 86' lang='lat' dir='ltr'><strong>verebar</strong></span> <span class='ocrx_word' id='word_1_322' title='bbox 502 3848 700 3912; x_wconf 87' lang='lat' dir='ltr'><strong>referendum</strong></span> <span class='ocrx_word' id='word_1_323' title='bbox 724 3867 797 3912; x_wconf 87' lang='lat' dir='ltr'><strong>esse</strong></span> <span class='ocrx_word' id='word_1_324' title='bbox 822 3854 966 3926; x_wconf 88' lang='lat' dir='ltr'><strong>censent;</strong></span> <span class='ocrx_word' id='word_1_325' title='bbox 1000 3846 1079 3910; x_wconf 88' lang='lat' dir='ltr'><strong>illud</strong></span> <span class='ocrx_word' id='word_1_326' title='bbox 1105 3852 1213 3910; x_wconf 88' lang='lat' dir='ltr'><strong>tamen</strong></span> <span class='ocrx_word' id='word_1_327' title='bbox 1241 3863 1295 3909; x_wconf 86' lang='lat' dir='ltr'><strong>ve-</strong></span> 
     </span>
     <span class='ocr_line' id='line_1_35' title="bbox 137 3943 1295 4025; baseline 0.001 -21"><span class='ocrx_word' id='word_1_328' title='bbox 137 3962 201 4007; x_wconf 90' lang='lat' dir='ltr'><strong>rum</strong></span> <span class='ocrx_word' id='word_1_329' title='bbox 224 3950 289 4025; x_wconf 89' lang='lat' dir='ltr'><strong>est,</strong></span> <span class='ocrx_word' id='word_1_330' title='bbox 312 3963 385 4009; x_wconf 89' lang='lat' dir='ltr'><strong>nam</strong></span> <span class='ocrx_word' id='word_1_331' title='bbox 406 3950 496 4009; x_wconf 82' lang='lat' dir='ltr'><strong>r&#39;ecte</strong></span> <span class='ocrx_word' id='word_1_332' title='bbox 518 3946 662 4010; x_wconf 88' lang='lat' dir='ltr'><strong>Ritterus</strong></span> <span class='ocrx_word' id='word_1_333' title='bbox 686 3946 777 4023; x_wconf 87' lang='lat' dir='ltr'><strong>dicit,</strong></span> <span class='ocrx_word' id='word_1_334' title='bbox 813 3946 841 4009; x_wconf 92' lang='lat' dir='ltr'><strong>si</strong></span> <span class='ocrx_word' id='word_1_335' title='bbox 863 3964 982 4021; x_wconf 87' lang='lat' dir='ltr'><strong>semper</strong></span> <span class='ocrx_word' id='word_1_336' title='bbox 1004 3943 1045 4008; x_wconf 92' lang='lat' dir='ltr'><strong>ad</strong></span> <span class='ocrx_word' id='word_1_337' title='bbox 1068 3943 1200 4008; x_wconf 86' lang='lat' dir='ltr'><strong>verbnm</strong></span> <span class='ocrx_word' id='word_1_338' title='bbox 1223 3960 1295 4021; x_wconf 91' lang='lat' dir='ltr'><strong>spe-</strong></span> 
     </span>
     <span class='ocr_line' id='line_1_36' title="bbox 139 4038 1379 4122; baseline 0.001 -22"><span class='ocrx_word' id='word_1_339' title='bbox 139 4047 218 4105; x_wconf 81' lang='lat' dir='ltr'><strong>ctare</strong></span> <span class='ocrx_word' id='word_1_340' title='bbox 241 4042 398 4106; x_wconf 88' lang='lat' dir='ltr'><strong>voluisset</strong></span> <span class='ocrx_word' id='word_1_341' title='bbox 420 4049 538 4122; x_wconf 81' lang='lat' dir='ltr'><strong>poeta,</strong></span> <span class='ocrx_word' id='word_1_342' title='bbox 558 4050 635 4106; x_wconf 79' lang='lat' dir='ltr'><strong>sum</strong></span> <span class='ocrx_word' id='word_1_343' title='bbox 660 4043 834 4107; x_wconf 88' lang='lat' dir='ltr'><strong>seeundum</strong></span> <span class='ocrx_word' id='word_1_344' title='bbox 858 4046 1056 4107; x_wconf 81' lang='lat' dir='ltr'><strong>constantem</strong></span> <span class='ocrx_word' id='word_1_345' title='bbox 1080 4057 1171 4103; x_wconf 91' lang='lat' dir='ltr'><strong>nsum</strong></span> <span class='ocrx_word' id='word_1_346' title='bbox 1196 4040 1226 4102; x_wconf 91' lang='lat' dir='ltr'><strong>ei</strong></span> <span class='ocrx_word' id='word_1_347' title='bbox 1248 4038 1294 4101; x_wconf 89' lang='lat' dir='ltr'><strong>di·</strong></span> <span class='ocrx_word' id='word_1_348' title='bbox 1373 4076 1379 4085; x_wconf 85' lang='lat'><em>·</em></span> 
     </span>
     <span class='ocr_line' id='line_1_37' title="bbox 140 4138 1295 4216; baseline -0.002 -17"><span class='ocrx_word' id='word_1_349' title='bbox 140 4138 264 4203; x_wconf 82' lang='lat' dir='ltr'><strong>eandum</strong></span> <span class='ocrx_word' id='word_1_350' title='bbox 293 4139 391 4204; x_wconf 77' lang='lat' dir='ltr'><strong>fuisse</strong></span> <span class='ocrx_word' id='word_1_351' title='bbox 416 4160 536 4216; x_wconf 82' lang='lat' dir='ltr'><strong>semper</strong></span> <span class='ocrx_word' id='word_1_352' title='bbox 558 4146 671 4203; x_wconf 88' lang='lat' dir='ltr'><strong>veritus</strong></span> <span class='ocrx_word' id='word_1_353' title='bbox 695 4161 767 4203; x_wconf 91' lang='lat' dir='ltr'><strong>sum.</strong></span> <span class='ocrx_word' id='word_1_354' title='bbox 814 4140 893 4203; x_wconf 86' lang='lat' dir='ltr'><strong>Cato</strong></span> <span class='ocrx_word' id='word_1_355' title='bbox 908 4139 944 4201; x_wconf 91' lang='lat' dir='ltr'><strong>R.</strong></span> <span class='ocrx_word' id='word_1_356' title='bbox 960 4139 998 4201; x_wconf 91' lang='lat' dir='ltr'><strong>R.</strong></span> <span class='ocrx_word' id='word_1_357' title='bbox 1015 4154 1041 4200; x_wconf 87' lang='lat' dir='ltr'><strong>c.</strong></span> <span class='ocrx_word' id='word_1_358' title='bbox 1059 4142 1092 4200; x_wconf 82' lang='lat'><strong>5:</strong></span> <span class='ocrx_word' id='word_1_359' title='bbox 1115 4141 1295 4199; x_wconf 83' lang='lat' dir='ltr'><strong>sicilimenta</strong></span> 
     </span>
     <span class='ocr_line' id='line_1_38' title="bbox 141 4233 1295 4314; baseline -0.003 -19"><span class='ocrx_word' id='word_1_360' title='bbox 141 4236 171 4295; x_wconf 88' lang='lat' dir='ltr'><strong>da</strong></span> <span class='ocrx_word' id='word_1_361' title='bbox 191 4247 286 4312; x_wconf 87' lang='lat' dir='ltr'><strong>prato.</strong></span> <span class='ocrx_word' id='word_1_362' title='bbox 334 4237 366 4300; x_wconf 88' lang='lat' dir='ltr'><strong>C.</strong></span> <span class='ocrx_word' id='word_1_363' title='bbox 394 4243 446 4300; x_wconf 84' lang='lat'><strong>17:</strong></span> <span class='ocrx_word' id='word_1_364' title='bbox 486 4257 586 4300; x_wconf 85' lang='lat' dir='ltr'><strong>seman</strong></span> <span class='ocrx_word' id='word_1_365' title='bbox 615 4241 652 4299; x_wconf 89' lang='lat' dir='ltr'><strong>de</strong></span> <span class='ocrx_word' id='word_1_366' title='bbox 676 4258 835 4314; x_wconf 83' lang='lat' dir='ltr'><strong>cupresso,</strong></span> <span class='ocrx_word' id='word_1_367' title='bbox 871 4239 906 4297; x_wconf 93' lang='lat' dir='ltr'><strong>de</strong></span> <span class='ocrx_word' id='word_1_368' title='bbox 930 4240 1019 4312; x_wconf 76' lang='lat' dir='ltr'><strong>pino.</strong></span> <span class='ocrx_word' id='word_1_369' title='bbox 1055 4233 1187 4298; x_wconf 85' lang='lat' dir='ltr'><strong>C.108:</strong></span> <span class='ocrx_word' id='word_1_370' title='bbox 1225 4236 1295 4293; x_wconf 87' lang='lat' dir='ltr'><strong>Vini</strong></span> 
     </span>
     <span class='ocr_line' id='line_1_39' title="bbox 140 4332 1294 4411; baseline 0.002 -20"><span class='ocrx_word' id='word_1_371' title='bbox 140 4338 292 4395; x_wconf 69' lang='lat' dir='ltr'><strong>satoriam</strong></span> <span class='ocrx_word' id='word_1_372' title='bbox 313 4337 348 4394; x_wconf 82' lang='lat' dir='ltr'><strong>de</strong></span> <span class='ocrx_word' id='word_1_373' title='bbox 370 4352 403 4394; x_wconf 86' lang='lat' dir='ltr'><strong>eo</strong></span> <span class='ocrx_word' id='word_1_374' title='bbox 424 4337 510 4403; x_wconf 77' lang='lat' dir='ltr'><strong>vino,</strong></span> <span class='ocrx_word' id='word_1_375' title='bbox 545 4338 623 4411; x_wconf 88' lang='lat' dir='ltr'><strong>qnod</strong></span> <span class='ocrx_word' id='word_1_376' title='bbox 650 4340 732 4397; x_wconf 83' lang='lat' dir='ltr'><strong>voles</strong></span> <span class='ocrx_word' id='word_1_377' title='bbox 759 4339 900 4411; x_wconf 84' lang='lat' dir='ltr'><strong>experiri.</strong></span> <span class='ocrx_word' id='word_1_378' title='bbox 944 4332 1085 4397; x_wconf 89' lang='lat' dir='ltr'><strong>Dubium</strong></span> <span class='ocrx_word' id='word_1_379' title='bbox 1110 4335 1162 4394; x_wconf 84' lang='lat' dir='ltr'><strong>est</strong></span> <span class='ocrx_word' id='word_1_380' title='bbox 1190 4348 1294 4394; x_wconf 83' lang='lat' dir='ltr'><strong>exem-</strong></span> 
     </span>
     <span class='ocr_line' id='line_1_40' title="bbox 140 4427 1293 4507; baseline -0.002 -18"><span class='ocrx_word' id='word_1_381' title='bbox 140 4427 217 4504; x_wconf 89' lang='lat' dir='ltr'><strong>plum</strong></span> <span class='ocrx_word' id='word_1_382' title='bbox 240 4449 266 4495; x_wconf 90' lang='lat' dir='ltr'><strong>c.</strong></span> <span class='ocrx_word' id='word_1_383' title='bbox 289 4436 346 4495; x_wconf 81' lang='lat'><strong>42:</strong></span> <span class='ocrx_word' id='word_1_384' title='bbox 383 4436 513 4492; x_wconf 84' lang='lat' dir='ltr'><strong>alterum</strong></span> <span class='ocrx_word' id='word_1_385' title='bbox 535 4436 642 4493; x_wconf 91' lang='lat' dir='ltr'><strong>librum</strong></span> <span class='ocrx_word' id='word_1_386' title='bbox 666 4452 732 4493; x_wconf 88' lang='lat' dir='ltr'><strong>eum</strong></span> <span class='ocrx_word' id='word_1_387' title='bbox 753 4451 870 4507; x_wconf 76' lang='lat' dir='ltr'><strong>garamo</strong></span> <span class='ocrx_word' id='word_1_388' title='bbox 891 4434 927 4491; x_wconf 85' lang='lat' dir='ltr'><strong>de</strong></span> <span class='ocrx_word' id='word_1_389' title='bbox 948 4451 980 4491; x_wconf 85' lang='lat' dir='ltr'><strong>oo</strong></span> <span class='ocrx_word' id='word_1_390' title='bbox 1003 4433 1070 4504; x_wconf 70' lang='lat' dir='ltr'>fico,</span> <span class='ocrx_word' id='word_1_391' title='bbox 1101 4431 1180 4505; x_wconf 93' lang='lat' dir='ltr'><strong>qnod</strong></span> <span class='ocrx_word' id='word_1_392' title='bbox 1202 4447 1293 4503; x_wconf 90' lang='lat' dir='ltr'><strong>genus</strong></span> 
     </span>
     <span class='ocr_line' id='line_1_41' title="bbox 85 4525 1294 4619; baseline -0.001 -35"><span class='ocrx_word' id='word_1_393' title='bbox 85 4592 87 4619; x_wconf 34' lang='grc' dir='ltr'><strong>ἱ</strong></span> <span class='ocrx_word' id='word_1_394' title='bbox 143 4543 199 4588; x_wconf 81' lang='lat' dir='ltr'><strong>asse</strong></span> <span class='ocrx_word' id='word_1_395' title='bbox 219 4534 309 4604; x_wconf 85' lang='lat' dir='ltr'><strong>voles,</strong></span> <span class='ocrx_word' id='word_1_396' title='bbox 334 4533 466 4604; x_wconf 86' lang='lat' dir='ltr'><strong>eximito,</strong></span> <span class='ocrx_word' id='word_1_397' title='bbox 493 4529 641 4608; x_wconf 89' lang='lat' dir='ltr'><strong>quoniam</strong></span> <span class='ocrx_word' id='word_1_398' title='bbox 661 4528 857 4608; x_wconf 84' lang='lat' dir='ltr'><strong>praepositio</strong></span> <span class='ocrx_word' id='word_1_399' title='bbox 880 4532 917 4589; x_wconf 87' lang='lat' dir='ltr'><strong>de</strong></span> <span class='ocrx_word' id='word_1_400' title='bbox 939 4529 1037 4592; x_wconf 83' lang='lat' dir='ltr'><strong>etiam</strong></span> <span class='ocrx_word' id='word_1_401' title='bbox 1053 4544 1092 4590; x_wconf 85' lang='lat' dir='ltr'><strong>ex</strong></span> <span class='ocrx_word' id='word_1_402' title='bbox 1111 4525 1210 4590; x_wconf 86' lang='lat' dir='ltr'><strong>verbo</strong></span> <span class='ocrx_word' id='word_1_403' title='bbox 1230 4527 1294 4584; x_wconf 83' lang='lat' dir='ltr'><strong>exi·</strong></span> 
     </span>
    </p>
   </div>
   <div class='ocr_carea' id='block_1_3' title="bbox 0 0 1578 5075">
    <p class='ocr_par' dir='ltr' id='par_1_3' title="bbox 0 0 1578 5075">
     <span class='ocr_line' id='line_1_42' title="bbox 0 0 1578 5075; baseline 0 0"><span class='ocrx_word' id='word_1_404' title='bbox 0 0 1578 5075; x_wconf 95' lang='lat' dir='ltr'><strong> </strong></span> 
     </span>
    </p>
   </div>
  </div>
 </body>
</html>
