3125 5075
453 366 491 403 nn
507 365 658 405 anaunmo
673 366 711 406 ar
725 365 904 409 oeconomo,
1219 377 1257 438 51

96 552 354 632 petspieaitatis-
374 553 481 617 stndia
513 555 652 619 alteram·
675 556 832 621 remoram
859 555 978 637 eligere
1006 558 1170 638 poteraut,
1203 562 1261 624 am

95 667 225 715 naam
238 657 241 662 '
254 650 415 731 ingratum
450 652 589 716 evitandi
625 669 704 719 eura
737 654 840 735 magis
876 653 1032 722 usitatam
1064 652 1259 736 negligara'

103 746 234 813 Probat
263 752 368 812 rmrcn
395 748 436 812 ib.
465 748 618 831 Herzugii
645 750 689 816 ad
717 749 808 817 Caesa
836 750 995 830 1V‚c.3,
1019 754 1058 816 15
1087 755 1195 829 (naves
1220 783 1258 800 -

99 844 267 926 religandi
285 851 439 925 potestas)
463 850 815 916 sententiandiceutis:
855 846 944 922 ,tina
966 846 1060 913 binii
1075 847 1260 929 tondeant

101 943 208 1028 grant
231 942 339 1023 {older
362 938 533 1028 dautran.
558 945 652 1010 ocrim
670 963 706 1029 ga
729 945 836 1030 lingon,
858 942 919 1023 ted
941 944 1069 1025 tctmdr
1092 944 1139 1009 tie
1153 945 1259 1025 aaron

101 1043 182 1126 laag
218 1039 561 1125 percunctatae
594 1047 658 1109 nno
692 1044 847 1129 pisidiam
881 1042 1054 1128 genetitdret
1090 1042 1262 1129 tctgedrdt

100 1137 216 1203 miro!
263 1139 410 1221 Denique
435 1160 464 1222 pr
492 1148 552 1208 138
579 1144 670 1208 dicit:
707 1144 777 1223 „Ex
798 1178 840 1190 -
863 1141 1142 1224 grammaticorum
1170 1142 1262 1207 dubi

95 1237 228 1303 ‘tatione
250 1242 286 1302 et
306 1236 512 1306 fluctuatione
533 1240 595 1307 hoc
616 1241 745 1307 videtur
766 1241 873 1322 colligi
895 1240 1032 1320 debere,
1063 1240 1172 1305 neutri
1189 1258 1261 1304 vau

101 1334 220 1408 horum
250 1337 362 1416 generi
390 1339 549 1418 gerundia
575 1357 647 1404 esse
669 1337 883 1406 accubenda“
929 1337 1077 1405 Ceterum
1102 1338 1260 1418 quomodo

102 1430 256 1498 differant
286 1434 475 1513 gerundium
503 1443 537 1501 et
561 1437 763 1518 participium
795 1439 836 1503 ab
858 1434 1028 1516 infinitivo,
1061 1436 1135 1500 vida
1158 1434 1261 1502 Stein-

108 1515 485 1612 madaurenses.

196 1635 223 1693 Ι.
246 1633 456 1693 Nominctiuus
476 1636 633 1708 gerundivi
654 1631 762 1714 igitur,
786 1631 993 1709 dividimus,
1023 1630 1151 1711 proprie
1171 1649 1260 1706 prae·

101 1730 198 1789 amrin
220 1728 424 1807 participium
447 1736 506 1794 est.
551 1732 697 1811 Apparet
721 1729 781 1796 hoc
805 1747 843 1794 er
865 1729 935 1794 loco
957 1728 1052 1794 Ennii
1075 1728 1177 1792 annal.
1201 1729 1260 1792 inc.

103 1824 198 1890 sedis
221 1823 333 1907 fragm.
358 1830 412 1891 60:
436 1825 557 1891 Clamor
580 1833 616 1890 ad
640 1831 756 1890 caelum
777 1830 935 1891 velundae
956 1847 1012 1905 per
1033 1830 1158 1889 aethera
1173 1829 1261 1901 vagit,

102 1917 307 2003 ἑλισσόμενος,
330 1922 367 1988 et.
383 1921 558 1989 'iiitschelii
578 1942 705 2006 parerg.
728 1925 754 2004 I,
778 1942 809 2005 p.
832 1930 884 2004 27,
906 1924 1021 1990 deinde
1044 1943 1082 1989 cx
1105 1923 1263 1988 adiectiuo

102 2024 267 2099 odardus,
289 2022 373 2101 quod
396 2028 446 2086 ter
468 2022 553 2103 apud
570 2023 706 2087 Ennium
729 2023 860 2104 legitur,
881 2041 912 2084 v.
929 2021 993 2086 iud.
1010 2021 1143 2086 Vahlen.
1161 2019 1263 2102 [apud

102 2123 237 2183 ceteras
265 2125 377 2198 poetas
405 2121 546 2186 scenicos
574 2120 733 2185 invenitur
760 2116 941 2199 nusquam}
985 2118 1023 2184 Si·
1046 2119 1170 2184 accedit
1192 2136 1262 2183 ver·

105 2214 190 2280 bom-
208 2215 452 2292 substantivum,
483 2218 686 2298 nanciscitur,
719 2217 984 2300 quemadmodum
1014 2234 1117 2296 supra·
1135 2215 1262 2298 exposi-

105 2320 178 2379 tum
199 2320 259 2390 est,
283 2312 543 2395 significationem
566 2316 774 2397 necessitatis,
797 2315 854 2380 aed
876 2331 974 2396 quum
997 2333 1054 2395 per
1076 2332 1111 2378 sa
1133 2314 1262 2393 quidem

106 2430 174 2476 non
197 2412 273 2477 insit
294 2414 325 2477 in
349 2411 464 2478 suffixo
484 2417 577 2493 adca,
610 2419 647 2478 ut
668 2415 829 2496 passivam
851 2412 970 2477 habeat
990 2408 1261 2492 significationem,

108 2527 337 2590 nonnunquam
372 2512 467 2577 etiam
495 2511 678 2594 gerundivo
700 2513 871 2579 verborum
898 2509 1171 2575 intransitivorum
1198 2505 1264 2571 ior·

109 2614 201 2672 mata
231 2614 313 2673 sunt.
359 2609 410 2674 Sic
437 2609 517 2674 dixit
538 2611 678 2676 Plautus.
693 2612 786 2693 Epid.
810 2608 835 2689 I,
861 2617 888 2688 1,
926 2612 980 2672 70:
1004 2611 1112 2686 puppis
1137 2616 1265 2683 perena

107 2709 182 2769 dest
210 2709 302 2783 probs
328 2712 360 2769 et
383 2706 467 2770 Triu.
491 2709 528 2779 V,
553 2715 580 2787 2,
605 2714 660 2774 35:
694 2712 724 2771 Si
751 2713 806 2770 iiia
827 2712 882 2769 tibi
903 2711 1014 2785 placet,
1039 2705 1187 2781 placenda
1210 2706 1265 2765 dos

108 2811 257 2882 quoquest
279 2825 364 2881 quam
389 2809 438 2866 ont
464 2811 528 2869 tihi.
563 2807 815 2871 Transitivcrnm
838 2812 945 2870 autem
960 2803 1137 2886 gerundiis
1158 2818 1266 2865 neces-

112 2902 223 2967 sitatis
250 2903 370 2966 notioni
398 2922 525 2985 semper
552 2904 732 2968 adiunctam
763 2902 884 2969 habent
905 2900 1170 2983 significationem
1192 2917 1267 2979 pas·

110 3000 226 3064 sicana
272 3000 324 3064 Sic
347 3002 426 3065 Eun.
450 3003 554 3067 annal.
578 3002 596 3065 l.
619 3001 645 3081 Ι,
669 3000 708 3079 fr,
732 3006 781 3079 34,
805 3020 835 3065 v.
858 3005 916 3065 46:
954 3004 1008 3062 tibi
1037 3005 1108 3060 suu
1129 3008 1199 3059 ante
1222 3000 1266 3069 se-

107 3100 224 3161 rendae
245 3103 422 3162 Aerumnae.
467 3101 570 3163 Plaut.
594 3098 710 3164 Bacch.
734 3097 775 3172 11,
801 3105 830 3176 3,
853 3103 911 3163 91:
945 3101 1030 3158 Nunc
1053 3099 1170 3156 tibimet
1192 3098 1264 3156 ilinc

111 3203 183 3261 navi
207 3200 416 3272 ccpiccudunrst
442 3203 509 3260 iter.
555 3197 669 3262 Bacch.
693 3216 722 3260 v.
746 3200 826 3259 625:
862 3195 1063 3258 crunon-udus
1090 3196 1138 3253 hic
1161 3191 1265 3268 [nunc]

109 3299 226 3358 aditui.
271 3294 325 3374 iv,
342 3303 371 3372 4,
387 3301 446 3359 40:
470 3296 546 3357 nnnc
570 3300 626 3358 hoc
649 3293 704 3357 tibi
727 3295 927 3360 euraudunnst,
949 3294 1104 3352 Ghrusaie.
1143 3293 1266 3367 9,122:

111 3396 146 3457 si
183 3399 251 3472 plns
280 3395 469 3468 perdundum
501 3399 547 3456 sit.
600 3392 666 3456 Mil.
691 3412 720 3455 v.
744 3397 785 3457 34
808 3409 869 3471 sa:
906 3389 1130 3450 Perdaurieuda
1165 3386 1266 3462 [irasc]

111 3499 185 3556 cuni
210 3493 312 3552 -Et
338 3494 582 3554 adsentandumst
609 3493 748 3568 quidquid
776 3493 826 3551 hie
856 3487 1037 3550 mantibitur.
1082 3484 1177 3547 Poen.
1211 3482 1269 3564 IV,

114 3594 145 3668 2,
171 3595 247 3654 105:
285 3592 327 3650 Et
358 3593 432 3652 illud
467 3602 564 3652 autern
598 3588 817 3650 innuendum
850 3589 1032 3648 consiliumet
1068 3587 1268 3646 vernaeulum.

114 3686 199 3751 Ruri.
224 3686 263 3763 V,
288 3691 316 3763 2,
344 3694 395 3751 11:
431 3690 594 3750 adeundus
619 3691 659 3748 mi
681 3689 744 3747 illic
766 3692 809 3746 cat
831 3688 926 3747 homo.
970 3681 1097 3744 Terent.
1124 3681 1218 3744 Andr.
1241 3680 1268 3758 Ι,

118 3791 146 3861 Ι,
172 3790 248 3850 129;
284 3789 332 3846 Ea
357 3793 483 3862 primum
513 3790 549 3847 ab
577 3789 629 3847 illo
659 3783 923 3847 arrimaduortenda
946 3781 1089 3840 iniuriast.
1134 3795 1163 3841 v.
1191 3783 1268 3842 140:

116 3888 175 3960 Qui
197 3886 239 3944 mi
262 3886 430 3947 exorandus
449 3892 500 3948 cst.
547 3890 575 3962 5,
603 3889 655 3947 19:
679 3902 754 3943 uxor
775 3884 832 3942 tibi
853 3879 1022 3951 ducendast,
1045 3875 1084 3938 ad
1108 3892 1137 3954 q.
1159 3874 1180 3938 l.
1203 3878 1268 3940 Do·

112 3987 228 4046 natus:
257 3979 358 4057 „Mire
381 3981 541 4046 ducenda:
565 3998 689 4059 semper
711 3979 771 4042 hoc
795 3996 894 4058 genus
917 3973 1134 4037 declinationis
1158 3991 1267 4038 neces·

114 4081 246 4145 citatem
270 4080 440 4143 ostendit.“
485 4080 566 4143 Eun.
590 4079 614 4157 Ι,
639 4084 668 4156 2,
694 4083 745 4140 17:
774 4078 944 4137 faciundum
967 4073 1037 4145 suit,
1061 4071 1114 4135 ubi
1137 4073 1270 4135 Donat:

114 4180 322 4256 ,degendum
346 4179 525 4253 faciundum,
551 4179 748 4248 scribendum,
779 4181 880 4237 toturn
904 4169 963 4234 hoc
985 4187 1111 4249 semper
1132 4168 1272 4232 necessi·

116 4276 177 4339 tati
198 4275 415 4356 adiungitur-‘⁸
458 4274 500 4352 ΙΙ,
528 4281 554 4353 l,
580 4278 635 4338 16:
665 4275 820 4336 Etciunda
845 4271 946 4330 hercle
969 4271 1043 4330 haec
1066 4274 1109 4330 est
1129 4271 1270 4329 mollities

115 4377 218 4438 animi.
270 4372 397 4447 Phorm.
428 4372 453 4450 l,
483 4380 523 4452 2,
541 4378 574 4436 c:
614 4375 712 4449 Siquis
745 4373 815 4447 quid
848 4368 961 4440 reddit,
999 4384 1104 4441 magna
1135 4366 1276 4427 haiemim

1016 4465 1062 4531 4*
