3125 5075
445 338 533 377 CASL'S
549 340 817 381 sunsramrvouwu.
832 363 855 372 -
870 345 1007 385 ACCUSAT.
1237 359 1300 416 26⁷

147 511 204 586 pite
225 511 278 572 Me
300 529 370 576 esso
391 515 477 574 iilum
499 524 722 578 conventurum.
745 514 805 596 ΙΠ,
828 521 859 596 4,
882 521 937 584 23:
960 521 1039 598 quod
1053 521 1195 582 constitui
1211 522 1300 585 hodie

147 621 357 685 murenturum
378 627 455 676 eum
476 611 558 676 Eun.
581 609 608 692 Ι,
632 616 661 692 2,
687 617 765 678 125;
789 618 831 677 Et
852 618 878 678 is
901 618 990 680 nodie
1012 627 1169 682 venturum
1191 619 1231 682 ad
1253 636 1300 681 me

85 736 87 758 ε
151 713 302 774 mnrtituit
322 711 451 774 domum.
494 709 577 776 Eun.
600 708 660 788 ΙΙΙ,
686 715 714 790 1,
737 713 793 774 45:
817 715 896 792 qnod
918 731 984 776 eam
1005 734 1052 777 me
1074 733 1176 778 amare
1199 719 1298 794 suspi-

148 813 248 870 αισι
270 805 392 874 Heaua
413 805 452 888 V,
476 813 504 888 1,
527 813 560 872 6:
588 811 700 872 desiste
722 841 765 852 -
788 811 870 886 deos,
892 831 967 873 uxor
988 814 1167 888 gratulando
1190 816 1298 876 obtun-

150 907 222 982 dere,
244 907 341 968 Tuam
363 925 431 968 esse
454 909 604 968 inuentam
626 917 756 984 gnatam.
787 905 864 972 Hec.
888 907 926 984 V,
950 913 979 988 2,
1003 911 1039 973 6:
1063 912 1127 973 Noc
1149 913 1200 987 pol
1223 913 1301 972 istae

151 1012 276 1067 nemone
301 1005 392 1072 deca.
420 1023 517 1082 neque
544 1007 599 1067 has
626 1007 771 1080 respicere
792 1007 859 1067 deos
881 1009 994 1082 opinor.
1039 1005 1163 1071 Phorm.
1190 1005 1247 1086 lv,
1271 1011 1301 1082 3.

153 1105 199 1166 ii:
243 1103 356 1164 Verum
376 1121 456 1180 peno
478 1121 546 1166 esse
568 1107 679 1164 rictum
701 1121 777 1164 euru.
823 1103 921 1168 Andr.
958 1101 997 1183 V,
1020 1107 1049 1182 3,
1074 1108 1133 1168 27:
1177 1108 1230 1166 Vis
1253 1123 1301 1166 ma

154 1217 264 1262 morem
286 1199 420 1262 ducere?
440 1197 538 1266 Andr.
553 1197 614 1276 ΠΙ,
637 1207 667 1280 2,
691 1205 746 1264 3οε
769 1204 896 1262 Prorsus
919 1221 936 1262 a
959 1221 1006 1264 me
1030 1204 1201 1280 opinionem
1224 1205 1302 1264 hanc

154 1305 222 1358 inan
243 1317 314 1362 csse
336 1317 393 1376 epo
414 1305 543 1360 amomm
566 1303 641 1362 reio.
685 1297 765 1362 Her.
789 1297 843 1377 IV,
868 1304 897 1374 2,
923 1301 978 1362 16:
1001 1301 1075 1360 'i'um
1098 1309 1166 1362 tuna
1188 1303 1301 1362 amicas

156 1405 228 1458 raet
249 1403 394 1472 coquam
415 1397 558 1458 deserere
583 1407 614 1458 et
635 1395 730 1458 festos
752 1397 818 1458 dies
841 1399 912 1458 Mea
934 1415 1027 1459 cansa
1047 1401 1126 1460 nolo.
1165 1393 1300 1476 Adelph.

85 1557 90 1576 2
156 1491 234 1572 Π,Ι,
255 1497 291 1558 8:
327 1493 374 1554 Tu
395 1495 475 1570 qnod
495 1503 527 1556 tc
547 1496 700 1572 posterius
721 1511 842 1570 purges,
866 1497 943 1556 iranc
964 1496 1103 1555 iniuriam
1126 1496 1198 1556 mihi
1220 1497 1301 1558 nolle

85 1583 88 1592 ’
156 1593 368 1666 renuens,
391 1591 479 1654 huius
500 1611 559 1653 non
581 1593 699 1654 faciam.
745 1591 827 1656 Eun.
852 1588 908 1670 IV,
933 1595 961 1668 6,
984 1597 1042 1656 24:
1064 1594 1145 1653 Malo
1169 1611 1224 1667 spo
1247 1609 1301 1654 nor

159 1693 331 1768 prospicere,
370 1707 457 1765 qnam
480 1691 558 1750 hunc
580 1693 686 1752 ulcisci
708 1698 836 1766 accepia
857 1691 975 1752 iniuria
1020 1687 1102 1754 Eun.
1140 1687 1166 1766 1,
1192 1693 1220 1768 1,
1244 1693 1301 1754 21:

85 1851 96 1880 ἓ
157 1787 220 1850 Hori
243 1805 290 1849 me
315 1790 425 1848 malim.
454 1783 534 1851 Hec.
556 1784 594 1866 V,
621 1791 648 1867 1,
675 1790 876 1852 12Nouhoo
900 1788 936 1848 de
960 1790 1060 1862 nilost,
1084 1789 1163 1864 quod
1185 1788 1303 1850 Laches

85 1949 95 1980 u
158 1903 189 1944 re
208 1903 287 1946 nunc
310 1889 484 1944 concentum
504 1903 565 1946 esee
587 1887 703 1960 ecpetii.
726 1884 842 1950 Heaut.
865 1883 945 1966 prol.
962 1903 990 1948 v.
1010 1890 1063 1950 19:
1087 1894 1118 1946 ee
1133 1885 1241 1946 deinde
1258 1883 1302 1946 in·

158 1991 258 2046 ciorum
273 1991 420 2044 autumat.
435 1979 511 2046 Hcc.
520 1978 544 2050 l.
556 1985 584 2062 Ι,
597 1989 632 2046 5;
647 1986 986 2060 iurabat-Numquam
999 1984 1053 2044 illa
1064 1987 1130 2045 risu
1145 1985 1302 2045 ducturum

88 2139 92 2156 ,
158 2099 262 2146 uorem
277 2081 408 2142 eonon.
429 2077 546 2144 Heaut.
559 2079 585 2158 Ι,
603 2085 631 2158 l,
651 2083 688 2144 15
703 2097 788 2160 sqq:
805 2083 970 2157 Numquam
986 2090 1045 2142 tam
1062 2100 1148 2143 mane
1164 2084 1303 2158 egredior

159 2201 237 2262 neque
260 2191 324 2244 tam
346 2179 465 2256 vesperi
488 2179 613 2240 Domum
636 2187 790 2255 revertor,
818 2181 888 2256 quin
919 2185 948 2240 te
971 2181 1003 2238 in
1024 2180 1116 2240 inndo
1144 2181 1303 2255 conspicer

85 2263 109 2360 :i
159 2279 260 2342 iniere
283 2287 337 2340 aut
359 2295 446 2340 urere
473 2284 525 2336 eut
555 2278 666 2354 aliquid
689 2277 779 2338 ferre.
825 2275 941 2339 Hecut„
986 2273 1066 2355 proi
1089 2293 1118 2340 v.
1142 2279 1197 2342 31:
1245 2277 1303 2351 Qui

161 2395 239 2454 uper
259 2375 336 2438 iecit
358 2391 445 2436 aereo
465 2375 599 2435 currenti
620 2377 651 2436 in
673 2376 721 2436 rin
746 2376 879 2436 Decesse
912 2374 983 2454 (pro
1007 2375 1186 2450 decessisse)
1210 2393 1304 2450 popu·

161 2475 213 2539 lum.
234 2473 315 2539 Hee.
338 2471 381 2553 ΙΙ,
404 2473 433 2549 2,
456 2475 512 2536 23:
542 2473 625 2532 iliam
647 2474 685 2534 cd
709 2492 761 2535 ros
782 2475 883 2534 redire
907 2474 1021 2534 suadeo.
1065 2471 1148 2536 Eun.
1171 2471 1252 2554 prol.
1274 2489 1303 2536 r.

85 2634 101 2645 ,,
163 2574 183 2633 l:
203 2576 236 2637 si
256 2576 451 2651 quisquamst,
474 2572 524 2647 qui
547 2572 669 2647 placere
692 2590 725 2631 ae
748 2573 867 2633 studeat
890 2574 983 2633 bonis.
1007 2568 1085 2634 Hec'.
1107 2568 1166 2647 ΠΙ,
1191 2576 1223 2645 5,
1247 2574 1305 2635 31:

85 2716 94 2741 „
157 2667 231 2733 inne
253 2690 302 2744 me
323 2672 422 2746 pietea
444 2671 549 2729 matris
570 2672 670 2745 potius
693 2672 877 2730 commodum
898 2670 1004 2731 suadet
1026 2671 1120 2745 sequi.
1158 2666 1255 2732 Andr.
1278 2663 1306 2747 Ι,

85 2778 92 2838 ἐ
158 2768 278 2848 1,‚118:
313 2768 495 2842 comperisse
516 2768 701 2843 Pamphilum
729 2769 788 2828 Pro
815 2786 908 2829 uxore
938 2769 1049 2829 nubere
1072 2769 1148 2828 hanc
1170 2769 1305 2843 peregri·

148 2876 223 2929 ilem.
267 2862 404 2945 adelph.
440 2860 496 2941 lv,
519 2866 548 2941 6,
572 2868 607 2927 5:
652 2882 747 2940 neque
771 2864 895 2926 fratrem
918 2868 1004 2927 homo
1028 2867 1147 2927 Vidisse
1170 2884 1202 2927 se
1226 2866 1308 2925 aibat

147 2970 313 3043 uunquam.
356 2959 603 3040 Phorm.11,2‚
630 2966 660 3023 1:
704 2964 790 3024 lianc
812 2966 909 3039 pairis
931 2966 976 3026 ais
1000 2965 1158 3025 arentum
1180 2965 1307 3025 veritum

136 3052 215 3125 lunc
239 3060 374 3124 sciisse?
401 3056 527 3124 I'herrn.
550 3057 577 3139 Ι,
599 3064 630 3138 4,
652 3062 714 3123 21:
736 3063 832 3123 Huius
852 3072 969 3139 patrem
993 3064 1102 3124 vidisse
1123 3080 1181 3135 me,
1204 3070 1307 3137 petru·

141 3172 193 3221 om
217 3170 313 3223 tuom·
335 3156 413 3223 Hec.
436 3156 464 3237 Ι,
487 3162 516 3227 2,
539 3162 595 3223 71:
618 3160 715 3233 Seque
736 3170 807 3221 ante
831 3179 917 3237 quam
939 3178 1005 3219 cam
1028 3176 1150 3219 uxorem
1173 3162 1309 3221 duxisset

135 3254 266 3323 domum
291 3260 437 3335 Sperasse
466 3276 519 3319 eas
541 3259 673 3320 tolerare
700 3276 790 3332 posse
813 3260 941 3334 nuptias.
986 3254 1068 3319 Eun.
1113 3254 1174 3335 ΠΙ,
1199 3262 1227 3337 5,
1251 3260 1307 3321 50:

137 3352 334 3421 flabellulnn
357 3362 461 3417 tenere
483 3366 514 3417 te
537 3357 651 3417 asinum
675 3363 798 3415 tentum.
823 3352 958 3433 Adelph.
981 3351 1024 3433 ΙΙ,
1048 3359 1077 3433 2,
1101 3357 1119 3416 2
1143 3370 1205 3433 sq:
1230 3355 1307 3429 Quid

133 3448 242 3529 istuc,
280 3454 407 3527 Sannio,
444 3454 597 3530 estquod
632 3461 661 3513 iu
685 3454 773 3513 undio
795 3454 906 3513 Nescio
929 3452 999 3527 quid
1027 3460 1220 3514 concertasse
1243 3472 1310 3513 oum

136 3550 371 3615 ero'21‘honn.
395 3548 421 3629 Ι,
445 3556 475 3629 5,
498 3556 555 3614 59:
579 3552 774 3611 Iamdudum
797 3556 827 3610 te
851 3552 945 3610 omnis
969 3568 1022 3611 nos
1045 3566 1188 3612 accusare
1212 3550 1309 3611 audio.

138 3646 286 3731 Adelph.
308 3646 353 3727 Π,
375 3652 404 3717 3,
426 3654 445 3711 5
467 3665 530 3727 sq:
559 3650 664 3723 Itaque
686 3666 774 3709 uuum
799 3650 875 3709 lianc
898 3666 961 3707 rom
985 3666 1031 3709 me
1054 3650 1165 3709 hebere
1188 3654 1312 3723 praeter

142 3754 224 3811 ulios
246 3750 442 3825 praecipuum
464 3748 604 3820 arbitror,
626 3748 765 3807 Freirem
789 3747 899 3807 homini
923 3747 1034 3807 nemini
1056 3764 1123 3808 esse
1147 3748 1309 3822 primarum

146 3850 257 3909 mum
284 3848 378 3921 magis
398 3846 577 3921 principem.
612 3841 740 3907 Phorm.
763 3841 806 3922 ΙΙ,
831 3847 858 3917 1,
885 3848 939 3907 15:
975 3844 1113 3921 (cogitat)
1138 3844 1312 3907 communia

148 3962 218 4007 esse
241 3946 327 4005 haec.
371 3938 454 4005 Eun.
476 3938 537 4019 111,
561 3946 589 4019 3,
614 3946 667 4006 14:
705 3942 802 4003 Credo
826 3944 853 4003 ei
876 3945 999 4017 placere
1022 3943 1088 4017 hoc,
1112 3950 1312 4018 spernaces

149 4061 198 4103 me
219 4044 363 4116 avellere,
384 4056 427 4103 sc
450 4037 510 4103 hoc
531 4038 706 4119 praedium.
744 4038 872 4103 Phorm.
897 4038 938 4117 ΙΙ,
965 4042 992 4117 1,
1018 4041 1074 4102 16:
1096 4058 1182 4101 omne
1206 4040 1236 4099 id
1259 4040 1311 4101 de·

154 4150 257 4217 putare
280 4158 347 4203 esee
369 4142 401 4201 in
425 4140 519 4201 lucro.
542 4136 619 4203 Heu
642 4136 702 4215 ΙΙΙ,
729 4143 755 4213 l.
780 4144 815 4201 5:
839 4141 956 4213 Quanto
979 4138 1078 4199 iuerat
1099 4138 1312 4215 praestabilius

156 4240 248 4299 ubiuis
268 4241 399 4315 gentium
434 4255 524 4314 agere
547 4247 676 4299 aetatem
709 4238 803 4311 Quam
833 4239 890 4296 huc
921 4237 1019 4297 redire
1056 4244 1145 4312 atque
1173 4238 1247 4297 hoec
1269 4238 1314 4297 ita

161 4353 221 4397 csse
239 4340 380 4401 miserum
402 4356 449 4399 mo
471 4338 652 4399 resciscere!
687 4333 814 4399 Phorm.
838 4334 876 4414 V,
902 4339 929 4413 1,
953 4338 971 4397 6
995 4348 1055 4410 sq.:
1093 4351 1180 4410 quem
1203 4336 1312 4397 scirem
