3125 5075
241 371 312 431 vffl
733 363 910 404 Pnnnrn‘rlo.

235 526 275 587 Ut
296 542 519 598 quaequomque
543 542 592 585 res
615 531 679 598 est,
703 526 747 585 ito
769 527 898 586 unionum
921 525 1040 587 hubeut.
1066 541 1097 603 p.
1121 528 1183 589 379
1208 520 1263 587 lin.
1291 525 1305 585 1
1331 519 1408 601 lege

236 632 333 698 Poen.
364 638 398 698 et
429 633 483 698 lin.
517 639 554 698 15
588 635 786 708 quemobrem.
814 667 857 677 —
895 631 1058 714 Exemplis
1093 632 1298 700 attractionis
1330 648 1409 712 pm·

164 813 173 838 ³
236 743 373 809 nominis
395 743 523 808 relativi
545 762 574 825 p.
601 747 662 808 387
685 742 792 809 ollutis
814 743 898 809 udde
919 744 1022 808 Pluut
1046 744 1102 810 As·
1125 743 1152 824 Ι,
1179 749 1206 824 1,
1231 748 1282 809 70.
1306 775 1353 788 -
1376 761 1407 825 p.

234 858 296 922 307
327 853 381 918 lin.
411 858 453 919 28
484 854 589 920 scribe
618 860 800 931 umatum.
829 853 872 919 ib.
899 853 952 918 lin
983 860 1023 920 35
1055 855 1138 920 udde
1168 872 1208 919 ex
1238 859 1319 919 oret.
1345 872 1406 935 pro

223 963 354 1056 hired:
383 967 476 1039 siquis
504 967 662 1042 superbior
691 974 739 1028 ert
768 968 803 1029 et
823 963 917 1046 adp
940 969 1003 1031 398
1031 965 1179 1046 exemplu
1200 965 1408 1047 pronominis

161 1064 163 1068 ⁴
223 1041 391 1139 “iddefiniti
426 1074 531 1140 Plani.
567 1073 681 1155 Amph.
715 1074 797 1156 prol.
831 1094 860 1138 v.
890 1078 947 1141 69:
987 1080 1066 1151 siqu
1098 1081 1228 1154 pulmon
1262 1079 1407 1141 unbiseit

233 1186 438 1248 histrionibus.
485 1205 513 1249 v.
539 1191 595 1249 71:
631 1187 692 1248 Seu
721 1188 774 1261 qui
800 1189 865 1262 ipse
893 1190 1037 1251 ambissit
1082 1205 1111 1249 v.
1136 1193 1193 1252 72:
1227 1189 1299 1250 Sive
1326 1190 1409 1251 odeo

234 1297 350 1359 aediles
372 1298 534 1373 perfidiose
557 1299 626 1372 quoi
648 1298 742 1359 duint.
769 1295 851 1361 Rud.
875 1295 906 1375 1,
931 1302 968 1375 2,
990 1301 1050 1362 dd:
1074 1300 1153 1372 siqui
1174 1299 1348 1362 mortificet
1361 1331 1409 1343 -

234 1422 266 1485 p.
287 1409 352 1471 400
382 1406 465 1471 udde
494 1406 599 1473 Pluut.
623 1404 737 1488 Amph.
765 1407 847 1488 prol.
877 1424 906 1471 v.
938 1412 993 1473 70:
1028 1410 1060 1469 si
1090 1411 1251 1483 quoiquam
1278 1409 1404 1472 unttici.

234 1513 363 1581 Terent.
394 1515 522 1581 Pborm.
545 1516 578 1592 1,
602 1519 638 1595 2,
669 1520 726 1582 92:
761 1527 894 1580 ceterum
926 1520 1054 1581 Posthac
1089 1521 1117 1581 si
1149 1521 1327 1593 oum,
1361 1522 1406 1584 nil

232 1645 352 1703 precor.
397 1626 532 1708 Adelph.
556 1625 621 1706 111,
646 1632 681 1705 3,
703 1632 761 1693 43:
791 1637 844 1691 out
869 1646 927 1691 nou
958 1647 1011 1691 sex
1039 1632 1111 1692 totis
1134 1631 1289 1692 mensibus
1312 1633 1400 1693 Prion

234 1737 416 1814 olfecissem,
439 1757 527 1815 quom
549 1740 601 1801 ille
624 1739 781 1813 quicquum
804 1739 967 1815 coeperet?
981 1772 1025 1785 -—
1047 1756 1076 1819 p.
1093 1742 1154 1803 401
1180 1738 1338 1819 exemplis
1357 1737 1398 1804 do

233 1850 389 1926 quomam
419 1848 451 1911 in
482 1848 631 1928 negativa
657 1846 710 1913 rel
735 1847 968 1930 interrogativa
995 1849 1156 1916 sententie
1186 1849 1296 1929 posito
1320 1847 1398 1915 udde

233 1955 360 2022 Phorm.
386 1958 419 2033 Ι,
444 1964 480 2038 2,
504 1962 560 2023 34;
585 1961 689 2037 Neque
709 1960 790 2036 quod
812 1961 937 2022 duretur
958 1963 1125 2035 quicquum.
1170 1977 1200 2025 v.
1223 1965 1276 2026 49.
1302 1958 1403 2039 ΠΛ,

236 2071 269 2133 1:
291 2071 478 2148 Euomquuru
501 2072 661 2146 qooiqtcom
684 2073 927 2134 contumeliosius
951 2074 1087 2132 Audistis
1117 2072 1228 2133 iactum
1256 2073 1402 2133 iniurium

128 2165 165 2198 Γ
233 2196 321 2257 quern
345 2183 421 2242 heco
442 2189 489 2243 est
510 2180 607 2242 mihi?
649 2179 688 2255 V,
712 2183 748 2259 7,
770 2186 806 2245 4;
833 2182 879 2242 Ne
902 2184 1062 2255 quoiquam
1085 2201 1205 2244 suornm
1228 2184 1403 2258 aequuum

233 2293 361 2369 supplex
388 2294 453 2353 siet
498 2290 578 2356 Hoc
600 2289 663 2361 lv.
690 2296 722 2369 1,
748 2294 805 2354 58:
838 2310 935 2370 ucque
970 2295 1138 2354 detructum
1167 2303 1214 2355 est
1240 2294 1406 2367 quicqum

208 2403 311 2466 'cett
338 2399 499 2481 Negotiis
532 2399 694 2466 sententio
726 2400 812 2466 inest
846 2401 942 2467 etiem
974 2400 1006 2465 in
1037 2418 1151 2467 enunc.
1188 2400 1401 2468 conditionali

234 2508 364 2577 Phorm.
386 2510 437 2591 ΙΙ,
463 2516 494 2592 1,
520 2516 577 2577 72:
612 2513 757 2589 siquidem
788 2514 945 2587 quisquam
976 2514 1117 2575 crederet
1140 2516 1181 2576 Te
1205 2516 1281 2577 rivo.
1304 2546 1348 2558 -
1372 2530 1406 2594 p.

235 2625 297 2686 402
314 2621 479 2702 exemplis,
503 2622 558 2687 ubi
573 2625 729 2698 quisquam
744 2622 946 2688 substantivo
962 2622 1105 2687 additum
1122 2629 1181 2701 est,
1204 2622 1286 2688 udde
1303 2623 1405 2687 etium

231 2731 337 2798 Pluuc
369 2731 482 2813 Amph.
511 2732 591 2812 prol.
621 2750 649 2794 v.
685 2736 739 2796 70:
774 2736 932 2811 quoiquum
965 2735 1083 2796 artifici.
1117 2767 1160 2777 -
1194 2732 1242 2799 Ad
1275 2751 1304 2813 p.
1336 2738 1403 2800 403

231 2844 318 2922 §35
340 2842 423 2908 udde
446 2841 572 2908 Phorm.
600 2841 650 2921 11,
677 2847 712 2923 1,
736 2838 794 2909 2οε
825 2847 867 2906 nil
897 2846 1065 2922 quicquum.
1087 2878 1129 2888 -
1152 2862 1184 2925 p.
1208 2849 1271 2909 405
1301 2842 1357 2908 lin
1383 2849 1404 2911 3

230 2952 314 3018 udde
333 2952 474 3033 Metel,
495 2958 522 3034 1,
547 2957 604 3018 66:
627 2955 750 3031 quincto
772 2972 852 3017 euno
874 2972 1002 3031 quoque.
1024 2971 1055 3035 p.
1074 2959 1151 3019 406:
1175 2954 1248 3020 Ter.
1271 2953 1349 3020 Her.
1373 2954 1402 3034 1,

235 3069 263 3143 1,
285 3069 320 3129 ιι
348 3073 382 3127 ιιι
403 3066 502 3141 queo
523 3065 613 3127 troile
641 3073 743 3141 posset
773 3066 908 3128 credere.
931 3098 972 3111 -
1003 3082 1033 3146 p.
1058 3070 1121 3130 407
1145 3062 1299 3145 exemplis
1323 3082 1404 3145 pro·

234 3173 398 3241 nominum
419 3177 500 3237 cliro
522 3179 556 3240 et
577 3177 656 3237 ulter
683 3173 919 3256 duplicatorum
941 3174 975 3238 in
997 3174 1081 3241 binis
1101 3174 1254 3241 menbris
1277 3174 1402 3240 oratio·

235 3284 286 3351 nis
307 3284 391 3350 udde
412 3284 612 3351 luculentum
628 3283 810 3366 exemplum
826 3282 957 3351 Catonis
978 3302 1029 3367 op.
1045 3285 1159 3352 Isidor.
1181 3285 1221 3352 de
1235 3283 1397 3352 different.

233 3395 360 3462 verbor.
383 3399 419 3473 V,
442 3401 471 3461 5.
494 3414 524 3478 p.
549 3400 579 3462 2.
602 3395 652 3460 ed.
674 3394 803 3460 truvo.
829 3392 927 3475 (lond.
950 3413 981 3477 p.
1001 3395 1072 3477 47);
1106 3398 1204 3462 Anu
1225 3405 1286 3471 est,
1317 3399 1401 3460 Phil·

232 3510 320 3586 ippe,
344 3526 439 3587 onor,
461 3512 551 3586 longe
573 3506 659 3572 olirtd
681 3515 728 3570 est
749 3508 859 3583 cupido
874 3554 882 3571 .
899 3510 1031 3570 acessit
1050 3510 1122 3572 ilico
1136 3511 1226 3578 ulter,
1248 3510 1301 3571 nbi
1323 3511 1403 3571 ulter

232 3622 375 3696 meniu
399 3620 476 3681 ultor
497 3621 608 3688 boum.
631 3619 709 3680 ulter
730 3621 835 3682 nutus.
867 3649 909 3662 —
930 3635 961 3698 p.
983 3622 1047 3683 408
1070 3617 1217 3699 exemplu
1236 3619 1401 3700 pronomi-

232 3727 283 3795 nis
304 3732 391 3793 auto
412 3727 496 3795 uude
518 3726 623 3794 Pluul.
638 3726 756 3793 Bacch.
778 3744 810 3793 ι.
836 3729 913 3793 86οε
937 3731 1023 3791 umbo
1047 3737 1081 3792 ut
1102 3748 1206 3793 necem
1230 3734 1265 3795 et
1279 3749 1309 3795 r.
1325 3735 1402 3796 869.

232 3837 281 3906 lb.-
303 3838 360 3906 lin.
382 3838 550 3906 ttsnibe
570 3841 626 3902 iat
649 3868 693 3885 -
714 3836 765 3903 Ad
786 3854 817 3919 p.
840 3841 903 3904 409
927 3837 980 3918 (ci
1003 3837 1102 3919 pruof.
1125 3839 1186 3904 rol.
1206 3838 1238 3920 Ι,
1259 3857 1292 3920 p.
1307 3838 1402 3916 VIII)

233 3948 398 4031 nonuplis,
422 3948 479 4017 obi
499 3966 589 4031 pron.
611 3953 714 4013 oollae
741 3949 893 4017 udicotivi
921 3950 992 4017 loco
1023 3955 1087 4031 eet,
1116 3950 1199 4017 udde
1225 3950 1315 4017 Pers
1338 3949 1404 4028 ΙΙΙ,

234 4063 262 4139 1,
286 4066 342 4126 67:
368 4062 495 4123 selom
517 4061 651 4125 Sicclum
679 4064 836 4141 occeperis
864 4065 899 4127 et
919 4060 1011 4128 Pers.
1033 4081 1063 4127 v.
1087 4065 1166 4127 ddb:
1198 4064 1298 4125 ndlnr
1320 4064 1401 4126 leno.

232 4168 433 4239 Substantivl
460 4174 568 4237 cumn
598 4169 670 4238 loco
699 4176 750 4238 cst
778 4171 933 4253 Stichi,
957 4175 1069 4252 3,64.
1096 4169 1261 4253 Exemplis
1290 4175 1401 4238 entem

232 4280 406 4364 singularis
428 4298 508 4349 usur
529 4295 560 4347 r.
581 4284 692 4353 noum,
714 4282 770 4365 qui
793 4282 922 4349 cornicis
937 4287 990 4349 est
1004 4280 1170 4364 proprius,-
1191 4280 1274 4348 uude
1294 4280 1401 4348 locum

232 4389 348 4459 Bocoh.
371 4409 400 4457 ιι.
427 4396 673 4460 lttzhntnsut
693 4397 794 4459 unico
813 4397 942 4460 muti:
972 4397 998 4459 ιι
1025 4396 1128 4473 obest,
1155 4395 1259 4461 nullos
1280 4373 1334 4461 eie.
1359 4426 1403 4440 -
