3125 5075
316 388 459 431 studiosus
475 395 649 436 ussubucnul
666 400 693 437 ΙΝ
710 400 876 439 uslususun
891 400 1086 439 sescundum.
1262 409 1282 469 3

183 576 266 634 unxit
299 578 373 637 tibi?
423 578 488 642 bb.
533 589 667 652 Fbotcm.
718 589 782 653 PH.
833 593 873 650 Et
905 597 1000 652 esmst
1032 586 1172 650 indutus?
1215 587 1279 652 ΒΟ.

183 675 270 735 mm.
314 670 350 736 cf.
374 675 470 741 Andr.
492 679 546 754 lv,
564 690 591 760 1,
609 689 658 764 39,
682 688 735 751 ubi
757 694 863 751 tanen
886 686 1057 752 antecessit
1079 689 1202 747 Factum
1225 690 1280 750 boe

183 768 214 845 Ι,
241 768 284 833 ad
310 771 394 849 quod
424 782 595 855 respondet
622 784 734 848 Dauus
755 788 889 858 Factum,
917 784 1026 848 itaut
1053 779 1146 847 focile
1174 790 1280 849 mente

183 869 282 929 ‘tere
304 870 407 947 Possis
430 886 484 934 est.
530 876 641 961 Pergit
662 882 775 946 deinde
792 880 1000 945 Ritschelius:
1026 879 1157 958 ,Certos
1171 886 1278 945 eutem

184 961 276 1046 lique
297 966 485 1034 dubitationi
508 976 659 1043 obnoxios
683 980 883 1059 exceptiones
905 979 983 1043 sotis
999 977 1115 1057 alioqui
1131 982 1277 1044 constans

211 1058 272 1125 hus
305 1062 413 1129 babet:
448 1103 490 1113 —-
524 1076 649 1140 tertiam
680 1080 757 1151 polis
790 1076 840 1140 vel
869 1082 932 1151 uoto
958 1091 1077 1151 vocem,
1108 1089 1189 1154 quae
1217 1075 1277 1141 boc

183 1158 243 1221 tuit
279 1161 457 1252 siuugulsue,
495 1173 532 1232 ut
567 1190 628 1237 noo
666 1192 724 1253 pro
757 1181 853 1250 potet
885 1177 1008 1238 tantun
1041 1172 1092 1235 vel
1118 1176 1198 1247 notio
1231 1180 1274 1236 est

183 1262 351 1335 uncretm,
379 1263 434 1325 sed
464 1267 559 1331 etium
584 1287 641 1349 pro
664 1271 734 1334 aliis
756 1271 866 1335 formis
887 1271 956 1334 cius
979 1270 1076 1347 verbi,
1099 1270 1194 1334 etiam
1216 1288 1273 1349 pro

183 1353 314 1419 uitiv0.“
360 1358 521 1428 Ritscbelii
553 1368 703 1444 exemplis
730 1370 812 1433 adde
838 1367 929 1431 haec:
975 1367 1058 1430 Asin.
1085 1364 1141 1444 ΙΙΙ,
1165 1372 1194 1446 3,
1220 1373 1275 1433 17:

183 1459 271 1513 ntum
298 1461 386 1529 potis.
435 1459 518 1523 Trin.
549 1464 605 1529 ΙΙΙ,
634 1472 661 1543 3,
691 1471 745 1530 36:
779 1474 919 1542 quantum
947 1466 1035 1539 pole,
1068 1463 1122 1528 ubi
1152 1463 1273 1530 Lamb:

183 1575 215 1598 ·
235 1567 331 1629 quom
359 1555 492 1634 primum
523 1560 591 1626 lieri
611 1564 744 1641 potest.“
791 1568 883 1627 Most.
906 1562 932 1640 1,
956 1568 985 1640 3,
1008 1566 1062 1626 99:
1107 1564 1181 1635 Vah,
1204 1564 1274 1640 quid

202 1655 278 1724 pote
308 1657 392 1727 peius
419 1661 556 1733 quiquam
585 1666 707 1723 muliere
737 1658 954 1723 memorerier‘?
1005 1660 1092 1723 Pers.
1116 1657 1141 1736 I,
1167 1664 1193 1735 Ι,
1217 1664 1271 1724 31:

194 1753 261 1807 tute
298 1752 353 1809 tibi
385 1754 460 1814 bene
492 1776 557 1817 esse
586 1766 654 1832 pote
687 1765 759 1835 pati,
795 1762 874 1821 veui:
912 1761 993 1819 vives
1025 1776 1147 1820 mecum.
1203 1756 1273 1822 Nou

183 1844 272 1920 pexit
292 1844 485 1914 Ritschelius
507 1853 610 1918 locuni
635 1855 705 1920 Ouo.
729 1856 770 1935 ΙΙ,
788 1859 817 1932 5,
835 1860 889 1919 28;
925 1859 997 1930 Quis
1012 1857 1083 1915 mihi
1098 1854 1273 1918 subveniens

210 1943 272 2020 Ap,
302 1943 386 2025 vulg.
411 1953 575 2028 subveniet)
598 1962 681 2029 tergo
705 1954 769 2017 -t
815 1953 919 2016 Primo
945 1967 1082 2032 persona
1103 1950 1273 2030 singularis

183 2035 245 2102 isse
278 2049 327 2104 cst
362 2046 471 2125 :liupb
508 2049 563 2127 ΙΙΙ,
598 2056 628 2128 3,
660 2057 694 2114 9:
729 2054 864 2128 equidem
898 2054 977 2112 serio
1010 2067 1045 2111 ao
1076 2066 1145 2108 vero
1178 2055 1271 2113 ratos.

183 2153 210 2200 u.
234 2135 259 2213 Ι,
283 2142 310 2201 2.
338 2146 389 2204 10:
418 2165 494 2205 nune
524 2150 606 2223 adeo,
631 2159 663 2208 ut
686 2150 830 2221 factores,
860 2150 965 2209 dicem.
1009 2144 1138 2207 Transit
1159 2144 1271 2211 deinde

183 2233 321 2299 schelius
343 2239 382 2302 ad
405 2259 557 2319 personas
580 2244 713 2323 pluralis
734 2246 867 2323 nuuneri,
896 2243 987 2308 cuius
1017 2239 1167 2319 exemplis
1189 2241 1271 2306 udde

187 2331 291 2410 prima
313 2351 449 2414 persona
471 2340 565 2404 Poen.
591 2341 648 2414 ΙΙΙ,
676 2350 700 2407 l.
727 2350 777 2406 15:
803 2347 866 2404 Nee
889 2344 945 2403 sibi
968 2359 1021 2401 noc
1043 2340 1162 2398 obnoxii
1182 2341 1270 2418 istuc,

183 2432 260 2492 dtu
283 2451 363 2494 emes
385 2450 434 2498 out
460 2444 566 2501 oderis.
599 2460 636 2503 cx
659 2443 818 2521 >criptura
839 2438 955 2516 Bothii,
978 2436 1018 2500 de
1040 2435 1136 2498 tertio
1157 2436 1270 2516 Amph.

183 2533 206 2607 l,
227 2532 282 2593 65:
304 2533 464 2608 Dispertiti
484 2543 548 2611 viri,
571 2541 715 2614 desumi
736 2543 864 2602 ordines.
911 2541 939 2615 2,
966 2540 1019 2599 12:
1041 2535 1132 2611 igitur
1154 2538 1269 2596 demum

183 2633 355 2705 nescient,
381 2635 462 2707 Quae
485 2639 574 2709 scoto.
619 2637 657 2715 V,
683 2643 787 2716 1‚40:
831 2639 890 2700 Ubi
919 2644 1005 2697 utero
1027 2633 1121 2694 coorti
1142 2633 1268 2694 dolores

183 2728 236 2789 ss:
279 2730 434 2805 Postquam
458 2754 566 2809 pueros
589 2739 756 2810 conspicati.
802 2735 888 2798 Asin.
912 2733 936 2806 Ι,
960 2737 989 2809 3,
1012 2735 1067 2794 44;
1100 2731 1159 2791 Ubi
1180 2733 1268 2792 illeso

183 2843 202 2887 e
225 2827 292 2886 dedi
316 2830 407 2889 onte?
451 2832 511 2894 eb.
555 2834 682 2912 Atussa,
705 2850 799 2913 quem
821 2832 925 2896 locum
947 2826 1057 2893 attulit
1077 2825 1269 2893 Belbachius

183 2939 251 2987 eru.
274 2925 342 2988 crit.
365 2945 394 3006 p.
420 2935 486 2992 22·
513 2930 627 2994 Bacch.
651 2930 712 3009 ΙΙΙ,
732 2939 763 3007 4,
790 2935 842 2994 Ι2;
887 2930 964 3003 Quid
994 2927 1131 3008 scd-huuc
1152 2926 1269 2987 modun

183 3040 201 3082 o
230 3024 278 3083 bic
307 3041 381 3100 quoe
410 3029 515 3099 foctccro
541 3030 678 3090 fabulor?
726 3028 853 3108 Ubique
879 3027 983 3089 mente
1012 3021 1191 3086 addendum
1219 3027 1270 3087 est

183 3130 204 3183 t.
256 3121 304 3184 nd
334 3122 519 3188 infinitivum
551 3127 634 3204 qnod
662 3126 787 3203 attinet,
820 3124 1046 3188 commemorat
1077 3117 1268 3185 Ritschelius

183 3232 209 3281 u·
241 3218 305 3283 clia
336 3226 455 3300 opum,
488 3223 527 3288 de
559 3242 622 3303 quo
646 3223 784 3287 Hessius
816 3220 857 3286 cd
884 3218 1002 3297 Reisig.
1029 3233 1059 3295 p.
1087 3221 1162 3282 δῦθι
1215 3216 1269 3295 ,Si

183 3314 210 3380 d
243 3334 273 3380 v.
306 3325 418 3393 oportet
449 3318 621 3384 infinitivus
654 3319 732 3401 perf.
763 3336 847 3400 pass.
876 3313 1040 3396 ponendus
1066 3321 1131 3386 est,
1164 3312 1268 3377 solum

183 3404 328 3494 ticinium
360 3418 428 3481 sine
461 3436 522 3482 cese
552 3419 698 3499 ponitur,
731 3418 777 3482 sic
809 3415 915 3480 Plaut.
945 3411 1039 3475 Most
1067 3407 1123 3487 IV,
1151 3414 1181 3488 8,
1210 3415 1265 3474 26:

183 3528 234 3574 esu
256 3516 403 3578 adnotom
426 3520 587 3592 oportuit.“
603 3521 627 3592 ¹)
671 3515 758 3580 Idem
782 3532 859 3577 usus
882 3508 1041 3592 reperitur
1063 3507 1160 3571 etium
1182 3508 1267 3586 apud

186 3610 296 3675 cilium
326 3612 462 3676 Statium
496 3621 530 3677 ct
558 3613 751 3677 Terentium.
803 3609 893 3675 Caec.
924 3607 1134 3687 Androgyuos
1167 3606 1203 3670 fr.
1232 3612 1266 3670 2:

183 3711 309 3771 blatum
330 3715 397 3773 med
419 3716 569 3787 oportebat
589 3715 681 3787 prius.
727 3711 774 3775 De
797 3707 946 3772 Terentio
969 3704 1007 3769 cf.
1022 3702 1125 3766 Rodd.
1148 3720 1177 3782 p.
1194 3707 1266 3782 208,

195 3804 295 3871 affert
315 3809 375 3873 nd.
397 3808 440 3888 ΙΙ,
464 3814 497 3888 2,
516 3812 551 3873 6:
596 3796 790 3872 Adulescenti
816 3823 928 3868 morem
952 3807 1064 3878 qamt»
1085 3803 1215 3876 enotuit
1234 3807 1268 3865 st

183 4010 388 4031 αύ-κὴ-Δώ...

197 4164 216 4225 “Ι
239 4161 273 4215 Iu
297 4161 450 4215 uniuersum
473 4167 565 4215 autem
588 4155 825 4215 Weissenboruius
851 4156 885 4211 de
908 4150 1039 4224 gerundio
1064 4156 1093 4205 et
1115 4146 1265 4220 gerundivo

183 4242 210 4312 0,
228 4244 382 4312 ubicunque
401 4248 497 4298 neutro
515 4242 650 4313 participii
668 4240 719 4295 lut.
739 4247 792 4295 aet.
812 4251 839 4294 et
858 4244 946 4308 proet.
964 4248 1038 4305 poss.
1058 4247 1107 4303 pro
1126 4228 1265 4286 nuncios

183 4335 267 4393 luitur,
290 4322 454 4382 insulosum·
472 4342 528 4381 ecco
551 4332 641 4379 meuse
662 4320 821 4390 sddenddnu,
845 4336 900 4374 sou
923 4331 987 4373 vero
1003 4318 1073 4371 hooc
1090 4318 1188 4368 neutro
1204 4314 1266 4382 ipsi

187 4408 329 4465 lundein
348 4409 472 4465 bound·
489 4420 556 4465 ‹scc-
568 4418 670 4462 censeo
1040 4481 1059 4522 *
