3125 5075
212 361 252 419 84
647 345 804 386 auususuu.
825 344 887 386 ΟΔΡ.
901 345 941 386 ΙΙΙ.

211 525 249 592 ir.
274 531 310 591 2:
343 528 385 585 Iro
406 525 487 585 voltu
509 523 620 590 codem
651 523 685 584 in
707 523 807 582 eodem
833 530 947 583 montet
973 519 1211 602 (seminet)
1240 528 1365 589 moso

211 624 340 689 Terent.
365 618 498 700 Adelph.
522 617 575 697 IV,
599 623 628 698 2,
652 622 693 683 50
715 620 760 696 (v.
776 618 901 683 lensius
923 618 943 682 l.
960 618 1017 697 c.):
1041 623 1186 700 Ctesipho
1208 632 1312 688 summ
1333 628 1368 687 ic

212 731 342 784 ommest
363 729 453 783 totus.
486 716 713 796 Phorm.11,1,
737 720 791 781 21:
816 720 965 794 Quidquid
987 729 1110 795 prester
1132 740 1216 797 spem
1239 726 1367 801 eveniet,

211 821 352 884 omneid
375 818 524 893 deputabo
546 833 613 877 esse
635 818 668 875 in
690 818 780 877 tumn
826 814 951 879 Phorm.
969 816 1011 894 ΙΙ,
1032 823 1057 895 1,
1075 820 1116 883 36
1136 817 1368 898 (Theudoricus

211 915 231 979 l.
255 916 311 991 c.):
345 919 402 978 Hic
422 917 456 974 iro
475 917 604 976 metuet.
650 911 776 977 Phorm.
801 912 838 993 V,
862 918 891 993 9,
921 918 977 978 32:
1011 918 1099 992 cupio
1120 919 1231 979 odom
1257 922 1292 978 ἐκ
1313 921 1369 981 boc

210 1034 245 1076 rc
266 1018 323 1077 iarn
347 1015 511 1090 defungier.
556 1009 672 1075 Hectit.
693 1009 752 1090 111,
779 1016 805 1090 l,
829 1014 884 1077 96:
907 1030 940 1073 re
963 1014 995 1073 in
1017 1022 1129 1076 nostra
1173 1013 1248 1080 Huc
1269 1016 1369 1097 pcrti-

211 1116 265 1178 net
286 1112 382 1177 etiam
406 1108 531 1175 dicendi
553 1106 688 1173 Iormulu
709 1112 740 1171 in
763 1113 843 1184 loco,
879 1125 961 1189 quoe
988 1109 1074 1174 idem
1100 1109 1261 1193 significet
1282 1113 1367 1197 quod

210 1210 294 1276 iusto
317 1217 470 1290 ternpore.
514 1206 647 1288 Adelph.
671 1206 713 1287 Π,
747 1212 776 1287 2,
799 1212 835 1274 8:
868 1212 1028 1272 Pecuniam
1056 1213 1090 1270 ic
1117 1213 1178 1272 loco
1206 1217 1366 1292 neglegere

210 1328 377 1372 maxumum
398 1310 578 1370 interdumst
601 1309 725 1367 lucrum.
769 1305 807 1386 V,
824 1312 852 1387 3,
876 1313 934 1373 41:
954 1310 990 1368 in
1011 1311 1072 1369 Ioco
1091 1311 1207 1386 Vereri,
1230 1313 1312 1374 inter
1334 1330 1365 1375 se

211 1427 319 1469 amere.
365 1412 394 1485 9,
424 1410 479 1469 37:
511 1407 593 1466 Heec
616 1407 799 1481 reprendere
821 1415 852 1467 et
874 1408 1029 1483 conrigere
1053 1416 1084 1468 et
1105 1408 1312 1473 obsecundare
1332 1412 1365 1470 is

210 1511 279 1569 loco.
324 1504 430 1569 Etiam
452 1520 523 1568 cum
545 1500 701 1583 gerundio
721 1506 755 1565 et
772 1506 854 1581 part
876 1501 935 1567 fut
958 1521 1042 1583 puss.
1065 1503 1279 1586 coniungitur,
1301 1523 1362 1587 qno

208 1604 378 1682 iudicatur,
402 1599 472 1667 fieri
494 1599 624 1681 aliquid,
647 1600 722 1664 dum
744 1599 833 1664 alind
854 1601 971 1681 egItnr.
1007 1600 1220 1667 Enniiannnl.
1237 1603 1360 1684 LXIII,

207 1701 244 1767 ir.
272 1708 304 1768 l:
333 1710 433 1764 necate
457 1704 487 1761 in
510 1702 633 1778 egendo.
677 1696 780 1761 Plaut.
805 1698 902 1764 Stich.
925 1698 950 1779 1,
978 1705 1004 1779 1,
1029 1705 1085 1765 54:
1119 1702 1188 1763 Scio
1217 1711 1309 1781 atque
1329 1705 1360 1764 ie

206 1802 360 1879 oopitcedo
382 1817 515 1860 moerore
537 1815 655 1875 angeor.
700 1795 873 1861 Trinumm.
897 1796 940 1878 ΙΙ,
966 1803 993 1877 l,
1016 1802 1049 1861 2:
1083 1801 1209 1861 Multum
1231 1803 1267 1861 ie
1288 1802 1359 1876 coyt·

207 1902 296 1964 tando
319 1902 451 1961 dolorem
473 1897 645 1972 indipisces.

292 1997 322 2062 h.
356 1994 506 2075 Iungitur
525 1995 559 2053 io
581 2009 651 2057 curn
672 1991 867 2071 notionibus,
901 2009 984 2073 qnae
1012 1991 1132 2074 aliquid
1154 1994 1358 2075 comprehen-

208 2097 288 2162 dunt
310 2098 343 2159 et
365 2091 541 2168 continent,
565 2106 647 2170 quoe
670 2089 808 2169 alicuem
831 2089 978 2171 indolem,
1001 2089 1196 2172 facultatem,
1220 2099 1358 2174 potestu-

205 2200 271 2261 tem
294 2192 428 2270 habeut,
455 2190 488 2254 iu
510 2188 625 2269 quibus
647 2187 767 2267 ahquid
789 2187 863 2254 boni
885 2193 943 2254 ant
964 2189 1040 2253 mali
1062 2190 1203 2269 poeltuun
1226 2197 1291 2271 est,
1320 2190 1358 2256 ad

205 2309 285 2373 quas
301 2291 408 2371 aliqua
422 2288 506 2354 actio
522 2292 579 2353 sut
594 2285 732 2353 conditio
744 2286 893 2367 pertinet.
915 2287 1028 2351 Naevii
1039 2288 1229 2353 Dementes:
1245 2294 1357 2353 mimae

204 2394 399 2470 pauxillulum
428 2391 462 2448 ia
482 2390 641 2450 sochehet
670 2385 713 2459 (h.
737 2403 763 2449 e.
787 2383 933 2460 habitat).
979 2382 1076 2450 Colax
1104 2384 1142 2450 ir.
1167 2390 1204 2450 2:
1240 2396 1273 2450 et
1295 2391 1356 2451 solo

203 2493 245 2553 Et
267 2507 373 2553 vereor
389 2486 536 2551 sciscere
556 2488 590 2544 io
598 2486 738 2561 proboso
760 2493 814 2547 est.
848 2482 942 2548 Ennii
957 2483 1157 2565 Melanippae
1171 2483 1209 2550 ir.
1226 2489 1260 2551 5:
1283 2488 1357 2566 quod

203 2593 239 2650 io
259 2607 306 2649 osc
327 2596 383 2649 est.
416 2581 589 2649 Erechthei
604 2581 641 2646 ir.
659 2587 693 2649 8:
716 2586 799 2645 nulla
818 2586 851 2643 in
872 2601 919 2645 ose
940 2595 988 2646 est
1009 2593 1115 2646 metus.
1143 2581 1356 2651 Planesium

206 2685 265 2766 III,
292 2691 319 2764 1,
343 2688 397 2748 32:
425 2686 475 2744 Me
497 2686 531 2743 io
552 2685 640 2758 cebro
662 2684 778 2745 habeto.
822 2681 916 2746 Most.
944 2679 969 2760 Ι,
992 2687 1024 2760 4,
1050 2686 1104 2746 15:
1127 2683 1181 2743 Set
1205 2683 1257 2759 [ne
1281 2681 1355 2760 sino]

203 2787 262 2846 hoc
285 2783 363 2860 quod
385 2784 425 2842 mi
446 2783 479 2840 ie
502 2790 631 2842 monost.
676 2779 774 2845 Mero.
790 2785 911 2845 sthi:
935 2782 1012 2856 onis
1034 2782 1079 2840 illi
1101 2798 1182 2842 suam
1205 2801 1270 2844 rem
1293 2800 1355 2846 esea

203 2888 359 2958 aequomst
380 2882 414 2939 ie
434 2899 534 2942 morus.
580 2877 639 2957 ΙΙΙ,
661 2883 693 2957 4,
716 2882 774 2943 43:
809 2881 864 2941 tibi
890 2881 923 2938 in
950 2886 1081 2940 monost
1125 2876 1219 2942 Most.
1244 2878 1305 2960 ΠΙ,
1331 2887 1355 2960 1,

204 2981 261 3042 66;
283 2997 355 3056 ages
377 2981 455 3054 quod
476 2981 509 3038 ior
530 2986 660 3041 monost.
706 2974 797 3058 Capt.
814 2977 839 3056 Ι,
863 2982 892 3056 2,
916 2980 970 3040 4οε
995 2994 1070 3052 quae
1092 2977 1125 3035 in
1142 2983 1287 3052 potestate
1305 2982 1355 3042 hs·

202 3080 327 3139 buimns.
373 3075 468 3141 Most.
492 3095 521 3141 v.
547 3081 621 3142 134:
652 3079 694 3137 Iro
715 3075 868 3138 fabrorum
884 3079 1028 3149 potestate
1054 3077 1123 3135 dum
1144 3075 1195 3137 ini
1242 3075 1354 3143 Pseud

203 3174 228 3254 Ι,
248 3179 344 3251 1‚59:
369 3178 426 3237 nisi
449 3176 519 3252 quid
535 3179 575 3235 mi
592 3177 625 3235 in
645 3176 693 3234 ted
714 3183 760 3236 est
775 3176 876 3235 auxili.
913 3170 1026 3252 Amph.
1043 3171 1068 3249 Ι,
1087 3176 1114 3251 Ι,
1133 3177 1208 3237 109:
1234 3177 1354 3251 Quando

201 3275 328 3350 imagost
349 3275 436 3335 huius
457 3276 493 3333 in
512 3291 566 3335 me.
611 3271 724 3336 Pseud.
747 3270 803 3350 lv,
833 3277 860 3350 7,
892 3277 927 3335 7;
960 3274 1025 3332 Nec
1052 3273 1122 3333 boni
1147 3274 1249 3349 ingeni
1274 3276 1353 3351 quic·

201 3390 287 3448 quern
310 3373 502 3432 istcinest.
547 3369 645 3435 Stich.
668 3388 696 3433 v.
722 3374 801 3434 322:
832 3372 864 3431 si
885 3371 918 3429 in
940 3375 967 3429 te
988 3370 1087 3430 Pudor
1108 3371 1201 3447 adsit,
1228 3391 1287 3434 non
1309 3388 1353 3433 mo

200 3473 346 3546 appelles.
392 3468 506 3532 Pseud.
522 3467 548 3547 Ι,
572 3473 599 3546 1,
623 3472 679 3533 69;
700 3472 766 3530 Nisi
790 3485 865 3545 quse
888 3470 928 3528 mi
949 3469 983 3526 ia
1005 3468 1053 3529 ted
1075 3476 1122 3529 est
1144 3477 1196 3529 unt
1217 3474 1353 3534 tibiatis

199 3586 245 3628 me
268 3572 357 3630 salus.
395 3586 422 3628 v.
438 3570 511 3631 109:
533 3569 574 3628 Ic
589 3571 616 3627 tc
631 3586 708 3628 nuuc
720 3586 823 3630 omnes
840 3585 908 3643 spes
920 3574 989 3627 sunt
1004 3570 1098 3628 aetati
1112 3584 1205 3629 meae.
1240 3567 1351 3635 Pseud

199 3684 228 3729 v.
254 3669 350 3730 1292:
374 3668 459 3741 siqua
479 3668 514 3723 io
536 3668 588 3725 boc
611 3684 679 3741 spes
706 3668 794 3726 sitast
816 3667 897 3726 mihi.
940 3663 1029 3728 Pers.
1051 3663 1094 3743 ΙΙ,
1117 3669 1146 3743 5,
1171 3669 1205 3729 9:
1235 3669 1351 3746 Ecquid

201 3796 239 3809 —
264 3773 312 3826 est
333 3781 411 3824 nunc
435 3766 574 3839 speculae
597 3766 631 3822 to
653 3766 701 3824 te?
745 3760 860 3828 Bacch.
877 3760 936 3838 ΙΙΙ,
953 3765 981 3840 6,
999 3766 1055 3825 21:
1079 3764 1157 3839 quod
1179 3767 1214 3824 irs
1235 3785 1267 3828 se
1287 3767 1350 3828 tuit.

198 3859 293 3926 Most.
315 3880 343 3925 v.
361 3863 422 3924 237
432 3880 438 3923 :
461 3863 502 3922 Ia
524 3865 550 3923 to
572 3863 674 3923 hercle
698 3870 842 3924 certumst
858 3862 1004 3936 peucine,
1027 3869 1060 3922 ut
1083 3863 1137 3922 sim
1160 3881 1281 3939 parcus,
1304 3884 1351 3927 ex·

198 3963 301 4036 periri.
347 3958 435 4022 Pers,
461 3976 486 4022 ν.
514 3963 591 4023 552:
625 3964 706 4022 Haut
733 3963 818 4037 potui
840 3962 985 4021 etiamid
1000 3961 1101 4034 prim
1122 3963 1211 4021 verbo
1237 3966 1351 4040 perspi·

199 4074 268 4118 cere
294 4060 356 4118 eius
381 4060 568 4133 sapientiam.
614 4055 705 4123 Coeo.
731 4057 810 4122 stet.
840 4058 899 4122 inc.
922 4056 985 4121 fab.
1007 4054 1120 4137 fragm.
1146 4061 1201 4137 15,
1225 4078 1254 4124 v.
1277 4064 1352 4124 261:

199 4157 283 4217 cuius
305 4159 337 4215 iro
358 4174 452 4217 morou
475 4159 522 4219 sit.
566 4155 740 4237 Ephesius:
774 4161 847 4219 Tum
869 4159 1005 4233 equidem
1027 4159 1061 4216 in
1080 4162 1196 4220 sernectc
1222 4160 1279 4221 hoc
1302 4161 1352 4221 de·

199 4259 272 4327 puto
294 4258 504 4331 miserrimum,
539 4257 656 4316 Sentire
686 4275 723 4316 ea
750 4267 850 4318 aetate
880 4260 976 4332 ipsum
1003 4273 1069 4317 esse
1097 4258 1231 4317 odiosum
1254 4260 1351 4319 alteri.

199 4346 327 4412 Terent.
344 4350 425 4416 Eun.
442 4352 467 4432 Ι,
493 4359 519 4432 Ι,
540 4358 593 4417 14:
618 4355 655 4413 Iu
674 4373 772 4416 amore
789 4357 862 4416 haec
879 4357 977 4416 omnic
991 4357 1092 4416 insunt
1106 4357 1187 4416 vitio.
1218 4353 1351 4436 Adelph.
