3125 5075
509 367 655 409 boemanos
693 364 925 407 manticularum.
1226 370 1287 433 363

133 556 278 631 aegrest?
321 556 359 631 V,
383 561 411 634 2,
436 562 469 622 3:
491 557 573 635 Quid
594 559 650 618 hoc
671 566 718 619 est
740 560 842 635 negoti
863 575 942 626 uam
964 554 1093 619 amabo?
1137 551 1233 617 Merc.
1250 551 1288 631 V,

134 659 166 721 4,
190 656 225 715 6:
249 655 323 726 quta
345 658 475 732 negotist
495 673 566 713 uam
588 673 698 731 quaeso
722 656 820 717 istuc?
835 688 878 699 -
898 652 1012 734 Amph.
1034 651 1077 731 Π,
1105 657 1131 729 Ι,
1154 655 1189 715 2;
1212 654 1288 712 Nam

134 752 347 828 quamobrem?
390 750 436 828 ΙΙ,
460 755 489 830 2,
514 755 570 815 28;
603 754 684 813 Nam
705 754 777 828 qaeu
798 757 850 816 ille
873 755 1035 816 revortitur
1057 749 1125 813 -?
1168 746 1240 812 lul.
1262 746 1288 823 Ι,

139 854 171 926 1,
201 854 235 913 3:
264 851 345 910 Num
371 868 426 911 cur
452 867 498 911 mc
526 852 663 912 miseram
695 850 860 914 verberas?
904 867 931 914 v.
956 854 989 914 5:
1025 852 1100 911 Nam
1130 867 1188 925 qna
1213 848 1287 909 cett.

135 946 228 1026 Epid.
253 946 284 1022 1,
308 952 344 1025 2,
369 951 425 1012 13:
457 948 539 1008 Nom
568 950 641 1023 quid
661 958 691 1011 tc
714 952 806 1027 igitur
835 951 953 1011 rettulit
975 950 1049 1011 cett.
1071 964 1099 1009 v.
1125 950 1180 1010 29:
1208 947 1289 1005 Num

135 1048 188 1119 qui
210 1046 350 1120 perdidi?
393 1043 588 1110 Menaechm.
618 1045 664 1125 ΙΙ,
691 1052 724 1121 1,
748 1051 784 1112 8:
813 1051 892 1109 Num
919 1047 991 1121 quid
1018 1046 1096 1107 modi
1128 1043 1290 1105 futurumst

135 1147 220 1204 illum
244 1143 411 1219 quaerere?
454 1141 548 1207 Poeu.
573 1142 611 1214 V,
634 1149 663 1222 3,
686 1150 721 1210 3:
746 1148 826 1207 Nam
848 1163 932 1220 qutun
954 1161 1009 1219 ego
1032 1143 1167 1219 aspicio?
1197 1141 1288 1204 Truc·

136 1240 191 1315 lv,
215 1244 244 1315 2,
270 1245 326 1303 ll:
363 1244 410 1303 Da
432 1245 472 1302 mi
494 1261 630 1319 operam,
661 1253 849 1319 atumem,
881 1261 955 1319 quae
978 1245 1085 1304 volam.
1130 1239 1186 1303 DI.
1209 1241 1289 1298 Num

135 1340 209 1413 quid
230 1341 260 1399 id
284 1339 352 1403 est?
396 1338 456 1418 (sic
480 1338 571 1404 Both.
596 1340 680 1421 vulg.
703 1361 772 1403 nam
799 1345 872 1417 qma
900 1342 985 1408 eam).
1008 1370 1051 1381 —
1080 1335 1157 1401 Cist.
1181 1335 1236 1412 lv,
1262 1341 1289 1414 1,

139 1442 194 1500 17:
218 1440 283 1498 Non
307 1448 425 1500 ecastor
447 1456 533 1500 cassa
555 1443 700 1502 memoro!
723 1443 821 1512 Num,
849 1445 989 1513 obsecro,
1019 1440 1095 1499 unde
1117 1438 1191 1496 haec
1219 1453 1289 1510 gen·

135 1540 209 1597 tium
233 1536 302 1597 —?
333 1536 418 1600 Asin.
439 1535 463 1611 1,
491 1540 517 1613 1,
542 1541 598 1600 29:
622 1540 719 1598 Etiam
744 1542 879 1615 amplius.
911 1536 978 1601 DE.
1002 1538 1083 1596 Nam
1104 1552 1160 1608 quo
1176 1532 1290 1609 usque?

138 1665 177 1675 —
203 1632 274 1695 Aul.
298 1632 347 1709 ΙΙ,
371 1638 404 1711 2,
427 1638 485 1697 26;
516 1636 650 1712 Quonam
679 1634 765 1698 abis?
809 1634 923 1699 Bacch.
950 1652 980 1697 v.
1009 1636 1081 1697 246:
1113 1634 1288 1692 Salve.set

138 1735 292 1793 ubinamst
314 1733 552 1808 Mnesilochus?,
579 1732 619 1796 de
646 1749 709 1812 quo
737 1732 807 1797 loco
830 1730 1024 1797 Ritschelius
1056 1730 1087 1794 in
1112 1728 1287 1808 prolegom.

136 1827 177 1893 ad
202 1827 373 1892 Trinumm.
405 1847 435 1908 p.
460 1834 536 1893 212:
567 1846 765 1910 „quanquam
793 1831 837 1896 ibi
864 1848 927 1894 non
953 1829 1060 1910 inepte
1081 1826 1217 1891 Bothius
1239 1830 1291 1888 ubi

135 1929 337 1990 Mnesilochus
358 1947 430 1987 uum
450 1928 516 1991 est?
544 1930 725 2008 proposuit,
749 1946 831 2009 quae
854 1927 1018 1994 collocatio
1041 1925 1291 2006 interrogativae

136 2045 209 2087 rrum
240 2024 416 2104 particulae
451 2025 621 2105 aliquoties
650 2026 836 2091 oblitterata
865 2027 945 2090 est“
989 2024 1071 2088 Rud.
1101 2023 1150 2102 ll,
1176 2028 1211 2100 3,
1236 2027 1290 2087 60:

138 2127 269 2188 Ubinam
292 2142 329 2184 ea
351 2123 408 2183 luit
430 2127 601 2186 cistellula?
645 2124 738 2188 Truc.
770 2123 801 2201 Ι,
825 2129 857 2202 2,
883 2128 937 2188 34:
968 2125 1097 2202 Quinum
1123 2123 1292 2192 arbitrare?

136 2220 198 2301 (sie
221 2218 342 2300 Ang‚
366 2220 451 2302 vulg.
474 2221 639 2301 quianam).

224 2318 242 2381 i.
285 2317 350 2410 ‘Sed
381 2338 451 2380 uam
483 2319 587 2398 ipsum
615 2337 678 2383 non
706 2325 755 2384 est
782 2319 1062 2400 interrogativum,
1092 2315 1187 2381 immo
1216 2332 1293 2379 vero

137 2434 265 2495 semper
288 2416 476 2496 exprimitur
499 2417 717 2483 admirationis
746 2418 797 2483 vel
822 2416 1074 2497 exspectationis
1096 2415 1148 2480 vel
1171 2414 1293 2494 cupidi·

137 2515 214 2579 tat-is
238 2521 352 2580 motus.
397 2514 517 2580 Eadem
545 2514 584 2581 de
613 2532 710 2582 causa
739 2515 939 2595 componitur
965 2534 1037 2578 num
1064 2532 1136 2580 cum
1157 2513 1293 2577 interro·

137 2613 246 2692 gativa
273 2635 362 2677 uram:
397 2633 460 2679 non
490 2621 597 2679 tamen
622 2621 748 2681 veteres
776 2615 927 2680 dixerunt
952 2633 1007 2676 eur
1027 2632 1114 2681 uum,
1142 2611 1198 2676 sed
1222 2629 1292 2671 uam

136 2733 207 2775 cur:
232 2711 378 2776 dixerunt
401 2716 554 2788 quianam.
585 2715 634 2778 De
654 2733 797 2776 urrmuum
820 2731 849 2776 v.
871 2709 948 2792 §20
959 2711 988 2775 d.
1012 2711 1139 2775 Terent.
1156 2707 1290 2788 Adelph.

138 2808 205 2881 ΙΙΙ,
229 2816 260 2881 4,
282 2814 338 2871 42;
361 2813 436 2869 Num
459 2832 526 2873 nam
549 2816 603 2875 illa
624 2832 735 2889 quaeso
758 2813 907 2889 parturit?
932 2844 969 2854 -
994 2808 1097 2874 Plaut.
1123 2804 1234 2886 Amph.
1251 2805 1292 2885 ΙΙ,

142 2912 169 2984 1,
195 2910 248 2969 33;
272 2907 352 2965 Nmu
375 2926 449 2979 quor
471 2907 548 2970 istuc
572 2909 638 2986 [mi]
661 2910 761 2973 dicis?
807 2908 868 2972 Aul
900 2908 930 2986 Ι,
956 2915 988 2987 1,
1012 2913 1046 2973 3:
1072 2907 1152 2968 Num
1173 2923 1287 2968 curme

138 3008 277 3066 miseram
301 3006 442 3067 verberas
467 3006 534 3067 -?
577 3004 674 3068 Naev.
699 3005 769 3070 bell.
795 3005 874 3069 Pun.
898 3007 1023 3081 Fragm.
1045 3007 1105 3069 inc.
1131 3010 1162 3068 l:

695 3124 807 3166 summe
831 3107 915 3164 deum
940 3117 1080 3177 regnator

351 3204 501 3280 Quianam
526 3206 655 3277 genuisti
677 3201 806 3280 (Festus
830 3219 859 3278 p.
880 3204 941 3263 257
964 3198 1022 3275 M.)

139 3299 233 3362 Ennii
262 3296 367 3363 annal.
399 3298 419 3363 l.
440 3298 488 3378 ΙΙ,
512 3298 550 3363 lr.
576 3303 593 3361 6
623 3303 665 3369 (v.
693 3301 781 3373 130):
811 3301 954 3372 quianam
984 3302 1115 3375 legiones
1143 3299 1293 3359 caedimus

139 3399 229 3459 ferro.
260 3396 402 3471 [Servius
430 3397 462 3461 in
485 3400 561 3463 Aen.
586 3398 629 3476 X,
653 3401 672 3461 6
696 3399 875 3476 „quianam
906 3414 976 3475 cur,
1006 3393 1156 3476 quare.“).
1180 3393 1199 3457 l.
1222 3392 1293 3469 Vll,

139 3493 177 3559 fr.
206 3499 243 3559 18
267 3495 309 3575 (ν.
327 3498 418 3572 264);
443 3496 535 3574 [Heu]
558 3499 698 3571 quianam
716 3498 803 3558 dictis
827 3498 937 3556 uostris
960 3497 1109 3556 sententia
1124 3494 1202 3555 flexa
1225 3490 1294 3554 est?

141 3594 273 3671 (Festus
301 3593 319 3657 l.
343 3612 389 3659 c:
417 3598 580 3670 „quianam
609 3612 668 3676 pro
699 3611 800 3674 quare
827 3595 859 3658 et
889 3610 947 3656 cur
968 3592 1106 3671 positum
1134 3597 1184 3654 est
1210 3587 1296 3669 apud

140 3693 297 3772 antiquos.
307 3691 325 3720 “
378 3693 496 3757 Paulus
524 3711 554 3772 p.
584 3697 645 3757 256
679 3691 721 3757 M.
757 3694 924 3765 ‚munnam
958 3707 1016 3769 pro
1050 3708 1142 3764 quare
1178 3694 1211 3752 et
1241 3706 1296 3749 cur

140 3792 314 3872 ponitur“).
1192 3846 1194 3850 .

228 3896 277 3955 51.
326 3888 550 3955 wicmannus
571 3893 762 3952 roveclariam.
807 3888 844 3951 ln
866 3887 1085 3953 coniunctione
1106 3903 1174 3961 erqo
1197 3882 1297 3964 expli-

139 3987 241 4053 canda
263 3988 379 4053 iterum
402 4005 519 4066 sequar
540 3986 710 4053 Handium.

228 4106 255 4151 a.
301 4092 386 4162 arpo
407 4112 450 4141 =
472 4086 513 4151 ob
534 4085 615 4151 hanc
638 4103 776 4151 oausam.
799 4083 902 4147 Plaut.
920 4083 1004 4147 Asin.
1021 4081 1063 4159 ΙΙ,
1080 4088 1111 4163 2,
1132 4084 1188 4146 49;
1212 4087 1297 4157 Ergo

141 4187 272 4247 mirabar
301 4187 379 4261 quod
409 4187 517 4246 dudum
548 4189 691 4260 scapulae
719 4187 869 4260 gestibant
897 4184 976 4244 mihi.
1023 4179 1099 4245 cist.
1123 4180 1154 4258 Ι,
1182 4187 1214 4260 l,
1238 4185 1295 4244 74:

141 4289 227 4360 Ergo
249 4288 279 4345 in
303 4303 348 4344 me
371 4287 540 4361 peculatum
572 4282 654 4345 lacit.
700 4280 797 4345 Poen.
820 4278 859 4358 V,
890 4283 922 4357 2,
948 4282 1002 4343 93:
1034 4283 1118 4355 Ergo
1145 4281 1194 4340 bic
1217 4279 1297 4355 apud

140 4403 187 4445 me
212 4385 371 4458 hospitium
394 4383 448 4443 tibi
470 4383 672 4458 praebebitur.
