3125 5075
206 343 269 405 254
506 331 570 373 ΟΔΡ.
583 330 631 373 XV.
656 329 809 372 nonnum
822 329 1075 373 nuuttolmoututt.

206 520 397 598 definiatur,
428 522 530 599 mepta
552 519 697 586 declarat
718 523 753 585 et
775 518 820 601 ei,
848 520 902 602 qui
934 524 1030 587 antea
1051 521 1149 604 dixit,
1178 517 1364 588 affirmando

207 620 374 687 succurrit.
406 618 498 697 Quod
522 625 559 684 ut
579 616 769 700 significent,
792 618 945 685 Germani
964 619 1071 686 verbis
1094 618 1176 698 buri
1200 620 1271 686 sive
1285 615 1362 694 lud

206 715 312 793 turbt
335 716 503 782 utu'ntur.·‘
548 715 671 794 Quibus
693 717 776 784 addo
799 717 831 781 in
853 716 954 799 priori
969 733 1098 799 genere,
1120 718 1176 784 ubi
1198 717 1256 799 qui
1271 734 1364 799 qnae

206 815 250 880 rit
270 816 334 880 iam
357 814 420 881 scit
440 814 500 879 hoc
521 815 607 895 quod
628 815 765 896 quaerit,
789 811 1052 896 significationem
1068 815 1164 883 huius
1186 814 1365 897 porticulus

205 927 269 978 non
291 912 435 978 multum
450 911 609 977 diversam
632 929 704 979 esse
725 933 746 979 a
767 912 935 994 particulis
955 915 1050 989 icitur
1072 921 1106 980 et
1126 933 1213 991 erpo,
1242 912 1301 979 sed
1320 913 1366 978 itu

206 1012 327 1087 tamem
350 1016 397 1090 ut,
419 1009 475 1091 qui
496 1027 554 1090 per
574 1029 676 1085 nempe
696 1010 835 1092 queant,
857 1012 959 1093 magis
980 1012 1080 1077 instet
1101 1013 1194 1094 qnasi
1216 1011 1312 1077 alteri
1333 1016 1364 1076 ct

206 1107 309 1189 magis
332 1113 447 1190 urgeat
474 1107 507 1172 id
536 1108 621 1189 quod
649 1108 785 1188 quaerit.
818 1106 922 1173 Plaut.
946 1108 1033 1175 Asin.
1057 1108 1090 1190 1,
1116 1116 1149 1180 1,
1173 1115 1246 1176 104.
1269 1109 1313 1186 11,
1334 1112 1363 1188 2,

206 1210 257 1271 72.
282 1203 354 1270 lul.
374 1204 422 1284 11,
445 1214 480 1286 4,
508 1212 559 1270 14:
586 1208 699 1282 Nempe
723 1209 793 1269 huic
823 1208 975 1269 dimidium
1005 1209 1098 1288 dicis,
1129 1211 1283 1272 dimidium
1314 1211 1363 1271 do-

206 1303 352 1378 mum?¹·)
397 1302 523 1378 (Subito
545 1303 696 1385 inteiligit
721 1303 753 1367 id
783 1305 869 1383 quod
891 1310 989 1369 antea
1017 1307 1182 1371 nonsatis
1205 1303 1363 1371 intellexit

206 1406 240 1466 et
261 1400 388 1481 quaerit
409 1400 478 1481 hoc,
501 1406 539 1466 ut
560 1401 650 1480 sciat
672 1420 748 1466 num
770 1406 858 1466 recte
880 1401 976 1467 etiem
1004 1402 1210 1469 intellexerit
1255 1402 1295 1470 lu
1316 1420 1364 1469 re·

206 1516 324 1580 sponso
347 1516 474 1581 quoque
497 1504 563 1564 est:
584 1504 700 1576 Nempe
717 1504 796 1562 sient
817 1502 916 1574 dicis).
947 1497 1040 1566 curo.
1063 1500 1088 1573 1,
1113 1507 1141 1581 1,
1164 1506 1226 1566 44:
1249 1503 1363 1578 Nesope

207 1601 277 1660 huic
298 1602 400 1660 lenoni
423 1601 473 1675 qui
495 1601 546 1661 hic
569 1598 694 1677 habeti,
718 1595 748 1662 lu.
775 1615 801 1662 e.
825 1600 860 1660 tu
883 1596 968 1662 haud
990 1596 1088 1666 dubie
1109 1599 1190 1665 dicis
1214 1599 1361 1664 lenonem

205 1694 290 1760 huuc
312 1700 388 1761 cett.
414 1693 489 1760 cist
514 1694 560 1773 ΙΙ,
588 1703 624 1774 3,
648 1700 704 1761 56:
733 1697 845 1770 Nempe
875 1698 943 1759 istic
966 1704 1031 1775 est,
1060 1701 1110 1777 qni
1133 1700 1364 1761 Alcesimarcho

205 1795 296 1856 tiliam
321 1796 409 1856 Suam
431 1796 590 1871 despondit
612 1798 641 1855 in
672 1795 792 1857 divitius
819 1796 995 1860 maxumas?
1039 1794 1131 1877 Epid.
1153 1793 1223 1874 ΙΙΙ,
1246 1799 1283 1871 4,
1310 1798 1363 1859 13:

206 1893 319 1967 Nempe
339 1894 370 1952 ln
393 1894 598 1954 adulescentia
620 1895 712 1967 Quem
745 1895 825 1970 apud
853 1911 940 1970 reges
967 1903 1132 1958 memorant
1160 1896 1268 1971 umis,
1299 1904 1364 1956 arte

206 1991 336 2051 duellica
358 1992 485 2053 Divitias
508 2009 629 2067 magnas
652 1990 874 2068 indeptum?¹')
912 1989 1028 2056 Bacch.
1051 1990 1094 2063 ΙΙ,
1117 1996 1147 2070 2,
1173 1994 1228 2054 ll:
1252 1991 1363 2066 Nempe

206 2097 290 2149 recte
314 2088 416 2152 valet?
446 2086 501 2167 IV,
517 2094 547 2168 4,
563 2093 618 2153 38:
640 2090 752 2165 Naoura
773 2107 843 2165 erpo
865 2092 922 2151 hoe
945 2098 979 2152 ut
1000 2091 1115 2152 iaceret
1130 2091 1209 2166 quod
1233 2088 1362 2166 loquor?

206 2183 299 2249 Most
321 2183 365 2265 ΙΙ,
387 2190 416 2261 2,
439 2189 497 2250 60:
519 2187 634 2267 Nmpe
655 2204 725 2261 erpo
747 2189 777 2248 in
793 2187 926 2251 somnis?
958 2186 1042 2252 Meu.
1054 2186 1092 2263 V,
1109 2191 1139 2265 7,
1161 2190 1225 2250 41:
1249 2187 1363 2262 Nape

205 2283 326 2362 iubeat,
349 2283 380 2347 h.
404 2301 431 2347 e.
455 2282 548 2348 iubes
570 2283 690 2364 igitur?
713 2282 834 2350 Servus
848 2283 927 2351 haec
949 2283 1092 2364 loquitur
1113 2282 1363 2363 exspectationis

205 2381 418 2462 plenissimus,
441 2385 549 2446 utrum
572 2383 657 2447 serio
678 2379 775 2446 harus
798 2399 876 2448 suus
897 2398 933 2447 se
956 2381 1092 2448 liberum
1114 2380 1362 2462 proclamaverit

205 2497 246 2545 an
273 2497 355 2560 non,
382 2484 580 2561 quapropter
599 2483 637 2544 ut
665 2479 784 2545 certius
815 2480 911 2544 etium
934 2479 994 2545 hoc
1023 2477 1215 2562 proclamet,
1250 2478 1292 2545 ab
1324 2494 1361 2544 eo

206 2578 345 2658 quaerit:
380 2577 472 2643 iubes
498 2578 598 2659 ergo?
627 2579 682 2643 int
717 2595 767 2643 me
796 2577 932 2643 liberum
959 2577 1031 2643 ire?
1076 2577 1140 2642 Mil.
1171 2576 1223 2649 11,
1247 2582 1282 2654 3,
1305 2580 1359 2642 ou:

205 2677 319 2753 Nempe
340 2687 371 2739 tu
395 2681 463 2739 istic
485 2679 530 2739 ais
552 2695 619 2739 esse
642 2679 746 2738 erilem
770 2678 987 2740 concubinam?
1031 2674 1089 2751 ΙΙΙ,
1113 2680 1142 2753 3,
1166 2679 1222 2742 32:
1246 2678 1360 2757 Nesope

205 2776 353 2837 ludificari
376 2779 499 2836 mititem
522 2783 603 2835 tuum
626 2793 708 2836 erum
732 2772 797 2836 ris?
831 2770 909 2849 utut
935 2770 1022 2851 ttulit
1049 2772 1091 2835 bu
1113 2770 1215 2849 uiuit.
1262 2773 1360 2838 Putat

205 2871 231 2935 is
247 2871 300 2951 qui
316 2872 545 2952 interrogatae
568 2870 600 2934 id
623 2871 708 2949 quod
730 2869 815 2934 alter
835 2869 906 2934 vult
927 2876 1110 2935 assecutum
1132 2888 1222 2951 esse,
1246 2870 1304 2936 sed
1324 2875 1359 2934 nt

205 2968 266 3035 hoc
288 2973 377 3034 certo
401 2969 498 3034 etiam
520 2967 619 3047 sciat,
648 2988 687 3033 ex
710 2985 749 3032 eo
780 2968 906 3047 quaerit
932 2968 1010 3033 hoc:
1047 2969 1266 3033 Assemtnsue
1289 2985 1357 3034 sum

206 3068 402 3133 voluntatem
423 3072 527 3144 tuam,
557 3067 584 3131 si
606 3074 685 3145 puto
709 3074 741 3128 te
763 3064 874 3130 herum
898 3073 988 3131 tuum
1009 3062 1167 3131 ludificari
1189 3065 1293 3132 vellet
1329 3083 1357 3129 r.

203 3169 258 3231 48:
281 3169 394 3243 Nauae
415 3178 447 3228 tu
471 3169 577 3229 novisti
601 3170 675 3230 cett.
699 3164 740 3226 bu
762 3159 862 3242 tenuit
889 3161 959 3242 bod)
981 3161 1042 3226 -t
1085 3161 1202 3227 Pseud.
1219 3162 1246 3242 l,
1263 3167 1293 3242 2,
1310 3166 1356 3227 71:

204 3265 400 3344 [uemp01illi
430 3268 560 3327 audeant
582 3262 639 3341 [Is]
670 3264 699 3323 id
722 3262 837 3337 fucere,
873 3265 978 3340 quibus
1008 3273 1040 3324 nt
1067 3260 1195 3339 [miseri]
1229 3265 1360 3324 serviant

203 3383 273 3427 snus
296 3381 379 3425 eruor
401 3362 501 3440 cogit?
546 3366 574 3440 3,
601 3365 674 3427 119:
697 3362 810 3436 Nempe
832 3364 985 3436 conceptis
1008 3358 1131 3421 verbis?
1168 3355 1227 3437 IV,
1251 3363 1281 3437 7,
1305 3362 1358 3422 id:

202 3480 304 3538 sempe
326 3463 462 3522 tulllius
485 3479 585 3521 seruos
608 3457 665 3521 aa?
708 3457 778 3521 ΗΑ.
809 3462 1005 3521 Planissume.
1035 3455 1065 3520 h.
1089 3472 1116 3519 e.
1144 3459 1278 3521 rectene
1300 3470 1356 3537 ego

203 3577 328 3637 censeo,
351 3563 383 3622 te
405 3555 491 3621 illius
514 3572 642 3621 servum
665 3555 760 3620 esse?
784 3551 841 3620 liu
864 3551 921 3632 bid
943 3551 1013 3634 bod)
1025 3551 1086 3615 —t
1109 3572 1138 3614 v.
1164 3555 1221 3616 92:
1246 3556 1358 3635 Nmpe

202 3660 279 3735 qnod
314 3658 426 3718 femina
458 3665 511 3727 (==
538 3652 670 3726 temore)
704 3671 818 3715 summa
851 3651 1022 3716 sustinent?
1065 3649 1146 3714 Rud.
1176 3648 1206 3724 Ι,
1237 3657 1271 3729 5,
1305 3654 1357 3716 10:

201 3757 313 3830 Nempe
333 3773 410 3830 equo
438 3757 536 3828 ligneo
564 3770 618 3828 per
648 3753 711 3813 vias
739 3756 875 3813 caerulae
909 3753 991 3812 Estis
1019 3746 1148 3810 rectae?
1193 3745 1247 3826 ΙΙ,
1273 3752 1303 3827 7,
1325 3752 1356 3810 i:

200 3854 312 3929 Nempe
333 3850 441 3914 meae?
486 3846 542 3914 SC.
567 3851 680 3924 Neape
702 3851 804 3911 nescio
827 3852 913 3911 istuc.
959 3866 986 3910 v.
1011 3851 1047 3910 9:
1075 3847 1187 3919 Nmpe
1216 3844 1357 3922 puellae?

200 4002 261 4010 ——-
283 4005 291 4009 -
332 4002 378 4009 ..-

274 4099 306 4163 ¹⁰)
326 4098 405 4170 Vulg.
434 4099 512 4164 domi,
541 4098 616 4167 quod
648 4098 769 4154 correxit
800 4096 947 4152 Aciduliua.
984 4094 1071 4150 Goell.
1100 4094 1186 4163 doctr,
1215 4093 1267 4149 sed
1294 4094 1356 4146 dieis

198 4179 369 4327 lubet'lagia
387 4263 492 4318 emend.
511 4263 636 4318 Bothim.
656 4263 735 4333 vulg.
755 4260 893 4333 impeditis
912 4258 1045 4315 numeria:
1065 4274 1148 4327 scrupe
1160 4275 1231 4326 quen
1242 4262 1270 4308 m
1287 4255 1357 4308 adol.

199 4344 272 4398 Metu.
292 4364 333 4415 op.
352 4364 404 4415 ree.
425 4353 489 4401 cett.
