3125 5075
182 365 245 427 3⁶8
634 350 764 393 ΡΙΟΙΙΟΙ.
778 350 843 393 (ist.
857 351 895 393 VI.

181 550 279 604 ream,
303 546 380 607 quae
404 528 440 589 iu·
458 529 587 588 miliario
609 534 687 601 stat,
717 544 784 588 cam
813 534 926 589 metam
950 534 1032 589 stare
1054 533 1175 604 oportet
1197 529 1229 588 iu
1252 530 1349 592 madh

184 633 223 695 acl
244 626 500 707 perpendiculum.
552 621 587 687 C.
612 626 669 687 58:
691 626 802 688 Postea
821 626 903 687 olcus
925 627 1135 701 tempestivas,
1163 627 1243 688 uude
1266 630 1350 688 miul-

181 746 262 791 ruuru
283 726 344 789 olei
364 723 433 785 lieri
454 724 576 798 poterit,
598 739 649 784 eae
671 723 804 784 condito.
848 719 975 787 (1.157ε
999 730 1204 798 carceratur,
1229 725 1258 785 ia
1279 727 1350 786 olet

185 824 289 889 Plaut
312 818 410 887 Stich.
433 818 459 897 1,
485 824 513 898 1,
538 822 576 882 12
599 833 684 900 sqq.:
708 829 756 882 aet
778 821 845 895 hoc,
869 821 972 895 Soror,
995 823 1115 882 crucior
1133 828 1252 896 patrem
1270 828 1350 883 uum

183 924 343 997 licumque
365 920 451 993 adeo,
474 920 527 994 qui
548 937 624 980 unus
647 920 735 980 unice
758 919 880 981 Civibus
902 937 940 980 ex
961 920 1097 980 omnibus
1119 920 1232 994 probus
1247 920 1350 980 Perhi-

182 1023 281 1095 betur‚
304 1035 371 1079 cum
392 1034 470 1077 nunc
495 1017 614 1092 inprobi
636 1018 701 1077 Viri
723 1016 823 1079 officio
846 1018 898 1079 uti
943 1013 1073 1079 Terent
1096 1013 1177 1080 Eun.
1201 1013 1241 1093 V,
1266 1023 1298 1093 4,
1315 1018 1350 1078 6:

185 1118 264 1194 quod
286 1124 317 1178 el
354 1131 485 1176 amorem
516 1114 733 1175 difficillumum
761 1147 804 1158 -
833 1118 977 1191 virginem
1001 1115 1097 1188 Quom
1126 1114 1265 1189 amahus,
1288 1132 1350 1176 essu

184 1214 302 1276 confeci
324 1215 388 1274 siue
403 1214 551 1287 molestia,
574 1210 614 1275 ad
636 1227 666 1291 q.
689 1211 709 1277 l.
725 1210 867 1278 liubula:
890 1216 993 1287 „Eum
1009 1211 1069 1288 (sic
1082 1210 1257 1291 legebatur
1278 1219 1350 1275 ants

184 1309 426 1376 Fleckeisenum
455 1326 515 1389 pro
552 1310 631 1385 mm)
658 1307 809 1375 abundas
867 1306 971 1389 Saepe
1008 1308 1092 1374 enim
1121 1312 1252 1372 veteres
1278 1312 1350 1388 post

186 1408 284 1475 verba
305 1407 462 1488 quaedam
483 1406 654 1472 interiecta
666 1411 712 1485 le,
735 1411 785 1470 lic
803 1411 838 1472 et
851 1406 967 1473 similia
985 1412 1120 1487 ponam,
1135 1422 1220 1486 quas
1235 1405 1350 1471 abesse

184 1510 328 1587 possunt
372 1502 462 1570 lnlra
487 1523 517 1569 v.
547 1508 587 1570 29
616 1521 677 1584 sq.:
708 1508 852 1583 rugium
881 1509 985 1582 utam,
1020 1506 1128 1567 Thaidi
1155 1505 1246 1569 hodio
1274 1523 1350 1581 quse

185 1606 262 1668 dono
285 1607 395 1678 datast,
418 1605 483 1666 Scis
506 1622 572 1665 earu
594 1607 690 1667 civem
712 1606 781 1666 hina
805 1604 915 1666 essel“

274 1706 322 1766 13.
365 1703 552 1763 Procominu
574 1703 754 1781 mestaticos,
786 1701 813 1766 si
835 1700 999 1766 deforma
1020 1698 1164 1779 quaeris,
1192 1698 1349 1780 originem

185 1801 353 1865 uouemus
381 1816 422 1866 ex
445 1797 675 1879 personalibus.
735 1797 891 1879 Spectant
921 1804 1029 1864 autem
1061 1798 1104 1862 ad
1145 1814 1186 1861 ea
1219 1804 1350 1877 praeter

183 1916 268 1968 mmo
300 1902 368 1958 luas
403 1916 475 1959 suus
509 1904 608 1960 noster
639 1904 734 1961 ocatur
766 1897 862 1963 etiam
895 1900 1016 1976 occisa,
1050 1896 1135 1977 quud
1175 1913 1248 1961 cum
1279 1912 1350 1975 pos·

187 1993 301 2059 sessivi
337 2010 426 2073 prou.
462 1994 626 2076 coniungit
668 1992 934 2077 significationem
971 1994 1096 2060 relativi
1128 1992 1181 2057 vel
1213 1992 1350 2057 iuterro-

186 2090 295 2173 gativi
318 2096 354 2157 ut
375 2089 478 2157 Plaut.
502 2090 580 2159 cist.
598 2093 658 2174 111,
680 2110 709 2156 v.
734 2098 767 2156 2:
790 2095 833 2155 Ut
854 2111 966 2168 eorum,
989 2094 1109 2168 madum
1137 2108 1204 2155 csse
1230 2099 1350 2169 oporte

185 2198 228 2266 te,
250 2192 293 2253 sis
315 2192 425 2267 potius,
455 2210 542 2268 quaro
564 2210 639 2253 meu.
684 2189 766 2255 Rue.
789 2188 856 2271 111,
878 2195 915 2270 4,
937 2194 996 2274 4οε
1024 2197 1182 2269 argentum
1209 2207 1266 2268 ego
1296 2207 1350 2266 pro

185 2290 290 2351 istisce
313 2291 469 2363 ambabus,
493 2292 600 2363 quotae
621 2298 724 2364 eraut,
749 2291 867 2352 domiuo
890 2289 969 2352 dedi.
1019 2286 1135 2353 Bacch.
1159 2284 1215 2365 lv,
1239 2292 1270 2366 9,
1296 2292 1350 2351 24:

186 2388 217 2450 Is
239 2389 385 2450 Helenam
408 2389 543 2463 abduxit,
565 2390 655 2463 quau
677 2405 785 2449 caussa
799 2406 877 2449 nunc
899 2387 979 2450 secio
995 2388 1142 2464 opsidium
1159 2389 1225 2448 Ilio.
1256 2384 1349 2465 Epio

185 2483 229 2563 Π,
253 2489 283 2565 2,
309 2489 383 2550 lll:
406 2487 526 2561 quoiast
548 2486 679 2548 fidicina.
723 2482 805 2550 laud.
829 2484 872 2564 11,
896 2490 926 2565 3,
949 2489 983 2550 2:
1006 2487 1104 2564 Quoia
1125 2485 1165 2547 ad
1186 2486 1270 2547 auris
1287 2485 1350 2546 Vox

183 2588 225 2645 mi
246 2584 415 2647 advolarit?
459 2582 575 2649 Bacch.
598 2582 654 2663 IV,
671 2588 700 2663 9,
716 2589 774 2648 55:
787 2586 952 2662 Quonam
974 2603 1031 2647 vox
1054 2602 1148 2661 prope
1170 2600 1219 2644 me
1244 2582 1350 2644 sonat?

184 2679 276 2746 Cura.
300 2679 324 2758 Ι,
349 2684 447 2760 2,18;
469 2684 566 2760 Quoia
588 2701 645 2746 vox
662 2683 889 2759 sonatprocul?
911 2680 954 2760 11,
981 2685 1008 2760 1,
1034 2689 1086 2746 14;
1112 2683 1233 2756 quolam
1248 2697 1350 2743 vocem

186 2797 241 2856 ego
264 2780 375 2841 audio?
418 2778 517 2844 Mero.
540 2778 595 2859 IV,
624 2778 682 2859 111,
706 2783 764 2843 21:
789 2783 886 2859 Quoia
913 2783 967 2842 illa
992 2782 1099 2841 mulier
1126 2778 1244 2840 inlust?
1290 2777 1350 2840 Po·

186 2880 306 2938 nuutur
328 2879 435 2941 autem
464 2877 648 2956 possessiva
676 2876 744 2941 fere
772 2882 840 2941 tum
870 2876 988 2956 solum,
1017 2894 1088 2941 cum
1116 2875 1186 2941 sine
1215 2875 1257 2940 iis
1287 2891 1349 2939 uon

186 2971 385 3055 intelligitur,
409 2974 500 3040 cuius
521 2975 630 3056 eliqua
651 2994 705 3040 res
728 2975 780 3055 sit,
803 2993 875 3040 cum
897 2973 1056 3054 oppositio
1073 2978 1123 3039 est
1143 2974 1176 3037 in
1199 2975 1349 3038 enuncia-

187 3068 273 3134 tione
296 3087 432 3152 cumque
453 3077 588 3138 accentu
609 3073 701 3153 quusi
723 3077 886 3152 notantur,
909 3088 1011 3152 quare
1039 3089 1136 3151 saepe
1167 3070 1349 3154 significant

185 3166 272 3246 quod
293 3167 427 3234 alicuius
455 3171 504 3236 rei
533 3172 581 3235 vel
610 3169 746 3235 hominis
772 3170 937 3250 proprium
967 3175 1020 3235 est
1040 3169 1182 3247 (Ramsh.
1206 3188 1237 3250 p.
1263 3170 1347 3240 340).

185 3263 343 3346 Usurpuri
364 3274 473 3334 autem
488 3273 623 3349 possunt
647 3273 705 3332 aut
727 3268 904 3334 subiectiva
926 3272 984 3332 aut
1005 3269 1132 3349 passiva
1147 3286 1173 3332 s.
1189 3266 1349 3333 obiectiva

184 3360 423 3443 significatione.
461 3365 560 3431 Naev.
584 3366 713 3433 Ariolus
734 3364 772 3431 lr.
797 3370 827 3444 2,
843 3384 871 3431 v.
895 3372 953 3431 22:
976 3367 1084 3441 Scopa
1105 3375 1250 3442 utrosque
1265 3414 1273 3429 .
1291 3412 1299 3426 .
1316 3410 1347 3430 ..

185 3464 286 3526 decuit
307 3473 449 3542 acceptos
463 3468 539 3529 cibo.
584 3463 688 3529 Plaut
717 3463 789 3530 (las.
812 3462 877 3543 ΙΙΙ,
901 3465 936 3543 6,
960 3467 1015 3527 24:
1038 3466 1110 3524 Tam
1133 3467 1205 3524 mihi
1229 3466 1349 3541 quidem

182 3579 249 3623 mcc
271 3565 331 3625 vita
353 3583 440 3640 quam
463 3569 516 3625 occ
538 3565 592 3625 tibi
615 3572 724 3626 curast.
754 3562 844 3627 Pers.
867 3560 923 3640 IV,
945 3565 975 3643 3,
992 3566 1027 3626 3:
1048 3580 1115 3623 mco
1135 3564 1248 3623 ancilla
1270 3579 1347 3640 quac

184 3658 241 3721 suit
270 3661 376 3736 hodie,
402 3679 461 3724 m
483 3680 560 3723 uunc
584 3671 645 3736 est,
670 3658 777 3744 gebitt
803 3658 867 3743 ittet
888 3657 942 3740 fid)
966 3675 1020 3732 au,
1043 3656 1079 3738 lit
1101 3656 1165 3738 itai.
1210 3657 1279 3723 Mil.
1304 3657 1348 3740 ΙΙ,

187 3759 215 3835 l,
237 3760 273 3820 2:
289 3759 321 3821 Si
344 3761 382 3820 ad
403 3760 630 3822 auscultandum
652 3765 758 3821 vostra
782 3762 843 3820 erit
865 3761 1042 3835 benignitas,
1065 3756 1121 3821 ubi
1135 3756 1243 3822 lina:
1268 3775 1348 3839 „pro

186 3868 234 3932 eo,
257 3854 343 3934 quod
357 3854 527 3920 &cendum
543 3861 632 3920 erat:
655 3858 737 3918 oolla
758 3859 825 3934 erit,
841 3855 942 3920 sivoe
956 3854 1125 3933 habebitis,
1142 3856 1349 3931 praestabitis

184 3951 447 4033 benignitatem.“
467 3953 535 4018 llil.
556 3953 617 4034 111,
642 3959 670 4035 1,
694 3958 749 4033 ao:
767 3956 841 4030 Quis
864 3955 952 4018 homo
974 3957 1015 4016 sit
1037 3956 1130 4031 magis
1152 3971 1235 4016 mesca
1258 3973 1349 4031 quan

183 4051 297 4116 tute’u?
321 4076 365 4108 =
394 4053 466 4133 quis
492 4053 595 4135 magis
621 4052 655 4116 in
681 4069 750 4117 rem
779 4067 885 4117 meum
911 4049 1019 4116 facere
1042 4055 1076 4116 ct
1097 4050 1267 4116 consulere
1290 4069 1349 4131 po-

183 4151 255 4215 test
279 4148 328 4231 Π,
352 4156 388 4230 5,
419 4153 687 4217 21:1³erucruturi
715 4152 772 4213 hoc
797 4155 881 4226 volo,
909 4151 1071 4224 Sceledre,
1101 4167 1154 4211 uos
1183 4150 1280 4211 noalri
1308 4168 1348 4212 au

183 4249 274 4309 alieni
295 4252 396 4324 ulmus,
420 4247 475 4312 ubi
496 4247 610 4313 Lamo
633 4246 793 4327 „Nostrae
812 4246 951 4313 familiae
977 4264 1019 4313 an
1040 4246 1180 4313 alienae:
1203 4247 1251 4312 ita
1272 4265 1348 4313 mox

184 4342 226 4419 [v.
254 4345 322 4424 231:
350 4349 442 4411 certe
471 4349 609 4424 equidem
630 4351 730 4410 muter
751 4346 848 4410 sum.“
892 4343 971 4411 cist
996 4343 1034 4426 1,
1058 4350 1091 4425 2,
1116 4349 1170 4409 27;
1195 4348 1244 4408 lla
1266 4348 1348 4410 (lien
