3125 5075
201 332 263 390 ata
551 324 706 368 sumitur.
724 325 884 370 scissura
897 327 960 370 cir.
975 327 1014 369 tv.

202 514 235 577 p.
267 499 336 561 170.
387 497 441 563 Fr.
472 502 490 562 6
520 500 553 563 in
584 519 612 564 v.
644 507 727 561 orato
760 500 969 581 magistratus
1001 499 1203 583 significatus
1237 504 1302 580 cst,
1337 518 1365 565 u.

201 594 348 660 Dirksen.
371 613 401 676 p.
429 601 498 661 tta.
543 597 648 664 Etiam
673 598 737 663 tab.
760 596 800 674 V,
823 596 861 663 lr.
887 605 905 663 5
928 600 1107 666 subiectum
1129 598 1286 663 omissum
1308 603 1368 679 est,

201 689 241 758 cf.
262 692 410 758 DIrksen.
433 711 464 774 p.
489 700 548 760 331
576 713 631 777 sq,
653 696 731 760 item
753 696 819 761 tab.
837 696 926 777 VIII,
948 696 987 762 ir.
1004 702 1033 777 2,
1056 716 1085 762 v.
1101 696 1264 776 Dirksan.‚
1288 694 1366 760 item

200 787 239 854 ir.
262 796 282 855 4
305 794 338 855 et
359 789 397 854 fr.
425 795 473 856 12.
519 792 627 858 Simile
648 798 699 858 est
721 790 801 857 (lato
824 793 861 859 Β.
884 794 921 859 Β.
950 814 976 860 c.
1002 798 1055 859 10:
1089 798 1171 856 dolia
1197 813 1256 871 quo
1286 796 1368 856 sina·

202 907 273 950 ceos
294 891 412 958 condat,
446 889 525 954 item
547 910 573 955 c.
600 896 653 954 ll:
688 893 768 953 dolia
790 894 840 952 ubi
864 896 1004 955 vinaceos
1032 894 1157 968 condat,
1191 891 1249 955 sed
1278 889 1369 955 ibid:

201 990 276 1062 cola,
300 990 351 1063 qui
372 988 477 1049 florem
499 990 625 1050 demant.
671 986 828 1053 Oiatai
850 995 940 1065 locet,
963 1007 1006 1055 se.
1023 988 1180 1069 dominus,
1203 1007 1263 1053 nec
1278 987 1370 1067 quid·

205 1100 301 1163 quam
324 1084 364 1149 ad
387 1102 468 1164 opus
491 1086 654 1165 praebeat.
700 1084 734 1149 C.
761 1091 838 1151 150:
868 1092 1041 1168 promittat,
1065 1105 1109 1152 sc.
1131 1086 1288 1151 dominus.
1335 1084 1368 1150 C.

203 1187 257 1247 12:
282 1184 446 1245 confibulas
470 1188 593 1261 ligneas,
618 1189 667 1262 qui
690 1188 815 1248 arbores
837 1188 1018 1260 comprimat
1064 1184 1099 1249 G.
1125 1189 1179 1249 14:
1203 1188 1370 1261 paullularn

200 1284 302 1359 pilam,
326 1284 377 1343 ubi
399 1285 531 1343 triticum
550 1286 683 1358 pinsant.

288 1378 454 1445 Interdum
478 1379 714 1445 substantivum
737 1381 848 1446 eodem
871 1380 921 1445 vel
945 1380 1043 1446 etiarn
1069 1380 1132 1445 alio
1155 1395 1235 1445 casu
1261 1386 1369 1444 mente

202 1475 383 1540 addendum
406 1482 470 1555 cst,
504 1478 590 1556 quod
618 1479 650 1542 in
680 1480 881 1560 praegressis
910 1479 1051 1560 positum
1081 1484 1162 1544 erut
1207 1478 1261 1545 Sic
1291 1470 1369 1542 Cato

201 1573 238 1637 R.
262 1573 299 1637 R.
324 1592 348 1638 c.
373 1580 428 1638 77:
458 1579 501 1638 ita
523 1580 667 1651 imponito
691 1580 721 1637 iu
745 1583 820 1657 solo,
844 1582 913 1640 dein
935 1582 1024 1654 plicis
1048 1580 1196 1654 completo
1220 1580 1299 1638 bene
1322 1596 1368 1636 ar-

202 1681 323 1751 ctaque,
355 1673 410 1738 ubi
433 1673 473 1737 ad
497 1677 634 1749 completo
656 1674 800 1756 intellige
827 1679 930 1739 solum.
975 1672 1009 1739 C.
1036 1680 1111 1739 155:
1145 1693 1252 1751 aquam
1278 1676 1365 1735 dedu·

202 1791 271 1832 cere
296 1776 327 1832 in
349 1776 412 1833 vias
436 1780 467 1833 et
490 1782 621 1847 segetem
644 1791 750 1835 curare
774 1783 905 1850 oportet,
929 1776 973 1835 uti
998 1774 1086 1849 fluat,
1121 1790 1165 1837 sc.
1196 1789 1291 1851 aqua
1337 1769 1369 1835 C.

205 1873 280 1933 161:
303 1888 480 1946 asparagum
502 1873 605 1932 vellito
629 1874 666 1931 ab
689 1874 801 1937 radice.
824 1892 893 1933 narn
916 1875 942 1934 si
965 1871 1126 1948 defringas,
1151 1874 1263 1946 stirpes
1286 1871 1368 1942 fient,

201 1977 234 2029 et
245 1970 500 2029 intermorientur.
524 1966 615 2033 Schn.
629 1968 752 2032 mavult
761 1972 991 2038 intermorictar,
1004 1986 1046 2034 se.
1058 1984 1246 2049 asparagus
1263 1965 1369 2031 Plaut

201 2064 297 2129 Pacu.
310 2064 348 2144 V,
366 2068 395 2140 2,
416 2070 491 2129 103:
515 2070 630 2145 Ecquid
654 2070 816 2129 meministi
840 2076 921 2129 tuum
944 2078 1103 2145 parantum
1126 2066 1267 2129 nomina?
1301 2062 1369 2128 AG.

201 2167 300 2226 Patris
329 2172 417 2241 atque
441 2168 544 2227 matris
568 2169 703 2240 memini,
736 2183 779 2229 sc.
803 2164 939 2228 nomina
984 2162 1075 2245 Gapt.
1100 2164 1160 2242 III,
1182 2168 1214 2242 4,
1237 2166 1296 2227 29:
1330 2169 1370 2223 At

203 2266 295 2324 etiam
317 2271 347 2325 te
371 2283 453 2325 suum
478 2265 609 2325 sodalem
634 2283 700 2326 esse
724 2267 815 2325 aibat.
861 2262 926 2326 TY.
950 2266 1037 2325 Haud
1053 2266 1114 2325 vidi
1130 2264 1235 2339 magis,
1259 2279 1303 2325 sc
1320 2277 1371 2324 sc·

203 2360 317 2425 dalem.
362 2360 458 2424 Pacu.
481 2360 540 2440 111,
565 2366 594 2439 2,
619 2368 675 2427 36:
698 2366 793 2425 bonus
817 2370 873 2437 est,
897 2378 941 2425 sc.
963 2360 1044 2441 leno,
1067 2359 1106 2425 ci.
1128 2358 1368 2425 adnotationem

203 2458 386 2524 Boxhornii.

289 2559 470 2623 Nonnullae
493 2557 622 2638 ellipses
642 2576 681 2621 es
704 2557 934 2623 consuetudine
961 2556 1104 2637 vulgaris
1131 2555 1290 2620 sermonis
1319 2572 1369 2617 re·

203 2656 361 2737 petendae
385 2661 467 2721 sunt.
513 2657 584 2720 Huc
607 2655 748 2736 pertinet
769 2657 909 2738 primum
931 2654 1069 2720 formula
1090 2658 1133 2716 sic
1154 2656 1261 2722 datar,
1289 2668 1371 2731 quae

203 2753 375 2834 aliquoties
396 2755 482 2834 apud
502 2754 652 2818 Plautum
675 2754 845 2833 iuvenitur,
868 2753 901 2817 in
924 2770 988 2832 qua
1007 2770 1080 2831 non,
1104 2750 1372 2833 quemadmodum

207 2852 340 2917 Rostius
362 2851 514 2917 censebat
527 2871 558 2932 p.
577 2856 754 2930 iae-130,
778 2852 897 2931 ubique
912 2850 1094 2915 addendum
1110 2856 1161 2914 est
1175 2854 1274 2918 cosio,
1298 2866 1372 2912 nunt

205 2948 286 3014 haec
308 2949 391 3013 ratio
414 2950 506 3014 nimis
530 2956 677 3015 contorta
699 2957 751 3014 est
773 2955 807 3014 et
830 2950 991 3028 impedita.
1020 2949 1122 3013 Multo
1146 2945 1372 3027 slmpliciorem

205 3053 240 3113 et
262 3047 507 3129 probabiliorem
530 3050 688 3113 rationem
710 3047 847 3130 protulit
870 3046 1063 3112 Balbachius
1084 3066 1115 3129 p.
1140 3051 1285 3123 56—59,
1318 3044 1372 3123 qui

206 3147 302 3212 docet
339 3146 457 3226 ubique
491 3152 597 3211 mente
629 3145 809 3212 addendum
844 3164 917 3210 esse
939 3148 1072 3222 pretium
1099 3145 1166 3209 sive
1189 3146 1371 3220 mactatum.

206 3245 283 3312 Loci
307 3249 380 3311 sunt
402 3245 444 3310 hi.
469 3245 585 3311 Pseud.
608 3244 634 3324 1,
658 3252 688 3325 4,
712 3249 761 3309 22.
786 3244 870 3309 Men.
888 3243 942 3323 IV,
966 3250 996 3325 2,
1019 3249 1070 3308 40.
1092 3243 1134 3308 ib,
1158 3263 1186 3308 v.
1204 3247 1254 3306 64.
1279 3241 1372 3305 Truc.

208 3345 252 3425 11,
276 3350 306 3426 8,
330 3350 360 3410 4.
383 3343 480 3409 Stich.
498 3343 536 3424 V,
561 3348 591 3425 6,
614 3356 634 3409 4
657 3342 716 3423 (sic
738 3345 803 3417 sori
825 3345 938 3418 dator).
984 3340 1156 3422 Comparat
1179 3339 1373 3405 Balbacths

207 3463 279 3511 cum
301 3443 361 3508 hac
383 3442 492 3523 phrasi
514 3443 742 3524 gerrnanicam:
766 3441 806 3504 bo
829 3438 894 3521 batt
917 3439 958 3503 aa
981 3437 1088 3502 beista
1112 3434 1213 3520 inqu!
1248 3437 1373 3502 Deinde

206 3543 240 3608 in
269 3543 451 3608 obtestandi
478 3539 624 3606 formulis
649 3543 736 3615 riam
759 3539 935 3619 omittitur,
967 3543 1004 3601 ut
1026 3537 1154 3602 Terent.
1178 3535 1308 3600 Phorm.
1330 3533 1374 3613 H,

210 3646 239 3723 3,
263 3648 296 3707 4;
319 3644 378 3704 Pro
401 3644 487 3703 deum
511 3643 722 3702 inmortalium.

294 3744 323 3804 2.
352 3741 521 3800 Plecttasmi
542 3741 803 3801 substantivorum.
842 3735 892 3800 Au
914 3734 1116 3815 pleonasmos
1138 3731 1277 3813 primum
1299 3750 1374 3813 per.

207 3837 312 3903 tinent
327 3835 629 3902 circumlocutiones
644 3836 809 3901 notionum
824 3832 1025 3915 simplicium,
1049 3832 1140 3897 cuius
1163 3830 1290 3912 generis
1312 3832 1376 3893 iam

210 3954 310 4016 supra
332 3933 424 4015 (Cap.
440 3934 466 4012 Ι,
491 3934 517 4012 ἓ.
536 3939 554 3999 3
571 3941 605 3997 ct
618 3931 653 4014 4)
675 3931 828 3998 nonnulla
850 3930 996 4013 exempla
1013 3930 1141 4012 prolata
1163 3936 1247 3994 suut.
1272 3927 1375 4008 Saepe

209 4052 268 4115 per
290 4033 510 4114 pleonasmum
533 4031 801 4114 periphrasticum
824 4049 926 4113 genus
949 4033 983 4094 et
1005 4029 1131 4110 species
1150 4028 1183 4092 in
1205 4044 1301 4091 unam
1320 4045 1378 4091 no·

209 4132 328 4197 donem
357 4131 596 4213 grammaticam
627 4134 870 4214 coniunguntur.
916 4127 969 4194 Sic
1002 4146 1053 4209 ap.
1089 4125 1245 4191 Catonem
1271 4123 1310 4189 R
1340 4124 1377 4188 R

210 4250 236 4297 c.
262 4238 291 4310 7,
312 4237 333 4296 t
357 4236 407 4298 est
428 4235 553 4295 orchites
575 4235 663 4312 oleos,
681 4234 796 4309 postas,
829 4230 909 4293 item
932 4246 957 4293 c.
982 4231 1035 4291 20:
1070 4229 1219 4289 Modiolus
1241 4228 1272 4285 in
1296 4225 1376 4285 orbis

211 4334 363 4409 oleaginus
387 4351 423 4395 ex
446 4334 556 4394 archita
577 4333 643 4392 olea
665 4332 765 4394 tacito.
802 4330 901 4404 Lapis
922 4329 1001 4389 sitae
1020 4341 1116 4405 saepe
1139 4321 1257 4388 dicitur
1279 4319 1377 4386 aCa-
