<?xml version="1.0" encoding="UTF-8"?>
<!DOCTYPE html PUBLIC "-//W3C//DTD XHTML 1.0 Transitional//EN"
    "http://www.w3.org/TR/xhtml1/DTD/xhtml1-transitional.dtd">
<html xmlns="http://www.w3.org/1999/xhtml" xml:lang="en" lang="en">
 <head>
  <title>
</title>
<meta http-equiv="Content-Type" content="text/html;charset=utf-8" />
  <meta name='ocr-system' content='tesseract 3.04.00' />
  <meta name='ocr-capabilities' content='ocr_page ocr_carea ocr_par ocr_line ocrx_word'/>
</head>
<body>
  <div class='ocr_page' id='page_1' title='image "./syntaxispriscor00holtgoog_0402.png"; bbox 0 0 3125 5075; ppageno 0'>
   <div class='ocr_carea' id='block_1_1' title="bbox 558 384 1346 450">
    <p class='ocr_par' dir='ltr' id='par_1_1' title="bbox 558 384 1346 450">
     <span class='ocr_line' id='line_1_1' title="bbox 558 384 1346 450; baseline -0.013 -24"><span class='ocrx_word' id='word_1_1' title='bbox 558 389 596 426; x_wconf 91' lang='lat' dir='ltr'><strong>lll.</strong></span> <span class='ocrx_word' id='word_1_2' title='bbox 627 386 784 424; x_wconf 71' lang='lat' dir='ltr'><strong>Puoxouetx</strong></span> <span class='ocrx_word' id='word_1_3' title='bbox 803 384 977 422; x_wconf 66' lang='lat' dir='ltr'><strong>uernulvuu.</strong></span> <span class='ocrx_word' id='word_1_4' title='bbox 1285 392 1346 450; x_wconf 75' lang='lat'><strong>383</strong></span> 
     </span>
    </p>
   </div>
   <div class='ocr_carea' id='block_1_2' title="bbox 193 556 1351 4464">
    <p class='ocr_par' dir='ltr' id='par_1_2' title="bbox 193 556 1349 1700">
     <span class='ocr_line' id='line_1_2' title="bbox 213 556 1348 637; baseline -0.002 -16"><span class='ocrx_word' id='word_1_5' title='bbox 213 579 322 622; x_wconf 85' lang='lat' dir='ltr'><strong>manum.</strong></span> <span class='ocrx_word' id='word_1_6' title='bbox 344 575 373 620; x_wconf 84' lang='lat' dir='ltr'><strong>v.</strong></span> <span class='ocrx_word' id='word_1_7' title='bbox 397 561 457 623; x_wconf 81' lang='lat'><strong>28:</strong></span> <span class='ocrx_word' id='word_1_8' title='bbox 490 563 582 622; x_wconf 88' lang='lat' dir='ltr'><strong>Dite</strong></span> <span class='ocrx_word' id='word_1_9' title='bbox 605 564 769 636; x_wconf 75' lang='lat' dir='ltr'>eradicent,</span> <span class='ocrx_word' id='word_1_10' title='bbox 792 562 844 635; x_wconf 76' lang='lat' dir='ltr'><strong>qui</strong></span> <span class='ocrx_word' id='word_1_11' title='bbox 865 579 911 621; x_wconf 90' lang='lat' dir='ltr'><strong>me</strong></span> <span class='ocrx_word' id='word_1_12' title='bbox 934 562 1003 621; x_wconf 87' lang='lat' dir='ltr'><strong>hino</strong></span> <span class='ocrx_word' id='word_1_13' title='bbox 1027 559 1175 631; x_wconf 74' lang='lat' dir='ltr'><strong>extrudis,</strong></span> <span class='ocrx_word' id='word_1_14' title='bbox 1203 558 1286 634; x_wconf 83' lang='lat' dir='ltr'><strong>Syre.</strong></span> <span class='ocrx_word' id='word_1_15' title='bbox 1308 556 1348 637; x_wconf 96' lang='lat' dir='ltr'><strong>V,</strong></span> 
     </span>
     <span class='ocr_line' id='line_1_3' title="bbox 211 658 1346 737; baseline -0.004 -16"><span class='ocrx_word' id='word_1_16' title='bbox 211 664 233 736; x_wconf 91' lang='lat' dir='ltr'><strong>i,</strong></span> <span class='ocrx_word' id='word_1_17' title='bbox 250 661 304 722; x_wconf 78' lang='lat'><strong>24:</strong></span> <span class='ocrx_word' id='word_1_18' title='bbox 326 659 428 733; x_wconf 88' lang='lat' dir='ltr'><strong>miror,</strong></span> <span class='ocrx_word' id='word_1_19' title='bbox 451 661 503 734; x_wconf 76' lang='lat' dir='ltr'><strong>gai</strong></span> <span class='ocrx_word' id='word_1_20' title='bbox 526 662 668 721; x_wconf 85' lang='lat' dir='ltr'><strong>allatam</strong></span> <span class='ocrx_word' id='word_1_21' title='bbox 691 661 780 736; x_wconf 84' lang='lat' dir='ltr'><strong>plane</strong></span> <span class='ocrx_word' id='word_1_22' title='bbox 805 661 892 720; x_wconf 83' lang='lat' dir='ltr'><strong>scias.</strong></span> <span class='ocrx_word' id='word_1_23' title='bbox 917 663 946 737; x_wconf 88' lang='lat'><strong>3,</strong></span> <span class='ocrx_word' id='word_1_24' title='bbox 970 661 1003 722; x_wconf 87' lang='lat'><strong>9:</strong></span> <span class='ocrx_word' id='word_1_25' title='bbox 1027 660 1144 734; x_wconf 89' lang='lat' dir='ltr'><strong>iniquos</strong></span> <span class='ocrx_word' id='word_1_26' title='bbox 1167 675 1210 730; x_wconf 89' lang='lat' dir='ltr'><strong>es,</strong></span> <span class='ocrx_word' id='word_1_27' title='bbox 1234 658 1285 729; x_wconf 78' lang='lat' dir='ltr'><strong>gni</strong></span> <span class='ocrx_word' id='word_1_28' title='bbox 1300 674 1346 717; x_wconf 92' lang='lat' dir='ltr'><strong>me</strong></span> 
     </span>
     <span class='ocr_line' id='line_1_4' title="bbox 207 754 1348 836; baseline -0.004 -18"><span class='ocrx_word' id='word_1_29' title='bbox 207 763 295 818; x_wconf 73' lang='lat' dir='ltr'><strong>heere</strong></span> <span class='ocrx_word' id='word_1_30' title='bbox 317 756 355 817; x_wconf 91' lang='lat' dir='ltr'><strong>de</strong></span> <span class='ocrx_word' id='word_1_31' title='bbox 378 774 412 817; x_wconf 87' lang='lat' dir='ltr'><strong>re</strong></span> <span class='ocrx_word' id='word_1_32' title='bbox 427 764 511 818; x_wconf 89' lang='lat' dir='ltr'><strong>tanta</strong></span> <span class='ocrx_word' id='word_1_33' title='bbox 533 760 676 833; x_wconf 86' lang='lat' dir='ltr'><strong>postules.</strong></span> <span class='ocrx_word' id='word_1_34' title='bbox 714 754 849 836; x_wconf 81' lang='lat' dir='ltr'><strong>Adelph.</strong></span> <span class='ocrx_word' id='word_1_35' title='bbox 872 755 898 832; x_wconf 95' lang='lat' dir='ltr'><strong>I,</strong></span> <span class='ocrx_word' id='word_1_36' title='bbox 923 761 951 835; x_wconf 94' lang='grc'><strong>1,</strong></span> <span class='ocrx_word' id='word_1_37' title='bbox 974 760 1027 819; x_wconf 84' lang='grc' dir='ltr'><strong>4Ι;</strong></span> <span class='ocrx_word' id='word_1_38' title='bbox 1065 758 1157 816; x_wconf 88' lang='lat' dir='ltr'><strong>Errat</strong></span> <span class='ocrx_word' id='word_1_39' title='bbox 1179 758 1266 832; x_wconf 92' lang='lat' dir='ltr'><strong>longe</strong></span> <span class='ocrx_word' id='word_1_40' title='bbox 1282 773 1348 815; x_wconf 90' lang='lat' dir='ltr'><strong>mea</strong></span> 
     </span>
     <span class='ocr_line' id='line_1_5' title="bbox 203 852 1347 933; baseline -0.004 -17"><span class='ocrx_word' id='word_1_41' title='bbox 203 855 306 931; x_wconf 76' lang='lat' dir='ltr'><strong>pridem</strong></span> <span class='ocrx_word' id='word_1_42' title='bbox 337 857 501 930; x_wconf 85' lang='lat' dir='ltr'><strong>sententia,</strong></span> <span class='ocrx_word' id='word_1_43' title='bbox 539 856 660 933; x_wconf 80' lang='lat' dir='ltr'><strong>Qui-</strong></span> <span class='ocrx_word' id='word_1_44' title='bbox 683 858 793 931; x_wconf 67' lang='lat' dir='ltr'><strong>medat,</strong></span> <span class='ocrx_word' id='word_1_45' title='bbox 836 853 913 918; x_wconf 88' lang='lat' dir='ltr'><strong>Hec.</strong></span> <span class='ocrx_word' id='word_1_46' title='bbox 942 852 1003 932; x_wconf 91' lang='lat' dir='ltr'><strong>IV,</strong></span> <span class='ocrx_word' id='word_1_47' title='bbox 1042 857 1072 930; x_wconf 93' lang='grc'><strong>1,</strong></span> <span class='ocrx_word' id='word_1_48' title='bbox 1109 856 1165 915; x_wconf 85' lang='grc'><strong>49;</strong></span> <span class='ocrx_word' id='word_1_49' title='bbox 1211 853 1269 913; x_wconf 83' lang='lat' dir='ltr'><strong>Sed</strong></span> <span class='ocrx_word' id='word_1_50' title='bbox 1293 869 1347 927; x_wconf 90' lang='lat' dir='ltr'><strong>ego</strong></span> 
     </span>
     <span class='ocr_line' id='line_1_6' title="bbox 198 947 1347 1029; baseline -0.003 -15"><span class='ocrx_word' id='word_1_51' title='bbox 198 956 317 1026; x_wconf 81' lang='lat' dir='ltr'><strong>stultior,</strong></span> <span class='ocrx_word' id='word_1_52' title='bbox 340 954 416 1013; x_wconf 88' lang='lat' dir='ltr'><strong>meis</strong></span> <span class='ocrx_word' id='word_1_53' title='bbox 440 953 528 1014; x_wconf 86' lang='lat' dir='ltr'><strong>dietis</strong></span> <span class='ocrx_word' id='word_1_54' title='bbox 550 972 658 1029; x_wconf 90' lang='lat' dir='ltr'><strong>parere</strong></span> <span class='ocrx_word' id='word_1_55' title='bbox 681 957 757 1015; x_wconf 88' lang='lat' dir='ltr'><strong>hane</strong></span> <span class='ocrx_word' id='word_1_56' title='bbox 779 956 831 1026; x_wconf 77' lang='lat' dir='ltr'><strong>qui</strong></span> <span class='ocrx_word' id='word_1_57' title='bbox 852 956 1008 1028; x_wconf 79' lang='lat' dir='ltr'><strong>postulem.</strong></span> <span class='ocrx_word' id='word_1_58' title='bbox 1055 949 1135 1013; x_wconf 88' lang='lat' dir='ltr'><strong>Euu.</strong></span> <span class='ocrx_word' id='word_1_59' title='bbox 1159 947 1207 1027; x_wconf 93' lang='lat' dir='ltr'><strong>II,</strong></span> <span class='ocrx_word' id='word_1_60' title='bbox 1231 956 1264 1025; x_wconf 86' lang='lat'><strong>3,</strong></span> <span class='ocrx_word' id='word_1_61' title='bbox 1289 954 1347 1012; x_wconf 76' lang='lat' dir='ltr'><strong>tl:</strong></span> 
     </span>
     <span class='ocr_line' id='line_1_7' title="bbox 196 1050 1347 1127; baseline -0.006 -13"><span class='ocrx_word' id='word_1_62' title='bbox 196 1051 421 1114; x_wconf 83' lang='lat' dir='ltr'><strong>(iiortunatum</strong></span> <span class='ocrx_word' id='word_1_63' title='bbox 443 1053 532 1111; x_wconf 89' lang='lat' dir='ltr'><strong>istum</strong></span> <span class='ocrx_word' id='word_1_64' title='bbox 556 1053 731 1125; x_wconf 87' lang='lat' dir='ltr'><strong>ennuchum,</strong></span> <span class='ocrx_word' id='word_1_65' title='bbox 755 1053 807 1124; x_wconf 81' lang='lat' dir='ltr'><strong>qni</strong></span> <span class='ocrx_word' id='word_1_66' title='bbox 829 1053 946 1127; x_wconf 88' lang='lat' dir='ltr'><strong>quidem</strong></span> <span class='ocrx_word' id='word_1_67' title='bbox 969 1054 998 1109; x_wconf 93' lang='lat' dir='ltr'><strong>in</strong></span> <span class='ocrx_word' id='word_1_68' title='bbox 1021 1051 1097 1110; x_wconf 90' lang='lat' dir='ltr'><strong>hane</strong></span> <span class='ocrx_word' id='word_1_69' title='bbox 1115 1050 1202 1109; x_wconf 90' lang='lat' dir='ltr'><strong>detur</strong></span> <span class='ocrx_word' id='word_1_70' title='bbox 1217 1050 1347 1108; x_wconf 83' lang='lat' dir='ltr'><strong>domnini</strong></span> 
     </span>
     <span class='ocr_line' id='line_1_8' title="bbox 193 1145 1347 1224; baseline -0.008 -10"><span class='ocrx_word' id='word_1_71' title='bbox 193 1147 262 1214; x_wconf 76' lang='lat' dir='ltr'><strong>Eun</strong></span> <span class='ocrx_word' id='word_1_72' title='bbox 295 1145 343 1223; x_wconf 87' lang='lat' dir='ltr'><strong>V,</strong></span> <span class='ocrx_word' id='word_1_73' title='bbox 373 1154 409 1224; x_wconf 92' lang='lat'><strong>4,</strong></span> <span class='ocrx_word' id='word_1_74' title='bbox 439 1151 492 1210; x_wconf 83' lang='lat'><strong>22:</strong></span> <span class='ocrx_word' id='word_1_75' title='bbox 539 1152 747 1212; x_wconf 86' lang='lat' dir='ltr'><strong>Oscelestum</strong></span> <span class='ocrx_word' id='word_1_76' title='bbox 769 1151 1000 1221; x_wconf 76' lang='lat' dir='ltr'><strong>Parmenonem,</strong></span> <span class='ocrx_word' id='word_1_77' title='bbox 1031 1150 1082 1221; x_wconf 81' lang='lat' dir='ltr'><strong>qni</strong></span> <span class='ocrx_word' id='word_1_78' title='bbox 1103 1149 1193 1208; x_wconf 92' lang='lat' dir='ltr'><strong>istum</strong></span> <span class='ocrx_word' id='word_1_79' title='bbox 1216 1148 1273 1206; x_wconf 87' lang='lat' dir='ltr'><strong>huc</strong></span> <span class='ocrx_word' id='word_1_80' title='bbox 1297 1146 1347 1206; x_wconf 88' lang='lat' dir='ltr'><strong>ad-</strong></span> 
     </span>
     <span class='ocr_line' id='line_1_9' title="bbox 193 1242 1348 1326; baseline -0.006 -16"><span class='ocrx_word' id='word_1_81' title='bbox 193 1249 279 1310; x_wconf 81' lang='lat' dir='ltr'><strong>duxit!</strong></span> <span class='ocrx_word' id='word_1_82' title='bbox 317 1242 458 1323; x_wconf 81' lang='lat' dir='ltr'><strong>Adelph.</strong></span> <span class='ocrx_word' id='word_1_83' title='bbox 482 1243 530 1323; x_wconf 90' lang='grc' dir='ltr'><strong>ΙΙ,</strong></span> <span class='ocrx_word' id='word_1_84' title='bbox 555 1251 589 1323; x_wconf 88' lang='lat'><strong>3,</strong></span> <span class='ocrx_word' id='word_1_85' title='bbox 614 1251 649 1312; x_wconf 86' lang='lat'><strong>9:</strong></span> <span class='ocrx_word' id='word_1_86' title='bbox 694 1250 753 1326; x_wconf 77' lang='lat' dir='ltr'><strong>Qui</strong></span> <span class='ocrx_word' id='word_1_87' title='bbox 775 1249 949 1322; x_wconf 90' lang='lat' dir='ltr'><strong>ignominias</strong></span> <span class='ocrx_word' id='word_1_88' title='bbox 973 1248 1030 1307; x_wconf 90' lang='lat' dir='ltr'><strong>sibi</strong></span> <span class='ocrx_word' id='word_1_89' title='bbox 1052 1254 1121 1321; x_wconf 92' lang='lat' dir='ltr'><strong>post</strong></span> <span class='ocrx_word' id='word_1_90' title='bbox 1142 1247 1259 1320; x_wconf 86' lang='lat' dir='ltr'><strong>putavit</strong></span> <span class='ocrx_word' id='word_1_91' title='bbox 1281 1262 1348 1305; x_wconf 93' lang='lat' dir='ltr'><strong>esse</strong></span> 
     </span>
     <span class='ocr_line' id='line_1_10' title="bbox 194 1342 1349 1422; baseline -0.004 -16"><span class='ocrx_word' id='word_1_92' title='bbox 194 1364 257 1422; x_wconf 79' lang='lat' dir='ltr'><strong>prae</strong></span> <span class='ocrx_word' id='word_1_93' title='bbox 276 1362 348 1406; x_wconf 79' lang='lat' dir='ltr'><strong>meo</strong></span> <span class='ocrx_word' id='word_1_94' title='bbox 373 1345 535 1405; x_wconf 85' lang='lat' dir='ltr'><strong>commodo.</strong></span> <span class='ocrx_word' id='word_1_95' title='bbox 559 1342 602 1422; x_wconf 95' lang='lat' dir='ltr'><strong>II,</strong></span> <span class='ocrx_word' id='word_1_96' title='bbox 625 1351 655 1421; x_wconf 88' lang='lat'><strong>4,</strong></span> <span class='ocrx_word' id='word_1_97' title='bbox 678 1350 712 1408; x_wconf 93' lang='lat'><strong>4:</strong></span> <span class='ocrx_word' id='word_1_98' title='bbox 756 1348 821 1422; x_wconf 90' lang='lat' dir='ltr'><strong>Ego</strong></span> <span class='ocrx_word' id='word_1_99' title='bbox 842 1348 923 1405; x_wconf 88' lang='lat' dir='ltr'><strong>illam</strong></span> <span class='ocrx_word' id='word_1_100' title='bbox 946 1347 1049 1405; x_wconf 91' lang='lat' dir='ltr'><strong>hercle</strong></span> <span class='ocrx_word' id='word_1_101' title='bbox 1072 1363 1142 1405; x_wconf 85' lang='lat' dir='ltr'><strong>vero</strong></span> <span class='ocrx_word' id='word_1_102' title='bbox 1161 1345 1274 1415; x_wconf 89' lang='lat' dir='ltr'><strong>omitto,</strong></span> <span class='ocrx_word' id='word_1_103' title='bbox 1298 1343 1349 1415; x_wconf 73' lang='lat' dir='ltr'><strong>gni</strong></span> 
     </span>
     <span class='ocr_line' id='line_1_11' title="bbox 198 1442 1348 1521; baseline -0.004 -17"><span class='ocrx_word' id='word_1_104' title='bbox 198 1444 363 1520; x_wconf 74' lang='lat' dir='ltr'><strong>pallente</strong></span> <span class='ocrx_word' id='word_1_105' title='bbox 396 1442 519 1502; x_wconf 89' lang='lat' dir='ltr'><strong>habeam</strong></span> <span class='ocrx_word' id='word_1_106' title='bbox 548 1443 681 1505; x_wconf 80' lang='lat' dir='ltr'><strong>fratrem.</strong></span> <span class='ocrx_word' id='word_1_107' title='bbox 711 1442 773 1521; x_wconf 94' lang='grc' dir='ltr'>ΙΙΙ,</span> <span class='ocrx_word' id='word_1_108' title='bbox 800 1449 833 1520; x_wconf 87' lang='lat'><strong>3,</strong></span> <span class='ocrx_word' id='word_1_109' title='bbox 860 1448 912 1507; x_wconf 85' lang='lat'><strong>14:</strong></span> <span class='ocrx_word' id='word_1_110' title='bbox 955 1444 1045 1518; x_wconf 81' lang='lat' dir='ltr'><strong>Mihi,</strong></span> <span class='ocrx_word' id='word_1_111' title='bbox 1074 1443 1177 1515; x_wconf 79' lang='lat' dir='ltr'><strong>quiid</strong></span> <span class='ocrx_word' id='word_1_112' title='bbox 1201 1442 1348 1501; x_wconf 83' lang='lat' dir='ltr'><strong>dedissem</strong></span> 
     </span>
     <span class='ocr_line' id='line_1_12' title="bbox 202 1538 1346 1617; baseline -0.003 -15"><span class='ocrx_word' id='word_1_113' title='bbox 202 1543 353 1614; x_wconf 76' lang='lat' dir='ltr'><strong>tonsillam,</strong></span> <span class='ocrx_word' id='word_1_114' title='bbox 381 1542 442 1614; x_wconf 88' lang='lat' dir='ltr'><strong>egit</strong></span> <span class='ocrx_word' id='word_1_115' title='bbox 463 1543 585 1617; x_wconf 77' lang='lat' dir='ltr'><strong>gratias.</strong></span> <span class='ocrx_word' id='word_1_116' title='bbox 629 1538 708 1605; x_wconf 87' lang='lat' dir='ltr'><strong>Hec.</strong></span> <span class='ocrx_word' id='word_1_117' title='bbox 731 1540 772 1615; x_wconf 92' lang='lat' dir='ltr'><strong>V,</strong></span> <span class='ocrx_word' id='word_1_118' title='bbox 796 1547 831 1614; x_wconf 91' lang='grc'><strong>4,</strong></span> <span class='ocrx_word' id='word_1_119' title='bbox 857 1545 909 1603; x_wconf 81' lang='lat'><strong>12:</strong></span> <span class='ocrx_word' id='word_1_120' title='bbox 933 1543 1018 1616; x_wconf 92' lang='lat' dir='ltr'><strong>Egon</strong></span> <span class='ocrx_word' id='word_1_121' title='bbox 1041 1543 1092 1613; x_wconf 79' lang='lat' dir='ltr'><strong>qui</strong></span> <span class='ocrx_word' id='word_1_122' title='bbox 1115 1543 1151 1600; x_wconf 92' lang='lat' dir='ltr'><strong>ab</strong></span> <span class='ocrx_word' id='word_1_123' title='bbox 1175 1559 1245 1600; x_wconf 90' lang='lat' dir='ltr'><strong>oreo</strong></span> <span class='ocrx_word' id='word_1_124' title='bbox 1267 1557 1346 1599; x_wconf 90' lang='lat' dir='ltr'><strong>mor·</strong></span> 
     </span>
     <span class='ocr_line' id='line_1_13' title="bbox 200 1636 1348 1700; baseline -0.004 0"><span class='ocrx_word' id='word_1_125' title='bbox 200 1647 263 1700; x_wconf 77' lang='lat' dir='ltr'><strong>non</strong></span> <span class='ocrx_word' id='word_1_126' title='bbox 284 1656 337 1699; x_wconf 88' lang='lat' dir='ltr'><strong>me</strong></span> <span class='ocrx_word' id='word_1_127' title='bbox 362 1639 504 1698; x_wconf 80' lang='lat' dir='ltr'><strong>reducem</strong></span> <span class='ocrx_word' id='word_1_128' title='bbox 527 1641 557 1698; x_wconf 91' lang='lat' dir='ltr'><strong>iu</strong></span> <span class='ocrx_word' id='word_1_129' title='bbox 580 1643 675 1700; x_wconf 87' lang='lat' dir='ltr'><strong>lucem</strong></span> <span class='ocrx_word' id='word_1_130' title='bbox 692 1640 802 1700; x_wconf 84' lang='lat' dir='ltr'><strong>iecoris</strong></span> <span class='ocrx_word' id='word_1_131' title='bbox 819 1642 917 1699; x_wconf 88' lang='lat' dir='ltr'><strong>Sinam</strong></span> <span class='ocrx_word' id='word_1_132' title='bbox 935 1641 997 1699; x_wconf 90' lang='lat' dir='ltr'><strong>sine</strong></span> <span class='ocrx_word' id='word_1_133' title='bbox 1014 1657 1135 1698; x_wconf 90' lang='lat' dir='ltr'><strong>munere</strong></span> <span class='ocrx_word' id='word_1_134' title='bbox 1153 1656 1227 1697; x_wconf 90' lang='lat' dir='ltr'><strong>arne</strong></span> <span class='ocrx_word' id='word_1_135' title='bbox 1245 1636 1348 1698; x_wconf 84' lang='lat' dir='ltr'><strong>abire?</strong></span> 
     </span>
    </p>

    <p class='ocr_par' dir='ltr' id='par_1_3' title="bbox 194 1726 1351 4464">
     <span class='ocr_line' id='line_1_14' title="bbox 265 1726 1348 1810; baseline -0.007 -11"><span class='ocrx_word' id='word_1_136' title='bbox 265 1739 322 1800; x_wconf 78' lang='lat'><strong>23.</strong></span> <span class='ocrx_word' id='word_1_137' title='bbox 360 1734 390 1799; x_wconf 92' lang='lat' dir='ltr'><strong>h.</strong></span> <span class='ocrx_word' id='word_1_138' title='bbox 427 1736 527 1797; x_wconf 81' lang='lat' dir='ltr'><strong>Genus</strong></span> <span class='ocrx_word' id='word_1_139' title='bbox 549 1738 739 1810; x_wconf 76' lang='lat' dir='ltr'><strong>pronominis</strong></span> <span class='ocrx_word' id='word_1_140' title='bbox 768 1736 896 1799; x_wconf 81' lang='lat' dir='ltr'><strong>relativi.</strong></span> <span class='ocrx_word' id='word_1_141' title='bbox 941 1734 1012 1799; x_wconf 85' lang='lat' dir='ltr'><strong>Non</strong></span> <span class='ocrx_word' id='word_1_142' title='bbox 1035 1753 1109 1799; x_wconf 84' lang='lat' dir='ltr'><strong>raro</strong></span> <span class='ocrx_word' id='word_1_143' title='bbox 1131 1728 1210 1795; x_wconf 78' lang='grc' dir='ltr'><strong>κατὰ</strong></span> <span class='ocrx_word' id='word_1_144' title='bbox 1234 1726 1348 1795; x_wconf 74' lang='grc' dir='ltr'>σύνεσιν</span> 
     </span>
     <span class='ocr_line' id='line_1_15' title="bbox 196 1828 1348 1911; baseline -0.004 -15"><span class='ocrx_word' id='word_1_145' title='bbox 196 1831 361 1896; x_wconf 75' lang='lat' dir='ltr'><strong>relativum</strong></span> <span class='ocrx_word' id='word_1_146' title='bbox 402 1849 519 1911; x_wconf 81' lang='lat' dir='ltr'><strong>genere</strong></span> <span class='ocrx_word' id='word_1_147' title='bbox 552 1852 615 1897; x_wconf 92' lang='lat' dir='ltr'><strong>non</strong></span> <span class='ocrx_word' id='word_1_148' title='bbox 649 1835 679 1898; x_wconf 95' lang='lat' dir='ltr'><strong>ei</strong></span> <span class='ocrx_word' id='word_1_149' title='bbox 713 1834 866 1899; x_wconf 85' lang='lat' dir='ltr'><strong>vocabulo</strong></span> <span class='ocrx_word' id='word_1_150' title='bbox 900 1833 1168 1911; x_wconf 85' lang='lat' dir='ltr'><strong>accommodatur,</strong></span> <span class='ocrx_word' id='word_1_151' title='bbox 1203 1829 1242 1894; x_wconf 86' lang='lat' dir='ltr'><strong>nd</strong></span> <span class='ocrx_word' id='word_1_152' title='bbox 1263 1828 1348 1909; x_wconf 91' lang='lat' dir='ltr'><strong>quod</strong></span> 
     </span>
     <span class='ocr_line' id='line_1_16' title="bbox 195 1927 1348 2013; baseline -0.003 -19"><span class='ocrx_word' id='word_1_153' title='bbox 195 1930 313 2011; x_wconf 84' lang='lat' dir='ltr'><strong>proprie</strong></span> <span class='ocrx_word' id='word_1_154' title='bbox 339 1929 496 2011; x_wconf 87' lang='lat' dir='ltr'><strong>pertinet,</strong></span> <span class='ocrx_word' id='word_1_155' title='bbox 524 1932 581 1996; x_wconf 92' lang='lat' dir='ltr'><strong>sed</strong></span> <span class='ocrx_word' id='word_1_156' title='bbox 604 1931 633 1995; x_wconf 94' lang='lat' dir='ltr'><strong>ei</strong></span> <span class='ocrx_word' id='word_1_157' title='bbox 656 1932 742 2013; x_wconf 88' lang='lat' dir='ltr'><strong>quod</strong></span> <span class='ocrx_word' id='word_1_158' title='bbox 765 1932 934 2012; x_wconf 84' lang='lat' dir='ltr'><strong>cogitatur.</strong></span> <span class='ocrx_word' id='word_1_159' title='bbox 981 1931 1034 1995; x_wconf 86' lang='lat' dir='ltr'><strong>Sic</strong></span> <span class='ocrx_word' id='word_1_160' title='bbox 1056 1930 1159 1995; x_wconf 88' lang='lat' dir='ltr'><strong>Plant.</strong></span> <span class='ocrx_word' id='word_1_161' title='bbox 1204 1928 1298 1992; x_wconf 89' lang='lat' dir='ltr'><strong>Most.</strong></span> <span class='ocrx_word' id='word_1_162' title='bbox 1323 1927 1348 2006; x_wconf 89' lang='grc' dir='ltr'><strong>Ι,</strong></span> 
     </span>
     <span class='ocr_line' id='line_1_17' title="bbox 197 2026 1346 2106; baseline -0.002 -15"><span class='ocrx_word' id='word_1_163' title='bbox 197 2031 222 2105; x_wconf 80' lang='lat'><strong>3,</strong></span> <span class='ocrx_word' id='word_1_164' title='bbox 238 2032 293 2093; x_wconf 78' lang='lat' dir='ltr'><strong>ut:</strong></span> <span class='ocrx_word' id='word_1_165' title='bbox 317 2047 398 2105; x_wconf 77' lang='lat' dir='ltr'><strong>quae</strong></span> <span class='ocrx_word' id='word_1_166' title='bbox 418 2049 473 2105; x_wconf 91' lang='lat' dir='ltr'><strong>pro</strong></span> <span class='ocrx_word' id='word_1_167' title='bbox 495 2049 541 2091; x_wconf 91' lang='lat' dir='ltr'><strong>me</strong></span> <span class='ocrx_word' id='word_1_168' title='bbox 564 2050 682 2092; x_wconf 83' lang='lat' dir='ltr'><strong>oausam</strong></span> <span class='ocrx_word' id='word_1_169' title='bbox 699 2032 823 2105; x_wconf 89' lang='lat' dir='ltr'><strong>diceret,</strong></span> <span class='ocrx_word' id='word_1_170' title='bbox 846 2041 1004 2106; x_wconf 85' lang='lat' dir='ltr'><strong>patronum</strong></span> <span class='ocrx_word' id='word_1_171' title='bbox 1021 2032 1155 2090; x_wconf 83' lang='lat' dir='ltr'><strong>liberavi.</strong></span> <span class='ocrx_word' id='word_1_172' title='bbox 1200 2027 1292 2106; x_wconf 85' lang='lat' dir='ltr'><strong>Epid.</strong></span> <span class='ocrx_word' id='word_1_173' title='bbox 1310 2026 1346 2104; x_wconf 95' lang='lat' dir='ltr'><strong>V,</strong></span> 
     </span>
     <span class='ocr_line' id='line_1_18' title="bbox 198 2128 1349 2204; baseline -0.003 -16"><span class='ocrx_word' id='word_1_174' title='bbox 198 2129 225 2201; x_wconf 92' lang='lat'><strong>1,</strong></span> <span class='ocrx_word' id='word_1_175' title='bbox 244 2129 297 2189; x_wconf 77' lang='lat'><strong>20:</strong></span> <span class='ocrx_word' id='word_1_176' title='bbox 344 2128 393 2187; x_wconf 86' lang='lat' dir='ltr'><strong>Ex</strong></span> <span class='ocrx_word' id='word_1_177' title='bbox 416 2130 474 2189; x_wconf 91' lang='lat' dir='ltr'><strong>tuis</strong></span> <span class='ocrx_word' id='word_1_178' title='bbox 497 2130 594 2190; x_wconf 85' lang='lat' dir='ltr'><strong>verbis</strong></span> <span class='ocrx_word' id='word_1_179' title='bbox 617 2148 713 2188; x_wconf 91' lang='lat' dir='ltr'><strong>meum</strong></span> <span class='ocrx_word' id='word_1_180' title='bbox 736 2128 865 2188; x_wconf 81' lang='lat' dir='ltr'><strong>futurum</strong></span> <span class='ocrx_word' id='word_1_181' title='bbox 890 2133 1001 2190; x_wconf 88' lang='lat' dir='ltr'><strong>corium</strong></span> <span class='ocrx_word' id='word_1_182' title='bbox 1024 2131 1159 2204; x_wconf 79' lang='lat' dir='ltr'><strong>pulcrum</strong></span> <span class='ocrx_word' id='word_1_183' title='bbox 1182 2128 1349 2202; x_wconf 85' lang='lat' dir='ltr'><strong>praedicas,</strong></span> 
     </span>
     <span class='ocr_line' id='line_1_19' title="bbox 198 2220 1349 2303; baseline -0.006 -18"><span class='ocrx_word' id='word_1_184' title='bbox 198 2224 279 2299; x_wconf 69' lang='lat' dir='ltr'><strong>Qum</strong></span> <span class='ocrx_word' id='word_1_185' title='bbox 301 2228 428 2300; x_wconf 85' lang='lat' dir='ltr'><strong>Apelles</strong></span> <span class='ocrx_word' id='word_1_186' title='bbox 455 2236 544 2302; x_wconf 87' lang='lat' dir='ltr'><strong>atque</strong></span> <span class='ocrx_word' id='word_1_187' title='bbox 567 2229 674 2287; x_wconf 82' lang='lat' dir='ltr'><strong>Zeuxis</strong></span> <span class='ocrx_word' id='word_1_188' title='bbox 703 2228 760 2289; x_wconf 92' lang='lat' dir='ltr'><strong>duo</strong></span> <span class='ocrx_word' id='word_1_189' title='bbox 791 2230 914 2303; x_wconf 81' lang='lat' dir='ltr'><strong>pingent</strong></span> <span class='ocrx_word' id='word_1_190' title='bbox 944 2228 1102 2303; x_wconf 83' lang='lat' dir='ltr'><strong>pigmentis</strong></span> <span class='ocrx_word' id='word_1_191' title='bbox 1126 2227 1240 2285; x_wconf 92' lang='lat' dir='ltr'><strong>ulmeis.</strong></span> <span class='ocrx_word' id='word_1_192' title='bbox 1279 2220 1349 2285; x_wconf 85' lang='lat' dir='ltr'><strong>Cas.</strong></span> 
     </span>
     <span class='ocr_line' id='line_1_20' title="bbox 199 2316 1349 2401; baseline 0 -19"><span class='ocrx_word' id='word_1_193' title='bbox 199 2316 253 2398; x_wconf 86' lang='lat' dir='ltr'><strong>lli,</strong></span> <span class='ocrx_word' id='word_1_194' title='bbox 278 2328 312 2392; x_wconf 89' lang='grc'><strong>4,</strong></span> <span class='ocrx_word' id='word_1_195' title='bbox 337 2327 372 2385; x_wconf 83' lang='lat'><strong>2:</strong></span> <span class='ocrx_word' id='word_1_196' title='bbox 418 2325 476 2400; x_wconf 76' lang='lat' dir='ltr'><strong>Qui</strong></span> <span class='ocrx_word' id='word_1_197' title='bbox 503 2344 548 2385; x_wconf 89' lang='lat' dir='ltr'><strong>me</strong></span> <span class='ocrx_word' id='word_1_198' title='bbox 573 2334 660 2401; x_wconf 84' lang='lat' dir='ltr'><strong>atque</strong></span> <span class='ocrx_word' id='word_1_199' title='bbox 684 2344 806 2385; x_wconf 82' lang='lat' dir='ltr'><strong>uxorem</strong></span> <span class='ocrx_word' id='word_1_200' title='bbox 830 2327 1019 2393; x_wconf 80' lang='lat' dir='ltr'><strong>ludificatust,</strong></span> <span class='ocrx_word' id='word_1_201' title='bbox 1042 2328 1135 2384; x_wconf 89' lang='lat' dir='ltr'><strong>larua.</strong></span> <span class='ocrx_word' id='word_1_202' title='bbox 1181 2321 1268 2384; x_wconf 85' lang='lat' dir='ltr'><strong>Pers.</strong></span> <span class='ocrx_word' id='word_1_203' title='bbox 1290 2319 1349 2398; x_wconf 93' lang='grc' dir='ltr'>ΙΙΙ,</span> 
     </span>
     <span class='ocr_line' id='line_1_21' title="bbox 202 2419 1348 2498; baseline 0.002 -19"><span class='ocrx_word' id='word_1_204' title='bbox 202 2421 225 2492; x_wconf 91' lang='lat' dir='ltr'><strong>l,</strong></span> <span class='ocrx_word' id='word_1_205' title='bbox 243 2422 297 2483; x_wconf 82' lang='lat'><strong>65:</strong></span> <span class='ocrx_word' id='word_1_206' title='bbox 344 2422 376 2481; x_wconf 85' lang='lat' dir='ltr'><strong>Si</strong></span> <span class='ocrx_word' id='word_1_207' title='bbox 400 2423 456 2482; x_wconf 81' lang='lat' dir='ltr'><strong>hoc</strong></span> <span class='ocrx_word' id='word_1_208' title='bbox 478 2424 646 2484; x_wconf 84' lang='lat' dir='ltr'><strong>adcurassis</strong></span> <span class='ocrx_word' id='word_1_209' title='bbox 670 2426 779 2498; x_wconf 87' lang='lat' dir='ltr'><strong>lepide,</strong></span> <span class='ocrx_word' id='word_1_210' title='bbox 803 2424 871 2496; x_wconf 74' lang='lat' dir='ltr'><strong>qimi</strong></span> <span class='ocrx_word' id='word_1_211' title='bbox 886 2425 932 2482; x_wconf 85' lang='lat' dir='ltr'><strong>rei</strong></span> <span class='ocrx_word' id='word_1_212' title='bbox 947 2442 1068 2498; x_wconf 90' lang='lat' dir='ltr'><strong>operam</strong></span> <span class='ocrx_word' id='word_1_213' title='bbox 1086 2424 1197 2483; x_wconf 90' lang='lat' dir='ltr'><strong>damus.</strong></span> <span class='ocrx_word' id='word_1_214' title='bbox 1221 2419 1348 2482; x_wconf 85' lang='lat' dir='ltr'><strong>Terent.</strong></span> 
     </span>
     <span class='ocr_line' id='line_1_22' title="bbox 201 2513 1351 2600; baseline 0 -22"><span class='ocrx_word' id='word_1_215' title='bbox 201 2513 323 2597; x_wconf 81' lang='lat' dir='ltr'><strong>Adelph.</strong></span> <span class='ocrx_word' id='word_1_216' title='bbox 355 2515 403 2598; x_wconf 93' lang='lat' dir='ltr'><strong>II,</strong></span> <span class='ocrx_word' id='word_1_217' title='bbox 435 2523 471 2598; x_wconf 89' lang='lat'><strong>3,</strong></span> <span class='ocrx_word' id='word_1_218' title='bbox 503 2524 540 2586; x_wconf 86' lang='lat'><strong>9:</strong></span> <span class='ocrx_word' id='word_1_219' title='bbox 583 2523 734 2584; x_wconf 88' lang='lat' dir='ltr'><strong>Festivom</strong></span> <span class='ocrx_word' id='word_1_220' title='bbox 764 2529 868 2599; x_wconf 89' lang='lat' dir='ltr'><strong>caput,</strong></span> <span class='ocrx_word' id='word_1_221' title='bbox 900 2524 958 2600; x_wconf 76' lang='lat' dir='ltr'><strong>Qui</strong></span> <span class='ocrx_word' id='word_1_222' title='bbox 988 2523 1163 2597; x_wconf 75' lang='lat' dir='ltr'><strong>ignominias</strong></span> <span class='ocrx_word' id='word_1_223' title='bbox 1195 2521 1251 2581; x_wconf 90' lang='lat' dir='ltr'><strong>sibi</strong></span> <span class='ocrx_word' id='word_1_224' title='bbox 1281 2526 1351 2594; x_wconf 90' lang='lat' dir='ltr'><strong>post</strong></span> 
     </span>
     <span class='ocr_line' id='line_1_23' title="bbox 200 2617 1349 2697; baseline 0 -22"><span class='ocrx_word' id='word_1_225' title='bbox 200 2620 304 2687; x_wconf 79' lang='lat' dir='ltr'><strong>putarit</strong></span> <span class='ocrx_word' id='word_1_226' title='bbox 326 2635 405 2680; x_wconf 91' lang='lat' dir='ltr'><strong>esse.</strong></span> <span class='ocrx_word' id='word_1_227' title='bbox 451 2618 548 2682; x_wconf 87' lang='lat' dir='ltr'><strong>Andr.</strong></span> <span class='ocrx_word' id='word_1_228' title='bbox 573 2617 637 2697; x_wconf 89' lang='lat' dir='ltr'><strong>Ill,</strong></span> <span class='ocrx_word' id='word_1_229' title='bbox 670 2625 703 2695; x_wconf 84' lang='grc'>5,</span> <span class='ocrx_word' id='word_1_230' title='bbox 730 2624 763 2682; x_wconf 92' lang='lat' dir='ltr'><strong>l:</strong></span> <span class='ocrx_word' id='word_1_231' title='bbox 808 2620 867 2681; x_wconf 89' lang='lat' dir='ltr'><strong>Ubi</strong></span> <span class='ocrx_word' id='word_1_232' title='bbox 890 2623 953 2680; x_wconf 88' lang='lat' dir='ltr'><strong>illic</strong></span> <span class='ocrx_word' id='word_1_233' title='bbox 976 2622 1042 2681; x_wconf 83' lang='lat' dir='ltr'><strong>est?</strong></span> <span class='ocrx_word' id='word_1_234' title='bbox 1080 2623 1192 2693; x_wconf 89' lang='lat' dir='ltr'><strong>scelus,</strong></span> <span class='ocrx_word' id='word_1_235' title='bbox 1229 2619 1349 2691; x_wconf 79' lang='lat' dir='ltr'><strong>quinne</strong></span> 
     </span>
     <span class='ocr_line' id='line_1_24' title="bbox 200 2709 1350 2795; baseline 0.002 -23"><span class='ocrx_word' id='word_1_236' title='bbox 200 2709 345 2776; x_wconf 87' lang='lat' dir='ltr'><strong>hodie...</strong></span> <span class='ocrx_word' id='word_1_237' title='bbox 381 2715 461 2778; x_wconf 89' lang='lat' dir='ltr'><strong>Eun.</strong></span> <span class='ocrx_word' id='word_1_238' title='bbox 484 2715 527 2795; x_wconf 91' lang='lat' dir='ltr'><strong>II,</strong></span> <span class='ocrx_word' id='word_1_239' title='bbox 551 2721 578 2793; x_wconf 88' lang='grc'><strong>3,</strong></span> <span class='ocrx_word' id='word_1_240' title='bbox 606 2721 659 2779; x_wconf 93' lang='lat' dir='ltr'><strong>ll:</strong></span> <span class='ocrx_word' id='word_1_241' title='bbox 694 2719 735 2779; x_wconf 83' lang='lat' dir='ltr'><strong>Ut</strong></span> <span class='ocrx_word' id='word_1_242' title='bbox 758 2720 840 2779; x_wconf 91' lang='lat' dir='ltr'><strong>illum</strong></span> <span class='ocrx_word' id='word_1_243' title='bbox 865 2720 894 2778; x_wconf 94' lang='lat' dir='ltr'><strong>di</strong></span> <span class='ocrx_word' id='word_1_244' title='bbox 918 2721 1050 2794; x_wconf 88' lang='lat' dir='ltr'><strong>denoque</strong></span> <span class='ocrx_word' id='word_1_245' title='bbox 1075 2719 1188 2779; x_wconf 89' lang='lat' dir='ltr'><strong>senium</strong></span> <span class='ocrx_word' id='word_1_246' title='bbox 1210 2717 1350 2792; x_wconf 86' lang='lat' dir='ltr'><strong>perdant,</strong></span> 
     </span>
     <span class='ocr_line' id='line_1_25' title="bbox 198 2813 1348 2892; baseline 0 -20"><span class='ocrx_word' id='word_1_247' title='bbox 198 2813 244 2883; x_wconf 72' lang='lat' dir='ltr'><strong>nai</strong></span> <span class='ocrx_word' id='word_1_248' title='bbox 263 2815 351 2873; x_wconf 91' lang='lat' dir='ltr'><strong>hodie</strong></span> <span class='ocrx_word' id='word_1_249' title='bbox 374 2832 420 2875; x_wconf 90' lang='lat' dir='ltr'><strong>me</strong></span> <span class='ocrx_word' id='word_1_250' title='bbox 445 2825 611 2878; x_wconf 90' lang='lat' dir='ltr'><strong>remoratus</strong></span> <span class='ocrx_word' id='word_1_251' title='bbox 634 2824 689 2879; x_wconf 90' lang='lat' dir='ltr'><strong>est.</strong></span> <span class='ocrx_word' id='word_1_252' title='bbox 729 2816 826 2879; x_wconf 85' lang='lat' dir='ltr'><strong>Andr.</strong></span> <span class='ocrx_word' id='word_1_253' title='bbox 849 2814 874 2892; x_wconf 95' lang='lat' dir='ltr'><strong>I,</strong></span> <span class='ocrx_word' id='word_1_254' title='bbox 904 2821 1002 2892; x_wconf 77' lang='lat'>1,70:</span> <span class='ocrx_word' id='word_1_255' title='bbox 1043 2815 1348 2878; x_wconf 88' lang='lat' dir='ltr'><strong>Omnes—laudare</strong></span> 
     </span>
     <span class='ocr_line' id='line_1_26' title="bbox 198 2904 1349 2991; baseline 0.007 -27"><span class='ocrx_word' id='word_1_256' title='bbox 198 2904 323 2972; x_wconf 87' lang='lat' dir='ltr'><strong>iortunas</strong></span> <span class='ocrx_word' id='word_1_257' title='bbox 346 2930 437 2986; x_wconf 92' lang='lat' dir='ltr'><strong>meas,</strong></span> <span class='ocrx_word' id='word_1_258' title='bbox 460 2915 518 2991; x_wconf 79' lang='lat' dir='ltr'><strong>Qui</strong></span> <span class='ocrx_word' id='word_1_259' title='bbox 540 2922 658 2989; x_wconf 89' lang='lat' dir='ltr'><strong>gnatum</strong></span> <span class='ocrx_word' id='word_1_260' title='bbox 682 2916 823 2975; x_wconf 88' lang='lat' dir='ltr'><strong>haberem</strong></span> <span class='ocrx_word' id='word_1_261' title='bbox 846 2918 900 2975; x_wconf 89' lang='lat' dir='ltr'><strong>tali</strong></span> <span class='ocrx_word' id='word_1_262' title='bbox 922 2917 1041 2990; x_wconf 91' lang='lat' dir='ltr'><strong>ingenio</strong></span> <span class='ocrx_word' id='word_1_263' title='bbox 1056 2916 1234 2989; x_wconf 87' lang='lat' dir='ltr'><strong>praeditum,</strong></span> <span class='ocrx_word' id='word_1_264' title='bbox 1258 2910 1349 2973; x_wconf 84' lang='lat' dir='ltr'><strong>onius</strong></span> 
     </span>
     <span class='ocr_line' id='line_1_27' title="bbox 199 3002 1347 3092; baseline 0.002 -24"><span class='ocrx_word' id='word_1_265' title='bbox 199 3002 289 3070; x_wconf 70' lang='lat' dir='ltr'><strong>anile</strong></span> <span class='ocrx_word' id='word_1_266' title='bbox 314 3013 374 3086; x_wconf 88' lang='lat' dir='ltr'><strong>est,</strong></span> <span class='ocrx_word' id='word_1_267' title='bbox 398 3010 483 3089; x_wconf 91' lang='lat' dir='ltr'><strong>quod</strong></span> <span class='ocrx_word' id='word_1_268' title='bbox 506 3011 622 3074; x_wconf 87' lang='lat' dir='ltr'><strong>Bernh.</strong></span> <span class='ocrx_word' id='word_1_269' title='bbox 647 3014 729 3092; x_wconf 84' lang='lat' dir='ltr'><strong>synt.</strong></span> <span class='ocrx_word' id='word_1_270' title='bbox 752 3028 782 3091; x_wconf 92' lang='lat' dir='ltr'><strong>p.</strong></span> <span class='ocrx_word' id='word_1_271' title='bbox 809 3017 869 3076; x_wconf 73' lang='lat'><strong>294</strong></span> <span class='ocrx_word' id='word_1_272' title='bbox 894 3011 1004 3074; x_wconf 87' lang='lat' dir='ltr'><strong>attulit</strong></span> <span class='ocrx_word' id='word_1_273' title='bbox 1026 3029 1063 3074; x_wconf 82' lang='lat' dir='ltr'><strong>ex</strong></span> <span class='ocrx_word' id='word_1_274' title='bbox 1087 3009 1180 3089; x_wconf 87' lang='lat' dir='ltr'><strong>Soph.</strong></span> <span class='ocrx_word' id='word_1_275' title='bbox 1211 3008 1288 3072; x_wconf 89' lang='lat' dir='ltr'><strong>Oed.</strong></span> <span class='ocrx_word' id='word_1_276' title='bbox 1313 3005 1347 3071; x_wconf 84' lang='lat' dir='ltr'><strong>C.</strong></span> 
     </span>
     <span class='ocr_line' id='line_1_28' title="bbox 199 3101 1347 3190; baseline 0.003 -25"><span class='ocrx_word' id='word_1_277' title='bbox 199 3102 263 3167; x_wconf 80' lang='lat' dir='ltr'><strong>i30=</strong></span> <span class='ocrx_word' id='word_1_278' title='bbox 306 3106 360 3185; x_wconf 73' lang='grc' dir='ltr'><strong>τῆς</strong></span> <span class='ocrx_word' id='word_1_279' title='bbox 393 3109 462 3187; x_wconf 75' lang='grc' dir='ltr'><strong>ἐμῆς</strong></span> <span class='ocrx_word' id='word_1_280' title='bbox 489 3101 659 3173; x_wconf 78' lang='grc' dir='ltr'><strong><em>ἐπεισόδου.</em></strong></span> <span class='ocrx_word' id='word_1_281' title='bbox 691 3101 725 3170; x_wconf 78' lang='grc' dir='ltr'><strong>ὃν</strong></span> <span class='ocrx_word' id='word_1_282' title='bbox 750 3103 816 3190; x_wconf 69' lang='grc' dir='ltr'><strong>μήτ’</strong></span> <span class='ocrx_word' id='word_1_283' title='bbox 846 3105 963 3171; x_wconf 75' lang='grc' dir='ltr'><strong>ὀκνεῖτε.</strong></span> <span class='ocrx_word' id='word_1_284' title='bbox 1008 3108 1141 3185; x_wconf 83' lang='lat' dir='ltr'><strong>Adelph.</strong></span> <span class='ocrx_word' id='word_1_285' title='bbox 1164 3107 1209 3184; x_wconf 90' lang='lat' dir='ltr'><strong>V,</strong></span> <span class='ocrx_word' id='word_1_286' title='bbox 1232 3115 1268 3185; x_wconf 89' lang='grc'><strong>4,</strong></span> <span class='ocrx_word' id='word_1_287' title='bbox 1293 3111 1347 3168; x_wconf 80' lang='lat'><strong>27:</strong></span> 
     </span>
     <span class='ocr_line' id='line_1_29' title="bbox 198 3200 1347 3284; baseline 0.003 -23"><span class='ocrx_word' id='word_1_288' title='bbox 198 3200 227 3261; x_wconf 82' lang='lat' dir='ltr'><strong>u</strong></span> <span class='ocrx_word' id='word_1_289' title='bbox 246 3221 313 3264; x_wconf 86' lang='lat' dir='ltr'><strong>mea</strong></span> <span class='ocrx_word' id='word_1_290' title='bbox 335 3209 467 3268; x_wconf 86' lang='lat' dir='ltr'><strong>minume</strong></span> <span class='ocrx_word' id='word_1_291' title='bbox 492 3226 524 3269; x_wconf 90' lang='lat' dir='ltr'><strong>re</strong></span> <span class='ocrx_word' id='word_1_292' title='bbox 548 3208 618 3281; x_wconf 82' lang='lat' dir='ltr'><strong>fert,</strong></span> <span class='ocrx_word' id='word_1_293' title='bbox 642 3211 693 3281; x_wconf 75' lang='lat' dir='ltr'><strong>qui</strong></span> <span class='ocrx_word' id='word_1_294' title='bbox 708 3228 771 3269; x_wconf 88' lang='lat' dir='ltr'><strong>sum</strong></span> <span class='ocrx_word' id='word_1_295' title='bbox 794 3219 865 3268; x_wconf 90' lang='lat' dir='ltr'><strong>natu</strong></span> <span class='ocrx_word' id='word_1_296' title='bbox 885 3227 1046 3269; x_wconf 87' lang='lat' dir='ltr'><strong>maxumas.</strong></span> <span class='ocrx_word' id='word_1_297' title='bbox 1070 3205 1246 3284; x_wconf 84' lang='lat' dir='ltr'><strong>Praecipue</strong></span> <span class='ocrx_word' id='word_1_298' title='bbox 1263 3221 1347 3267; x_wconf 85' lang='lat' dir='ltr'><strong>corn·</strong></span> 
     </span>
     <span class='ocr_line' id='line_1_30' title="bbox 197 3300 1347 3386; baseline 0.002 -25"><span class='ocrx_word' id='word_1_299' title='bbox 197 3302 417 3367; x_wconf 86' lang='lat' dir='ltr'><strong>memorandas</strong></span> <span class='ocrx_word' id='word_1_300' title='bbox 446 3310 496 3368; x_wconf 92' lang='lat' dir='ltr'><strong>est</strong></span> <span class='ocrx_word' id='word_1_301' title='bbox 524 3322 602 3370; x_wconf 86' lang='lat' dir='ltr'><strong>usus</strong></span> <span class='ocrx_word' id='word_1_302' title='bbox 628 3306 755 3386; x_wconf 86' lang='lat' dir='ltr'><strong>generis</strong></span> <span class='ocrx_word' id='word_1_303' title='bbox 785 3304 947 3384; x_wconf 88' lang='lat' dir='ltr'><strong>neutrius,</strong></span> <span class='ocrx_word' id='word_1_304' title='bbox 982 3304 1066 3383; x_wconf 87' lang='lat' dir='ltr'><strong>qnod</strong></span> <span class='ocrx_word' id='word_1_305' title='bbox 1094 3304 1231 3384; x_wconf 89' lang='lat' dir='ltr'><strong>primurn</strong></span> <span class='ocrx_word' id='word_1_306' title='bbox 1260 3300 1347 3363; x_wconf 86' lang='lat' dir='ltr'><strong>inde·</strong></span> 
     </span>
     <span class='ocr_line' id='line_1_31' title="bbox 196 3395 1345 3484; baseline -0.003 -19"><span class='ocrx_word' id='word_1_307' title='bbox 196 3395 275 3466; x_wconf 80' lang='lat' dir='ltr'><strong>inite</strong></span> <span class='ocrx_word' id='word_1_308' title='bbox 298 3406 477 3483; x_wconf 88' lang='lat' dir='ltr'><strong>usurpatur</strong></span> <span class='ocrx_word' id='word_1_309' title='bbox 499 3403 539 3467; x_wconf 90' lang='lat' dir='ltr'><strong>de</strong></span> <span class='ocrx_word' id='word_1_310' title='bbox 563 3421 679 3484; x_wconf 88' lang='lat' dir='ltr'><strong>genere</strong></span> <span class='ocrx_word' id='word_1_311' title='bbox 701 3404 849 3483; x_wconf 89' lang='lat' dir='ltr'><strong>quopiam</strong></span> <span class='ocrx_word' id='word_1_312' title='bbox 881 3421 1003 3478; x_wconf 88' lang='lat' dir='ltr'><strong>rerum,</strong></span> <span class='ocrx_word' id='word_1_313' title='bbox 1038 3408 1074 3465; x_wconf 88' lang='lat' dir='ltr'><strong>ut</strong></span> <span class='ocrx_word' id='word_1_314' title='bbox 1097 3400 1175 3466; x_wconf 86' lang='lat' dir='ltr'><strong>Cato</strong></span> <span class='ocrx_word' id='word_1_315' title='bbox 1198 3401 1235 3464; x_wconf 91' lang='lat' dir='ltr'><strong>R.</strong></span> <span class='ocrx_word' id='word_1_316' title='bbox 1258 3398 1294 3462; x_wconf 91' lang='lat' dir='ltr'><strong>R.</strong></span> <span class='ocrx_word' id='word_1_317' title='bbox 1319 3415 1345 3461; x_wconf 90' lang='lat' dir='ltr'><strong>c.</strong></span> 
     </span>
     <span class='ocr_line' id='line_1_32' title="bbox 198 3499 1344 3577; baseline -0.002 -18"><span class='ocrx_word' id='word_1_318' title='bbox 198 3500 244 3561; x_wconf 83' lang='lat' dir='ltr'><strong>io:</strong></span> <span class='ocrx_word' id='word_1_319' title='bbox 265 3505 420 3564; x_wconf 80' lang='lat' dir='ltr'><strong>Dominus</strong></span> <span class='ocrx_word' id='word_1_320' title='bbox 438 3502 576 3575; x_wconf 77' lang='lat' dir='ltr'><strong>lapidem,</strong></span> <span class='ocrx_word' id='word_1_321' title='bbox 599 3503 682 3576; x_wconf 76' lang='lat' dir='ltr'><strong>ligno</strong></span> <span class='ocrx_word' id='word_1_322' title='bbox 704 3504 740 3563; x_wconf 88' lang='lat' dir='ltr'><strong>nd</strong></span> <span class='ocrx_word' id='word_1_323' title='bbox 764 3502 925 3577; x_wconf 84' lang='lat' dir='ltr'><strong>fornacem,</strong></span> <span class='ocrx_word' id='word_1_324' title='bbox 948 3503 1026 3574; x_wconf 76' lang='lat' dir='ltr'><strong>quod</strong></span> <span class='ocrx_word' id='word_1_325' title='bbox 1039 3521 1113 3576; x_wconf 93' lang='lat' dir='ltr'><strong>opus</strong></span> <span class='ocrx_word' id='word_1_326' title='bbox 1136 3504 1193 3561; x_wconf 88' lang='lat' dir='ltr'><strong>siot</strong></span> <span class='ocrx_word' id='word_1_327' title='bbox 1209 3499 1344 3575; x_wconf 88' lang='lat' dir='ltr'><strong>praehet,</strong></span> 
     </span>
     <span class='ocr_line' id='line_1_33' title="bbox 194 3590 1344 3679; baseline -0.003 -22"><span class='ocrx_word' id='word_1_328' title='bbox 194 3590 267 3660; x_wconf 86' lang='lat' dir='ltr'><strong>he.</strong></span> <span class='ocrx_word' id='word_1_329' title='bbox 290 3602 449 3678; x_wconf 89' lang='lat' dir='ltr'><strong>quantum</strong></span> <span class='ocrx_word' id='word_1_330' title='bbox 474 3615 593 3676; x_wconf 88' lang='lat' dir='ltr'><strong>eornm,</strong></span> <span class='ocrx_word' id='word_1_331' title='bbox 616 3598 646 3679; x_wconf 75' lang='lat' dir='ltr'><strong>io</strong></span> <span class='ocrx_word' id='word_1_332' title='bbox 663 3596 720 3662; x_wconf 84' lang='lat' dir='ltr'><strong>olel</strong></span> <span class='ocrx_word' id='word_1_333' title='bbox 736 3602 844 3662; x_wconf 76' lang='lat' dir='ltr'><strong>toron.</strong></span> <span class='ocrx_word' id='word_1_334' title='bbox 890 3597 992 3662; x_wconf 89' lang='lat' dir='ltr'><strong>Plaut.</strong></span> <span class='ocrx_word' id='word_1_335' title='bbox 1009 3598 1100 3678; x_wconf 90' lang='lat' dir='ltr'><strong>Epid.</strong></span> <span class='ocrx_word' id='word_1_336' title='bbox 1118 3597 1142 3676; x_wconf 94' lang='lat' dir='ltr'><strong>I,</strong></span> <span class='ocrx_word' id='word_1_337' title='bbox 1167 3602 1195 3674; x_wconf 85' lang='lat'><strong>2,</strong></span> <span class='ocrx_word' id='word_1_338' title='bbox 1222 3601 1257 3659; x_wconf 92' lang='grc'><strong>11</strong></span> <span class='ocrx_word' id='word_1_339' title='bbox 1283 3613 1344 3674; x_wconf 89' lang='lat' dir='ltr'><strong>sq.:</strong></span> 
     </span>
     <span class='ocr_line' id='line_1_34' title="bbox 199 3697 1345 3772; baseline -0.003 -16"><span class='ocrx_word' id='word_1_340' title='bbox 199 3698 305 3769; x_wconf 75' lang='lat' dir='ltr'><strong>agenn</strong></span> <span class='ocrx_word' id='word_1_341' title='bbox 329 3698 403 3757; x_wconf 89' lang='lat' dir='ltr'><strong>dare</strong></span> <span class='ocrx_word' id='word_1_342' title='bbox 427 3699 629 3772; x_wconf 75' lang='lat' dir='ltr'><strong>quadraginta</strong></span> <span class='ocrx_word' id='word_1_343' title='bbox 650 3701 762 3766; x_wconf 79' lang='lat' dir='ltr'><strong>orions,</strong></span> <span class='ocrx_word' id='word_1_344' title='bbox 796 3699 1030 3771; x_wconf 69' lang='lat' dir='ltr'><strong>praeduratae</strong></span> <span class='ocrx_word' id='word_1_345' title='bbox 1055 3699 1155 3770; x_wconf 89' lang='lat' dir='ltr'><strong>detur,</strong></span> <span class='ocrx_word' id='word_1_346' title='bbox 1189 3697 1266 3756; x_wconf 90' lang='lat' dir='ltr'><strong>unde</strong></span> <span class='ocrx_word' id='word_1_347' title='bbox 1290 3711 1345 3768; x_wconf 92' lang='lat' dir='ltr'><strong>ego</strong></span> 
     </span>
     <span class='ocr_line' id='line_1_35' title="bbox 199 3788 1344 3874; baseline 0.002 -24"><span class='ocrx_word' id='word_1_348' title='bbox 199 3788 263 3850; x_wconf 70' lang='lat' dir='ltr'><strong>illud</strong></span> <span class='ocrx_word' id='word_1_349' title='bbox 281 3797 398 3870; x_wconf 82' lang='lat' dir='ltr'><strong>sumpsi</strong></span> <span class='ocrx_word' id='word_1_350' title='bbox 421 3795 554 3869; x_wconf 80' lang='lat' dir='ltr'><strong>faenore,</strong></span> <span class='ocrx_word' id='word_1_351' title='bbox 577 3795 616 3858; x_wconf 90' lang='lat' dir='ltr'><strong>de</strong></span> <span class='ocrx_word' id='word_1_352' title='bbox 639 3813 701 3874; x_wconf 89' lang='lat' dir='ltr'><strong>quo</strong></span> <span class='ocrx_word' id='word_1_353' title='bbox 725 3813 785 3859; x_wconf 90' lang='lat' dir='ltr'><strong>usu</strong></span> <span class='ocrx_word' id='word_1_354' title='bbox 801 3793 1027 3859; x_wconf 82' lang='lat' dir='ltr'><strong>Fleckeisenus</strong></span> <span class='ocrx_word' id='word_1_355' title='bbox 1049 3811 1120 3858; x_wconf 84' lang='lat' dir='ltr'><strong>nov.</strong></span> <span class='ocrx_word' id='word_1_356' title='bbox 1142 3790 1245 3857; x_wconf 89' lang='lat' dir='ltr'><strong>annal.</strong></span> <span class='ocrx_word' id='word_1_357' title='bbox 1268 3788 1344 3870; x_wconf 88' lang='lat' dir='ltr'><strong>phil.</strong></span> 
     </span>
     <span class='ocr_line' id='line_1_36' title="bbox 201 3888 1345 3972; baseline -0.002 -20"><span class='ocrx_word' id='word_1_358' title='bbox 201 3888 279 3969; x_wconf 81' lang='grc'>1860,</span> <span class='ocrx_word' id='word_1_359' title='bbox 303 3898 382 3957; x_wconf 84' lang='lat' dir='ltr'><strong>sent.</strong></span> <span class='ocrx_word' id='word_1_360' title='bbox 405 3899 436 3970; x_wconf 95' lang='lat'><strong>4,</strong></span> <span class='ocrx_word' id='word_1_361' title='bbox 459 3909 491 3972; x_wconf 90' lang='lat' dir='ltr'><strong>p.</strong></span> <span class='ocrx_word' id='word_1_362' title='bbox 515 3896 594 3956; x_wconf 78' lang='lat'><strong>287:</strong></span> <span class='ocrx_word' id='word_1_363' title='bbox 627 3892 741 3972; x_wconf 88' lang='lat' dir='ltr'><strong>„Patet</strong></span> <span class='ocrx_word' id='word_1_364' title='bbox 762 3893 844 3968; x_wconf 88' lang='lat' dir='ltr'><strong>hino,</strong></span> <span class='ocrx_word' id='word_1_365' title='bbox 866 3891 997 3955; x_wconf 86' lang='lat' dir='ltr'><strong>Latinos</strong></span> <span class='ocrx_word' id='word_1_366' title='bbox 1020 3893 1060 3955; x_wconf 87' lang='lat' dir='ltr'><strong>nd</strong></span> <span class='ocrx_word' id='word_1_367' title='bbox 1083 3890 1236 3972; x_wconf 88' lang='lat' dir='ltr'><strong>pecuniae</strong></span> <span class='ocrx_word' id='word_1_368' title='bbox 1260 3907 1345 3952; x_wconf 90' lang='lat' dir='ltr'><strong>snm-</strong></span> 
     </span>
     <span class='ocr_line' id='line_1_37' title="bbox 197 3987 1343 4072; baseline -0.001 -21"><span class='ocrx_word' id='word_1_369' title='bbox 197 3998 288 4067; x_wconf 79' lang='lat' dir='ltr'><strong>mnm,</strong></span> <span class='ocrx_word' id='word_1_370' title='bbox 314 4006 398 4070; x_wconf 90' lang='lat' dir='ltr'><strong>quae</strong></span> <span class='ocrx_word' id='word_1_371' title='bbox 421 3990 453 4053; x_wconf 93' lang='lat' dir='ltr'><strong>in</strong></span> <span class='ocrx_word' id='word_1_372' title='bbox 481 3991 680 4072; x_wconf 81' lang='lat' dir='ltr'><strong>praegressis</strong></span> <span class='ocrx_word' id='word_1_373' title='bbox 703 3991 866 4054; x_wconf 84' lang='lat' dir='ltr'><strong>nominata</strong></span> <span class='ocrx_word' id='word_1_374' title='bbox 888 3998 951 4070; x_wconf 88' lang='lat' dir='ltr'><strong>est,</strong></span> <span class='ocrx_word' id='word_1_375' title='bbox 978 3992 1094 4054; x_wconf 90' lang='lat' dir='ltr'><strong>iterum</strong></span> <span class='ocrx_word' id='word_1_376' title='bbox 1117 3987 1343 4070; x_wconf 83' lang='lat' dir='ltr'><strong>designandam</strong></span> 
     </span>
     <span class='ocr_line' id='line_1_38' title="bbox 197 4084 1343 4169; baseline 0.003 -25"><span class='ocrx_word' id='word_1_377' title='bbox 197 4084 238 4147; x_wconf 84' lang='lat' dir='ltr'><strong>uti</strong></span> <span class='ocrx_word' id='word_1_378' title='bbox 258 4085 373 4152; x_wconf 86' lang='lat' dir='ltr'><strong>solitos</strong></span> <span class='ocrx_word' id='word_1_379' title='bbox 397 4105 468 4152; x_wconf 91' lang='lat' dir='ltr'><strong>esse</strong></span> <span class='ocrx_word' id='word_1_380' title='bbox 496 4105 614 4166; x_wconf 83' lang='lat' dir='ltr'><strong>genere</strong></span> <span class='ocrx_word' id='word_1_381' title='bbox 637 4094 753 4152; x_wconf 91' lang='lat' dir='ltr'><strong>neutro</strong></span> <span class='ocrx_word' id='word_1_382' title='bbox 775 4089 969 4168; x_wconf 90' lang='lat' dir='ltr'><strong>pronominis</strong></span> <span class='ocrx_word' id='word_1_383' title='bbox 992 4088 1023 4151; x_wconf 92' lang='lat' dir='ltr'><strong>in</strong></span> <span class='ocrx_word' id='word_1_384' title='bbox 1047 4087 1200 4169; x_wconf 90' lang='lat' dir='ltr'><strong>singulari</strong></span> <span class='ocrx_word' id='word_1_385' title='bbox 1228 4086 1343 4166; x_wconf 83' lang='lat' dir='ltr'><strong>posito,</strong></span> 
     </span>
     <span class='ocr_line' id='line_1_39' title="bbox 198 4182 1343 4267; baseline 0.003 -25"><span class='ocrx_word' id='word_1_386' title='bbox 198 4184 231 4244; x_wconf 92' lang='lat' dir='ltr'><strong>ut</strong></span> <span class='ocrx_word' id='word_1_387' title='bbox 252 4190 360 4249; x_wconf 87' lang='lat' dir='ltr'><strong>mente</strong></span> <span class='ocrx_word' id='word_1_388' title='bbox 387 4183 460 4249; x_wconf 83' lang='lat' dir='ltr'><strong>addi</strong></span> <span class='ocrx_word' id='word_1_389' title='bbox 487 4187 590 4267; x_wconf 85' lang='lat' dir='ltr'><strong>possit</strong></span> <span class='ocrx_word' id='word_1_390' title='bbox 610 4188 729 4262; x_wconf 81' lang='lat' dir='ltr'><strong>pondus</strong></span> <span class='ocrx_word' id='word_1_391' title='bbox 756 4189 826 4248; x_wconf 72' lang='lat' dir='ltr'><strong>aori</strong></span> <span class='ocrx_word' id='word_1_392' title='bbox 854 4185 902 4249; x_wconf 88' lang='lat' dir='ltr'><strong>vel</strong></span> <span class='ocrx_word' id='word_1_393' title='bbox 930 4189 1075 4262; x_wconf 71' lang='lat' dir='ltr'><strong>argentif‘</strong></span> <span class='ocrx_word' id='word_1_394' title='bbox 1118 4184 1231 4266; x_wconf 90' lang='lat' dir='ltr'><strong>Amph.</strong></span> <span class='ocrx_word' id='word_1_395' title='bbox 1260 4182 1285 4261; x_wconf 95' lang='lat' dir='ltr'><strong>I,</strong></span> <span class='ocrx_word' id='word_1_396' title='bbox 1313 4187 1343 4261; x_wconf 89' lang='lat'><strong>3,</strong></span> 
     </span>
     <span class='ocr_line' id='line_1_40' title="bbox 199 4278 1342 4364; baseline 0.002 -24"><span class='ocrx_word' id='word_1_397' title='bbox 199 4278 229 4340; x_wconf 83' lang='lat'><strong>3:</strong></span> <span class='ocrx_word' id='word_1_398' title='bbox 246 4300 346 4345; x_wconf 84' lang='lat' dir='ltr'><strong>reram</strong></span> <span class='ocrx_word' id='word_1_399' title='bbox 368 4285 447 4358; x_wconf 76' lang='lat' dir='ltr'><strong>qnod</strong></span> <span class='ocrx_word' id='word_1_400' title='bbox 468 4287 527 4346; x_wconf 89' lang='lat' dir='ltr'><strong>erit</strong></span> <span class='ocrx_word' id='word_1_401' title='bbox 549 4294 648 4347; x_wconf 86' lang='lat' dir='ltr'><strong>natum</strong></span> <span class='ocrx_word' id='word_1_402' title='bbox 672 4287 781 4363; x_wconf 87' lang='lat' dir='ltr'><strong>tollito,</strong></span> <span class='ocrx_word' id='word_1_403' title='bbox 805 4285 845 4349; x_wconf 91' lang='lat' dir='ltr'><strong>nd</strong></span> <span class='ocrx_word' id='word_1_404' title='bbox 868 4302 896 4364; x_wconf 92' lang='lat' dir='ltr'><strong>q.</strong></span> <span class='ocrx_word' id='word_1_405' title='bbox 918 4283 938 4348; x_wconf 93' lang='lat' dir='ltr'><strong>l.</strong></span> <span class='ocrx_word' id='word_1_406' title='bbox 960 4283 1116 4348; x_wconf 87' lang='lat' dir='ltr'><strong>Gronov.:</strong></span> <span class='ocrx_word' id='word_1_407' title='bbox 1140 4281 1211 4363; x_wconf 87' lang='lat' dir='ltr'><strong>„Ita</strong></span> <span class='ocrx_word' id='word_1_408' title='bbox 1232 4281 1342 4360; x_wconf 90' lang='lat' dir='ltr'><strong>loque·</strong></span> 
     </span>
     <span class='ocr_line' id='line_1_41' title="bbox 199 4369 1341 4464; baseline 0.004 -25"><span class='ocrx_word' id='word_1_409' title='bbox 199 4369 307 4443; x_wconf 80' lang='lat' dir='ltr'><strong>tantur</strong></span> <span class='ocrx_word' id='word_1_410' title='bbox 327 4385 443 4447; x_wconf 87' lang='lat' dir='ltr'><strong>neutro</strong></span> <span class='ocrx_word' id='word_1_411' title='bbox 465 4400 583 4464; x_wconf 88' lang='lat' dir='ltr'><strong>genere</strong></span> <span class='ocrx_word' id='word_1_412' title='bbox 605 4383 644 4448; x_wconf 91' lang='lat' dir='ltr'><strong>de</strong></span> <span class='ocrx_word' id='word_1_413' title='bbox 666 4389 762 4462; x_wconf 88' lang='lat' dir='ltr'><strong>parta</strong></span> <span class='ocrx_word' id='word_1_414' title='bbox 786 4388 820 4446; x_wconf 89' lang='lat' dir='ltr'><strong>et</strong></span> <span class='ocrx_word' id='word_1_415' title='bbox 840 4381 951 4446; x_wconf 89' lang='lat' dir='ltr'><strong>iuturo</strong></span> <span class='ocrx_word' id='word_1_416' title='bbox 973 4387 1007 4446; x_wconf 91' lang='lat' dir='ltr'><strong>et</strong></span> <span class='ocrx_word' id='word_1_417' title='bbox 1021 4399 1134 4446; x_wconf 90' lang='lat' dir='ltr'><strong>recens</strong></span> <span class='ocrx_word' id='word_1_418' title='bbox 1150 4378 1255 4444; x_wconf 88' lang='lat' dir='ltr'><strong>nato.“</strong></span> <span class='ocrx_word' id='word_1_419' title='bbox 1279 4379 1341 4443; x_wconf 91' lang='lat' dir='ltr'><strong>Te·</strong></span> 
     </span>
    </p>
   </div>
   <div class='ocr_carea' id='block_1_3' title="bbox 0 0 1568 5075">
    <p class='ocr_par' dir='ltr' id='par_1_4' title="bbox 0 0 1568 5075">
     <span class='ocr_line' id='line_1_42' title="bbox 0 0 1568 5075; baseline 0 0"><span class='ocrx_word' id='word_1_420' title='bbox 0 0 1568 5075; x_wconf 95' lang='lat' dir='ltr'><strong> </strong></span> 
     </span>
    </p>
   </div>
  </div>
 </body>
</html>
