3125 5075
471 332 658 372 coelestiano
693 333 738 372 REI
767 332 865 373 SECU!
892 333 963 372 leae.
1231 341 1291 401 207

266 525 359 584 Immo
382 532 439 597 eat,
462 533 494 585 et
515 526 546 586 di
569 527 701 599 deaeque
724 523 852 601 iaciant,
875 531 909 584 ut
930 525 997 596 siet

266 619 341 682 Plora
357 623 487 698 piasque
511 624 566 684 tibi
588 624 665 684 istuc
688 623 837 697 sospitent
858 622 936 698 quod
959 639 1036 682 nuuc
1059 622 1161 684 nabes.

171 731 192 782 c
213 714 438 798 Fleckeisen),
460 717 500 783 ad
525 736 555 799 q.
578 718 598 783 l.
623 718 777 784 Grouor.:
801 716 958 796 „Veteres
980 718 1186 798 geminabant
1199 735 1295 784 voees

171 813 349 879 tendendae
372 815 421 880 rei
442 815 571 882 cauae.“
616 813 710 880 Cure.
740 812 791 894 ΙΙ,
816 818 845 892 2,
868 817 927 877 26;
957 817 1155 885 Phaedrome,
1182 819 1230 877 exi
1251 849 1295 860 —

171 931 257 992 quam
280 914 366 976 oetam
413 911 542 978 Terent
566 913 683 977 Heaut.
705 911 761 990 lv,
785 918 814 992 7,
836 919 871 978 4:
902 915 1033 990 Sequere
1056 916 1113 976 bac
1135 933 1181 976 me
1204 915 1293 977 ociore.

171 1009 227 1090 pid.
252 1008 278 1089 1,
304 1015 331 1088 1,
356 1015 390 1075 7:
416 1011 622 1087 Oorpulentior
645 1013 746 1074 videre
762 1023 851 1089 atque
874 1013 1005 1072 habitior
1027 1009 1087 1090 (sie
1102 1010 1206 1092 vulg.;
1224 1012 1295 1092 Apg

171 1107 265 1183 ilior,
293 1105 377 1189 quod
399 1107 440 1173 ad
463 1108 655 1174 sententiam
676 1114 811 1190 propter
839 1108 1106 1175 consociationem
1135 1127 1207 1174 cum
1229 1128 1293 1170 cor·

171 1205 287 1268 aneo
309 1224 371 1271 non
387 1211 438 1270 eat
451 1211 584 1287 aptum),
606 1205 636 1270 lu
661 1225 686 1271 e.
709 1205 807 1284 paulo
823 1205 971 1284 habitior,
994 1223 1088 1287 quam
1105 1213 1180 1271 ante
1196 1205 1293 1272 luisti.

171 1299 223 1368 lin.
246 1301 272 1383 Ι,
296 1307 326 1384 2,
353 1306 405 1368 12:
430 1307 523 1368 Valeo
546 1317 577 1367 et
592 1308 678 1368 ualui
700 1307 821 1374 reclina,
840 1303 883 1369 ad
904 1321 933 1384 q.
957 1304 976 1368 l
1000 1303 1157 1370 Lindem:
1181 1303 1295 1383 „Com-

171 1399 303 1466 uratirus
324 1402 393 1468 sine
415 1418 452 1465 re
475 1406 661 1483 comparata
682 1400 791 1482 plures
814 1401 913 1468 babet
934 1402 1021 1484 apud
1042 1401 1175 1468 Latinos
1197 1402 1296 1483 signi-

171 1495 317 1579 ntioues,
347 1499 541 1581 repetendas
563 1498 635 1564 illas
659 1517 698 1563 ex
720 1499 820 1564 tacita
842 1501 1092 1582 comparatione,
1116 1517 1199 1581 quae
1223 1500 1293 1566 ubi·

171 1612 202 1660 re
224 1595 361 1677 cogitari
383 1597 488 1663 debet.
533 1597 753 1662 Usitatissima
775 1603 827 1663 est
847 1598 944 1679 nono,
967 1599 1022 1664 ubi
1044 1597 1204 1663 omittitur
1220 1597 1294 1664 talis

171 1692 291 1758 rmula:
314 1714 402 1771 quom
421 1715 479 1771 par
501 1701 552 1765 rat
575 1696 659 1760 uude
682 1696 919 1777 comparativus
934 1695 1094 1761 notionem
1117 1695 1294 1777 particulae

171 1793 226 1854 aria
246 1791 405 1858 adsciscit.
437 1793 509 1858 Alia
531 1802 590 1869 est,
615 1793 668 1858 ubi
684 1793 749 1859 tale
765 1794 842 1874 quid
865 1793 1039 1860 omittitur:
1062 1808 1150 1870 quoa
1163 1813 1295 1870 sperma

171 1895 304 1966 specim
319 1897 453 1968 poleos,
475 1909 558 1973 quae
580 1890 631 1956 bic
653 1891 782 1972 quidem
806 1891 938 1957 obtinet.
983 1890 1156 1971 Aliquanto
1177 1895 1294 1961 raanan,

171 2005 234 2052 ram
257 2005 389 2070 sperare
411 1990 483 2070 quis
505 1995 625 2072 posset,
647 1985 776 2070 glomite>
802 1993 866 2072 qut,
891 1988 963 2053 iubet
987 1986 1181 2073 btnrtrunq
1205 1989 1292 2072 gut.“

171 2095 269 2152 erent.
292 2086 392 2152 Andr.
409 2087 435 2169 1,
454 2093 481 2168 1,
502 2093 575 2154 103:
599 2092 637 2150 ad
660 2089 807 2150 flammam
831 2093 962 2150 accessit
982 2089 1203 2167 inprudentiae,
1226 2087 1294 2153 scil.

171 2175 234 2248 ram
267 2183 393 2266 decuit,
427 2186 468 2251 de
502 2204 565 2267 quo
599 2186 669 2251 loco
700 2184 845 2250 Rhemus
872 2185 906 2250 iu
934 2185 1181 2266 paralipomenis
1203 2185 1294 2251 dicit:

171 2277 404 2364 lomparativus
425 2302 489 2350 uon
511 2303 585 2350 raro
609 2301 668 2365 pro
695 2301 763 2364 pos.
794 2288 983 2366 usurpatur,
1007 2283 1173 2364 mitigandi
1197 2283 1296 2364 signi·

170 2378 318 2445 ationef‘
349 2380 475 2446 Phorm.
499 2381 558 2460 111,
582 2389 611 2454 3,
636 2387 691 2445 21:
715 2387 832 2457 Quaere
856 2386 996 2445 obsecra:
1019 2385 1136 2459 Nequid
1154 2384 1225 2457 plna
1239 2383 1294 2440 mi·

171 2499 233 2545 rere
256 2479 348 2557 faxit,
378 2484 456 2559 quod
479 2500 533 2545 uos
555 2489 625 2559 post
646 2483 765 2560 pigeat,
792 2479 884 2561 adq.
909 2478 929 2544 l.
952 2478 1180 2547 Ruhnkeuiue:
1204 2477 1246 2559 ,‚i.
1271 2495 1299 2544 e.

171 2596 248 2653 cere
269 2577 406 2660 aliquio,
436 2578 521 2659 quod
546 2579 580 2643 in
602 2580 794 2645 alterutram
822 2583 949 2661 partem
972 2578 1112 2660 conspici
1135 2584 1169 2642 et
1190 2575 1300 2641 notari

171 2676 258 2749 raeit,
283 2675 335 2742 vel
357 2676 390 2741 in
419 2695 569 2741 meream
591 2676 642 2742 vel
669 2677 703 2741 in
722 2677 884 2758 desertor,
915 2683 953 2743 ut
979 2676 1110 2743 barbari
1132 2674 1229 2757 vulgo
1252 2673 1299 2739 lo·

171 2773 316 2843 uuntur.“
360 2770 465 2841 affert
486 2774 601 2841 deinde
623 2772 750 2840 Rnhuk.
774 2774 878 2840 Plaut.
901 2773 993 2857 capt.
1011 2774 1049 2851 V,
1072 2779 1107 2853 3,
1134 2777 1188 2839 le:
1212 2791 1299 2850 quom

171 2876 287 2953 pplra
307 2876 463 2950 mirmrqne
484 2874 544 2936 ieci
567 2872 639 2951 [ilii]
662 2893 750 2950 quam
771 2893 897 2953 aequom
920 2875 986 2935 fuit.
1016 2872 1146 2938 Terent.
1169 2870 1296 2937 Phorm.

171 2972 197 3053 l,
220 2978 251 3053 3,
274 2976 308 3037 6;
330 2975 425 3035 malta
446 2974 627 3046 advenienti,
650 2979 684 3033 ut
705 2972 749 3049 fit,
773 2991 852 3035 nova
873 2974 922 3034 hie
943 2974 1120 3047 compluria,
1143 2970 1183 3036 de
1198 2986 1262 3051 quo
1277 2968 1298 3033 l.

171 3070 286 3139 eriaou.
307 3070 348 3137 ao
364 3070 469 3137 Senot
485 3068 561 3135 Min.
586 3086 615 3149 p.
633 3073 704 3148 222,
728 3067 835 3132 adnot
857 3074 891 3133 o:
915 3068 1008 3147 „Tem
1030 3068 1064 3133 iu
1086 3069 1198 3133 eodem
1214 3085 1299 3133 com·

171 3172 228 3241 ate
257 3169 362 3251 iungit
387 3170 482 3231 multo
508 3169 687 3242 compluria,
717 3165 785 3230 scil.
814 3174 946 3232 narrata
976 3170 1065 3232 sunt
1105 3165 1169 3232 Ubi
1199 3166 1299 3230 mani·

172 3272 224 3337 ste
237 3252 413 3349 'postumus
443 3273 542 3348 auget
573 3266 664 3346 quasi
694 3264 884 3345 corrigendo
914 3264 964 3341 id,
999 3263 1085 3344 quod
1111 3264 1202 3343 prius
1228 3270 1299 3329 erut

171 3362 293 3433 ‚ctum“

228 3468 259 3531 8.
305 3462 522 3541 Superlctivua.
568 3460 667 3527 Plane
699 3479 757 3541 pro
786 3460 924 3542 positivo
953 3460 1079 3542 positus
1108 3462 1159 3526 est
1181 3456 1299 3541 superb

171 3580 216 3629 er.
239 3562 322 3629 Eun.
345 3560 417 3642 ln,
440 3567 497 3626 47:
521 3572 584 3623 tute
607 3564 665 3623 scia
687 3564 811 3639 postilla
832 3579 919 3637 quam
941 3562 1088 3621 interm
1110 3561 1242 3621 Habeam
1259 3567 1299 3619 te.

171 3646 335 3735 oculariter
349 3655 456 3725 efficta
469 3664 545 3724 sunt
557 3661 786 3735 pensaurum
800 3656 905 3723 Plout
920 3658 1008 3723 Pera
1024 3656 1062 3733 V,
1079 3661 1113 3736 2,
1128 3662 1187 3722 49:
1209 3659 1299 3729 Tace,

171 3760 251 3839 ulta
274 3762 323 3822 bie
345 3762 410 3821 eiua
432 3763 581 3836 geminust
608 3757 712 3819 irater.
756 3756 826 3821 ΒΟ.
855 3757 1013 3819 Hieiuest?
1056 3754 1120 3821 ΤΟ.
1143 3761 1188 3817 Ae
1208 3756 1299 3829 gerri-

171 3860 308 3927 m,
337 3862 371 3923 et
396 3857 571 3933 maneamne
593 3855 680 3919 Trin.
701 3853 758 3933 IV,
782 3858 816 3933 2,
844 3858 919 3932 146,
940 3853 1084 3934 adeoque
1108 3852 1299 3919 substantivi

171 3954 260 4041 rperl.
281 3953 378 4020 Poen.
403 3954 442 4036 V,
464 3963 500 4026 4,
523 3960 577 4019 24:
604 3962 751 4029 opatrue
780 3956 821 4014 mi
842 3954 1054 4027 potamienae.
1105 3952 1155 4017 De
1177 3950 1298 4030 superl.

171 4054 311 4123 ruiuuctn
334 4070 406 4118 cum
427 4053 521 4134 plur„
532 4046 730 4134 pronominis
752 4053 874 4131 quisqu
896 4070 925 4115 v.
948 4049 1137 4115 Ramsboru.
1165 4066 1298 4131 gramm.

195 4158 271 4235 313,
292 4153 348 4235 qui
369 4150 465 4217 affert
488 4150 580 4217 bloet
604 4148 684 4229 1,·2,
711 4153 766 4214 76;
797 4149 917 4225 Optasti
942 4151 1050 4224 preigne
1076 4149 1300 4224 expetebantur

171 4270 189 4317 a
217 4254 385 4315 docuinam
415 4253 482 4313 sibi.
527 4248 576 4327 De
602 4266 692 4323 wana
718 4266 856 4309 menuae
885 4280 925 4293 -·
954 4252 1017 4313 tona
1045 4264 1183 4307 aram
1215 4244 1299 4310 illem

196 4354 271 4429 319,
293 4346 399 4414 adnot
424 4353 442 4412 2
465 4345 561 4411 affert
582 4344 653 4413 Ter.
670 4346 729 4411 nu
746 4343 810 4425 111,
825 4355 856 4426 4,
880 4348 933 4409 ὁδε
955 4362 1045 4421 quor·
1067 4349 1141 4409 oues
1161 4362 1299 4409 aream
