3125 5075
292 381 351 443 140
716 372 844 416 vanuum.
872 371 935 412 cnr.
950 372 999 411 ιιι.
1096 423 1100 430 Ι

289 580 317 625 v.
342 565 418 626 530:
443 581 520 623 nunc
544 580 598 636 ego
621 564 701 623 illam
726 564 882 623 mavelim
906 563 1081 623 convenire.
1126 577 1155 621 ι.
1180 560 1260 621 63οι
1285 558 1378 619 Unde
1401 558 1449 617 leo

290 661 396 723 tecm?
439 678 469 721 v.
494 662 554 723 635
578 658 782 737 potentialem
807 658 952 739 sequitur
975 654 1208 723 conditionalis:
1241 654 1276 714 st
1300 656 1378 715 mihi
1404 655 1450 730 sit,

290 777 347 819 uon
365 760 520 832 polliceor.
536 756 607 820 MN.
625 758 702 825 Scio,
717 758 812 821 dures.
847 775 874 819 v.
893 760 968 820 636:
991 757 1051 816 taisi
1065 770 1155 829 omes,
1178 771 1258 813 nunc
1282 754 1343 812 tibi
1366 752 1448 826 tidem

291 858 416 916 habeam
439 864 562 917 tantam.
587 852 642 927 IV,
659 861 688 932 4,
713 859 768 918 27:
792 858 844 915 Pol
867 862 899 914 tu
922 873 1007 931 qnam
1032 871 1108 913 nunc
1131 870 1177 911 me
1193 867 1335 911 meses
1352 853 1449 926 mugi«,

290 956 318 1013 ai
330 956 420 1028 magis
433 970 496 1013 rem
507 954 631 1012 normis.
657 970 684 1013 v.
701 955 757 1014 46:
775 956 868 1026 Quem
883 954 911 1011 si
939 951 1020 1029 [ego]
1034 969 1125 1027 orem,
1138 958 1171 1009 ut
1183 951 1225 1009 nil
1242 950 1320 1007 milri
1337 950 1449 1021 credat,

291 1053 321 1112 id
338 1069 394 1111 noo
411 1052 509 1109 cussit
530 1037 672 1111 eredere.¹
688 1052 716 1124 8,
742 1055 796 1111 to:
822 1053 851 1110 ni
866 1083 909 1093 —
923 1050 1011 1123 toret,
1038 1082 1074 1092 —
1102 1049 1298 1123 opprimeret.
1325 1051 1357 1124 9,
1377 1049 1449 1109 mo:

291 1150 368 1223 Quin
397 1166 452 1223 ego
480 1150 548 1207 istic
576 1149 653 1222 quod
682 1148 896 1221 perdundumst
920 1164 1080 1221 properem
1108 1144 1260 1220 perderet
1293 1142 1391 1207 Most
1417 1145 1448 1218 ll,

294 1250 322 1324 1,
346 1248 401 1307 26:
429 1248 536 1305 Verum
561 1248 600 1305 sit
622 1247 717 1306 eelim.
742 1243 824 1307 Men.
848 1243 908 1323 ΙΙΙ,
926 1248 954 1321 2,
986 1249 1042 1307 35:
1070 1231 1146 1305 Non'
1164 1243 1272 1317 edepol
1306 1253 1349 1315 te,
1378 1242 1452 1316 qood

291 1346 393 1420 004040,
417 1362 552 1418 nmquam
577 1350 645 1402 ante
670 1345 746 1402 hone
771 1342 849 1404 diem
876 1345 950 1403 Vidi.
994 1360 1021 1403 v.
1046 1345 1102 1404 38:
1126 1343 1192 1401 Non
1214 1356 1332 1414 neum,
1356 1344 1384 1401 ai
1405 1358 1452 1398 nc

290 1443 392 1503 ocrim.
421 1438 476 1516 lv,
506 1443 534 1516 2,
564 1444 619 1501 tt:
647 1443 700 1501 Pol
728 1444 800 1502 haut
827 1460 926 1516 roqcm
955 1449 996 1508 te,
1025 1441 1174 1499 sedem.
1199 1435 1265 1499 Mil.
1292 1436 1320 1514 1,
1348 1443 1377 1516 1,
1400 1442 1451 1500 20:

292 1541 374 1600 Nilril
406 1570 449 1581 -
478 1540 533 1598 hoo
562 1541 720 1614 quidemst,
749 1540 860 1600 Praeut
889 1540 949 1599 alia
978 1540 1082 1611 dicam,
1117 1547 1148 1596 tu
1183 1554 1260 1611 quae
1290 1555 1449 1612 numquam

293 1637 406 1709 feceris,
430 1633 470 1697 ad
494 1649 521 1711 q.
546 1633 565 1696 l.
590 1634 736 1699 Lindem:
761 1634 852 1714 „Non
874 1633 1016 1697 futurum
1039 1645 1183 1697 exactum
1208 1638 1271 1710 est,
1296 1632 1358 1697 sed
1373 1630 1449 1712 peri.

292 1733 371 1797 coni.
402 1731 592 1803 loculoriter
614 1732 774 1811 parasitus
797 1738 947 1811 tanquam
970 1732 1009 1795 de
1043 1750 1101 1796 sua
1134 1730 1296 1794 sent-entia
1321 1730 1449 1810 profert,

293 1833 332 1895 do
360 1829 475 1908 qulbus
500 1827 591 1893 facile
623 1830 706 1894 inter
729 1847 836 1894 omnes
860 1830 1036 1894 constabat.
1082 1830 1141 1893 Est
1164 1828 1248 1891 enim
1272 1848 1354 1905 qnae
1379 1849 1445 1890 nun-

294 1948 379 2005 quam
404 1929 513 1988 leceris
536 1924 603 1990 fere
626 1928 707 1991 idem
725 1928 825 2006 quod:
850 1949 934 2004 quae,
960 1941 987 1989 ιι·
1016 1931 1141 1996 ridetur,
1166 1946 1318 2003 nunquam
1345 1928 1447 2000 tacisti,

293 2027 362 2088 mot
386 2023 426 2087 ou
450 2021 685 2105 modrldpeinlld)
710 2023 841 2087 oiemoti
866 2023 977 2108 qetbon
1003 2023 1096 2103 ΙιιιιΙ.Ν
1143 2023 1201 2095 ΙΙΙ,
1230 2033 1255 2099 i,
1284 2030 1366 2088 141:
1398 2028 1447 2099 Qui

295 2125 417 2183 deorum
442 2125 568 2184 consilis
584 2128 693 2200 culpet,
717 2129 825 2185 stultus
846 2128 1029 2201 inscitusque
1052 2128 1101 2200 sit,
1125 2122 1215 2201 adq.
1243 2129 1266 2183 1.
1291 2121 1446 2187 Lindem:

294 2218 540 2299 „Coniunctivus
564 2220 594 2283 in
614 2238 660 2283 vv.
678 2224 776 2297 culpet
797 2256 839 2266 -
854 2227 894 2283 sit
917 2223 1055 2303 ponitur,
1078 2227 1114 2284 ut
1136 2237 1202 2284 rem
1219 2219 1375 2285 universe
1394 2219 1447 2283 diei

291 2336 350 2381 nec
377 2335 570 2397 responsum
601 2319 764 2397 portinere
793 2322 832 2384 ad
866 2319 1055 2396 Pleusidem
1088 2318 1209 2382 urbane
1240 2315 1445 2397 significetur.

294 2415 352 2478 Est
376 2415 459 2479 onim
482 2432 539 2496 pro
564 2433 611 2480 eo,
636 2415 720 2496 quod
743 2418 849 2482 dicere
873 2419 987 2483 voluit:
1012 2417 1043 2481 Si
1067 2417 1138 2495 quis
1159 2413 1244 2479 forto
1268 2421 1323 2480 est
1344 2413 1445 2495 -qui

294 2511 411 2594 culpet,
435 2513 462 2577 is
484 2514 591 2577 neseio
622 2531 661 2578 on
690 2515 809 2580 stultns
839 2518 909 2581 sit-⁴
956 2535 982 2578 r.
1018 2520 1077 2578 125
1108 2532 1182 2595 sqq:
1216 2517 1371 2578 continno
1405 2533 1444 2574 er-

292 2613 444 2673 cruciorer
468 2616 570 2674 animi:
590 2617 638 2672 sire
660 2616 738 2675 forte
754 2615 808 2691 [ei]
825 2619 933 2688 ficisset
949 2618 1050 2687 febris,
1076 2615 1229 2675 Censorem
1246 2618 1360 2675 emori:
1384 2615 1443 2674 ccci

292 2711 418 2769 dissetre
451 2712 550 2772 ebrius
582 2715 617 2771 de
646 2731 757 2788 equore
792 2718 915 2789 uspiam,
944 2718 1108 2774 Metuerem
1137 2719 1195 2774 oet.
1222 2708 1323 2775 Mero.
1358 2710 1399 2787 ΙΙ,
1420 2714 1442 2781 2,

300 2813 350 2868 15:
375 2808 493 2884 Dicam,
517 2811 544 2866 si
566 2810 681 2868 videam
716 2815 768 2871 tibi
793 2831 913 2887 operam
938 2831 1004 2871 osse
1028 2821 1079 2871 aut
1101 2813 1202 2871 otium.
1246 2826 1274 2869 v.
1309 2815 1368 2873 30:
1397 2808 1444 2869 Sed

293 2905 427 2993 ocatmne
449 2909 573 2979 egotibi
600 2911 707 2983 eloqui,
731 2912 758 2966 si
781 2912 851 2985 qnid
874 2911 983 2971 eelim?
1029 2927 1056 2970 v.
1082 2911 1135 2971 39:
1158 2911 1186 2966 st
1201 2912 1320 2982 sepios,
1345 2927 1396 2968 eos
1414 2921 1442 2965 ae

294 3000 449 3062 decumbas
471 3003 557 3062 domi.
602 3023 628 3065 v.
655 3010 694 3067 70
718 3023 799 3084 sqq:
1368 2994 1373 3003 ἱ

382 3102 457 3171 Quia
480 3104 532 3160 illa
555 3102 648 3163 lorum
671 3117 792 3164 oratrern
818 3106 945 3165 familias

381 3199 539 3272 Flagitium
561 3203 602 3259 eit
624 3205 651 3260 st
672 3208 834 3274 sequatur„
861 3206 978 3279 quando
1000 3205 1118 3265 incedat
1140 3222 1195 3277 per
1219 3205 1293 3265 rias.

382 3297 591 3369 Contemplent,
615 3303 800 3372 conspicient
822 3322 934 3379 omnes,
955 3307 1068 3376 nutent,
1091 3305 1211 3377 dictent,
1234 3303 1370 3379 sibilent,

387 3396 533 3462 Vellicent,
556 3403 665 3465 vocent,
688 3402 805 3458 molesti
829 3403 899 3469 sint,
916 3406 1070 3462 occentent
1091 3403 1213 3462 ostium:

379 3493 560 3565 [repleantur
583 3498 744 3571 elogiorurn
769 3517 853 3558 meae
877 3498 957 3559 tores
980 3502 1171 3560 carbonibus:

381 3596 477 3666 Atque
503 3604 533 3651 ut
558 3612 634 3651 nuno
658 3603 725 3652 sunt
750 3599 962 3657 maledicentes
987 3600 1133 3671 homiues,
1159 3598 1242 3656 uxori
1261 3615 1349 3658 meae

380 3691 512 3765 Mihique
535 3692 676 3752 obiectent
699 3695 875 3753 lenocinium
900 3695 1010 3759 lacere.

294 3793 325 3863 4,
350 3790 402 3848 21:
426 3789 477 3848 Pol
503 3806 592 3848 sanus
614 3792 642 3846 se'
664 3792 729 3865 sim,
755 3810 810 3850 non
828 3803 857 3851 te
882 3794 1026 3852 medicum
1051 3797 1088 3851 mi
1105 3798 1251 3866 expetam.
1280 3793 1340 3872 ΙΙΙ,
1367 3801 1391 3872 Ι,
1407 3797 1445 3858 20.

294 3901 323 3945 v.
347 3887 403 3945 40:
429 3888 527 3945 Etiam
552 3906 616 3946 cum
641 3907 732 3947 uxore
757 3909 814 3948 non
838 3892 941 3949 cubet?
964 3896 994 3969 4,
1017 3898 1051 3953 4;
1076 3892 1119 3948 Ni
1141 3893 1218 3951 ocelli
1241 3893 1388 3954 lacrumis
1409 3895 1446 3951 de·

295 3981 431 4059 tendent,
463 3985 520 4043 iam
549 3985 654 4044 ardeat
693 3987 783 4046 credo
812 3999 909 4062 capot.
942 3987 1055 4050 Pseud.
1088 3987 1110 4059 Ι,
1144 3993 1170 4062 2,
1196 3994 1232 4050 5:
1260 3993 1344 4064 Quos
1368 4008 1444 4066 qam

295 4080 398 4151 serios,
421 4082 474 4140 tibi
497 4084 564 4157 plns
588 4101 706 4144 noceas.
732 4088 760 4159 3,
786 4090 819 4146 7:
847 4089 978 4159 Quonam
1002 4093 1092 4162 parto
1108 4089 1235 4145 animum
1254 4091 1378 4150 vincere
1389 4108 1447 4164 pos

294 4178 375 4239 sim?
399 4176 495 4253 (lollio
519 4178 557 4257 iq
579 4177 717 4254 idoneo.)
744 4182 856 4243 l’seud.
883 4201 910 4243 v.
936 4188 996 4245 2155
1021 4200 1103 4262 sqq:
1129 4202 1194 4243 nam
1222 4187 1251 4243 si
1279 4191 1445 4261 sacruficem

295 4295 408 4337 sommo
432 4280 495 4359 lovi
520 4284 617 4354 Atque
641 4282 670 4339 in
694 4284 830 4340 manibus
854 4289 922 4340 enta
946 4287 1058 4343 teneam
1087 4294 1119 4340 nt
1146 4285 1304 4361 poriciam‚
1341 4289 1448 4345 interea

295 4377 355 4438 loci
381 4377 414 4433 Si
437 4380 513 4437 lurri
536 4379 605 4453 qnid
628 4378 724 4453 detur,
749 4390 848 4453 potrus
872 4398 933 4438 rem
958 4384 1084 4439 divinam
1116 4380 1260 4441 &serane
1286 4381 1312 4457 l,
1343 4391 1372 4462 3,
1399 4388 1446 4445 et:
