3125 5075
199 369 263 426 214
633 357 787 399 eunome.
803 356 866 397 ΟΛΡ.
881 358 920 397 ΙΙΙ.

200 530 236 596 fr.
263 536 290 611 1,
314 549 343 595 v.
370 535 446 594 147:
469 539 587 607 egomet
609 533 673 593 rivo
695 535 774 592 iuter
795 534 876 593 moos
898 538 1040 594 mortuus.
1086 546 1115 594 v.
1142 534 1200 594 151
1227 545 1292 610 sq,:
1321 533 1368 590 in-

201 636 245 691 ter
266 647 338 692 suas
359 628 511 703 Aequalis,
533 636 674 703 copaotas
694 648 862 691 sermonem
885 633 970 691 serit.
1014 626 1108 708 Pugil
1129 646 1160 692 v.
1185 632 1261 694 193:
1284 632 1367 691 iuter

200 727 388 790 laudandum.
433 725 560 789 Terent.
590 724 725 806 Adelph.
748 723 787 804 V,
816 731 844 804 3,
871 732 924 790 ll:
953 729 1047 787 Vetus
1071 729 1192 788 verbnm
1217 728 1276 787 hoc
1300 730 1365 803 qui-

198 829 314 897 demst,
349 824 521 884 Communia
544 841 611 885 esse
641 827 803 886 amicornm
829 827 910 885 inter
935 843 966 887 se
995 827 1100 887 omnir.
1146 822 1229 887 Eun.
1253 823 1310 901 lv,
1335 828 1364 900 2,

204 929 238 984 i:
264 924 350 996 coepi
372 927 490 997 egomet
511 940 627 982 mecum
648 923 726 982 inter
748 924 814 984 cios
833 956 876 967 —
896 926 994 985 Aliam
1010 939 1073 984 rem
1089 938 1127 982 ex
1142 924 1203 983 alia
1217 924 1364 998 eogime.

200 1018 298 1082 Andr.
321 1016 381 1098 111,
412 1023 442 1096 3,
464 1021 522 1081 43:
557 1022 615 1093 Qui
638 1022 697 1081 seis
720 1038 772 1082 eos
801 1038 878 1082 nuuc
902 1021 1074 1082 discordare
1096 1021 1175 1079 iuter
1196 1022 1246 1081 se?
1293 1018 1366 1084 Alia

202 1114 346 1195 exempla
369 1115 441 1178 vide
463 1115 549 1195 apud
571 1116 732 1180 Handium
753 1118 786 1181 in
808 1115 997 1181 Tursellino.

286 1216 337 1277 Ob.
382 1212 529 1277 Pertinet
568 1212 630 1279 hnc
670 1232 748 1279 usus
780 1214 1027 1295 praepositionis
1065 1219 1101 1276 oo
1135 1215 1358 1279 tantummodo

201 1311 320 1377 localis.
358 1310 462 1391 Leges
475 1310 539 1375 XII
560 1310 658 1391 mbo,
681 1317 710 1392 2,
734 1311 772 1378 ir.
790 1318 823 1378 3:
848 1316 1043 1389 otpertum,
1067 1312 1097 1377 h.
1119 1331 1145 1377 e.
1168 1312 1209 1377 ad
1232 1312 1364 1377 domum

202 1410 270 1473 sive
292 1414 373 1472 ante·
390 1408 495 1487 aedes,
519 1413 555 1473 ut
577 1409 733 1475 Funcoins
756 1410 902 1491 explicit.
947 1411 1042 1474 Ennii
1069 1409 1201 1475 annales
1228 1409 1249 1474 l.
1275 1410 1363 1488 VIII,

200 1507 240 1570 ir.
257 1511 295 1570 21
316 1505 448 1584 (Paulus
463 1506 551 1571 Festi
568 1524 598 1587 p.
618 1513 676 1573 179
693 1507 749 1573 Μ.;
773 1514 826 1579 „ob
839 1526 938 1589 praep
941 1554 1042 1574 ......
1059 1526 1118 1589 pro
1134 1508 1221 1582 od“):
1244 1510 1290 1570 Ol
1304 1509 1364 1569 Ro

200 1624 281 1666 suom
312 1604 345 1680 (i.
368 1623 394 1669 e.
420 1604 460 1667 ad
483 1604 629 1679 Romam)
658 1614 748 1668 noctu
776 1610 910 1683 legiones
937 1607 1046 1669 ducere
1080 1611 1187 1684 coepit.
1239 1606 1364 1670 Ennius

201 1701 239 1767 fr.
261 1703 323 1767 inc.
346 1702 422 1767 libri
445 1709 463 1767 5
488 1702 585 1778 (Fest.
610 1703 629 1767 Ι.
653 1703 700 1779 Ι.);
731 1705 773 1765 Ol
797 1706 920 1765 Troiam
947 1707 1039 1766 duxit.
1084 1702 1187 1768 naut.
1219 1703 1293 1767 Aul.
1322 1701 1363 1781 11,

201 1808 231 1878 4,
256 1806 311 1866 23:
336 1801 438 1861 follem
462 1804 624 1878 obstringit
646 1804 681 1861 oh
701 1804 812 1875 palam.
858 1792 952 1864 Most.
978 1800 1035 1878 III,
1061 1805 1088 1879 1,
1112 1806 1165 1864 91:
1190 1805 1271 1864 obici
1294 1804 1364 1861 lube

202 1901 271 1959 huic
295 1905 451 1973 argeutum
475 1900 509 1958 ol
532 1916 563 1959 os
586 1903 718 1974 impurae
742 1902 869 1961 belluae.
916 1898 1011 1961 Mero.
1040 1916 1069 1960 v.
1094 1902 1170 1961 924:
1202 1899 1244 1960 Oh
1269 1901 1365 1960 oculos

205 1997 371 2057 adduxerit.
417 1993 483 2057 Mil.
507 1995 549 2074 11,
577 2002 607 2073 4,
633 2001 689 2059 51:
723 2000 810 2057 Nunc
840 2000 955 2058 demum
980 1999 1120 2072 experior
1143 2000 1182 2057 mi
1206 1999 1246 2057 oh
1270 2000 1365 2059 oculos

203 2096 360 2168 caliginem
387 2096 552 2168 opstitisse.
596 2092 710 2156 Pseud.
735 2092 789 2171 IV,
814 2098 842 2170 5,
869 2099 923 2157 lo:
957 2097 1043 2155 Nunc
1070 2113 1125 2168 ego
1149 2097 1299 2157 Simonem
1327 2099 1364 2155 mi

202 2194 238 2253 oh
254 2194 335 2251 acm
350 2194 449 2251 veniat
472 2195 569 2256 velim.
600 2192 734 2257 Terent.
749 2191 874 2255 Phorm.
892 2189 947 2269 IV,
964 2195 993 2269 3,
1011 2195 1066 2254 56:
1090 2197 1172 2269 Ager
1194 2195 1365 2269 oppositust

201 2291 319 2366 pignori
341 2289 450 2349 Decem
473 2293 507 2350 oh
529 2293 635 2353 uriam.

285 2387 386 2447 Penes.
426 2384 527 2450 Plant.
545 2387 657 2467 Amph.
674 2387 715 2460 ΙΙ,
733 2393 761 2463 2,
786 2392 944 2460 litqeem
961 2390 1236 2461 genesestvirtus.
1273 2387 1364 2449 Truc.

200 2482 257 2562 IV,
282 2489 311 2561 4,
337 2490 370 2547 5:
404 2503 493 2558 qaam
510 2503 601 2561 peaes
624 2494 670 2548 est
694 2504 759 2547 mea
781 2488 877 2548 omnis
900 2501 949 2547 res
973 2493 1005 2547 et
1026 2488 1123 2547 liberi.
1168 2483 1263 2548 Trnc.
1288 2483 1313 2561 Ι,
1340 2491 1365 2562 l,

201 2588 235 2646 4:
259 2586 355 2660 Quam
372 2601 463 2657 peaes
485 2593 634 2644 amantum
659 2603 769 2645 summa
794 2603 972 2645 summarum
996 2588 1084 2644 redit.
1109 2583 1201 2647 Tune.
1220 2582 1260 2662 V,
1284 2603 1313 2646 v.
1331 2589 1362 2647 9:

202 2684 310 2742 Manus
326 2687 416 2755 vetat,
437 2684 609 2758 prinsquam
618 2700 710 2756 potres
724 2700 786 2742 sese
801 2684 919 2755 habeat,
943 2682 1101 2757 quidquam
1119 2685 1256 2742 credere.
1293 2679 1361 2743 Aul.

202 2775 259 2855 IV,
282 2783 311 2855 4,
336 2781 393 2841 27:
418 2782 508 2855 nequi
531 2760 580 2839 tui*
595 2798 642 2840 erte
663 2783 820 2855 quicquam
844 2782 983 2839 invenisti
1001 2797 1100 2852 pates.
1148 2777 1238 2858 Capi.
1264 2778 1307 2858 ΙΙ,
1340 2785 1363 2854 l,

205 2879 260 2939 37:
295 2883 341 2935 set
367 2878 417 2935 uhi
440 2879 497 2936 iem
515 2894 606 2950 penes
627 2894 688 2937 sese
710 2878 835 2949 hahent,
871 2873 900 2936 h.
926 2894 953 2938 e.
981 2876 1013 2939 in
1037 2894 1096 2940 sna
1117 2881 1281 2956 potestate
1310 2875 1364 2939 ha·

202 2970 289 3048 beni,
314 2968 537 3049 impetrarunt.
584 2972 680 3036 Poen.
696 2971 734 3050 V,
750 2978 780 3049 4,
802 2977 854 3036 15:
877 2976 968 3050 Quem
985 2993 1076 3049 pestes
1099 2995 1168 3050 spes
1191 2979 1273 3036 vitae
1297 2963 1364 3036 shut

203 3071 353 3131 hominnm
377 3071 514 3133 omnium.
560 3069 687 3134 Terent.
708 3068 839 3149 Adelph.
860 3070 919 3149 ΙΙΙ,
945 3076 972 3148 3,
997 3076 1053 3135 34:
1077 3075 1172 3134 istaec
1196 3076 1255 3133 iam
1276 3090 1364 3147 maes

202 3184 254 3228 vos
276 3167 455 3243 psaltriast?
499 3166 576 3231 Hee.
601 3166 657 3243 IV,
684 3173 711 3245 l,
736 3171 791 3232 20:
826 3171 944 3230 illorum
968 3189 1033 3231 esee
1057 3173 1133 3231 hanc
1157 3175 1275 3245 culpam
1300 3190 1364 3231 cre·

204 3265 274 3340 didi,
299 3283 373 3342 quae
399 3272 425 3327 te
447 3276 493 3327 ost
511 3284 608 3340 peaes.

289 3364 356 3424 Per.
401 3363 511 3427 Livius
534 3363 733 3427 Andronicus
756 3361 794 3427 ir.
818 3364 964 3443 Aegisthi
991 3373 1020 3428 l:
1054 3368 1167 3441 praeda
1186 3384 1244 3440 per
1268 3369 1365 3440 porti·

81 3479 85 3488 ·
202 3465 279 3537 cipes
302 3465 438 3538 aequiter
460 3465 576 3523 Partito
598 3472 653 3523 est.
697 3460 779 3524 Livii
803 3462 974 3525 Andronici
1001 3463 1059 3526 ine.
1085 3470 1166 3543 trag.
1189 3462 1306 3542 fragm.
1330 3465 1363 3525 ὃς

206 3562 270 3633 Quo
298 3560 431 3621 Castalia
460 3578 517 3633 per
543 3562 666 3622 struices
692 3577 800 3622 soecos
826 3563 912 3635 lapsu
941 3563 1058 3621 accidit.
1105 3560 1204 3624 Naev.
1234 3558 1274 3623 fr.
1305 3561 1364 3623 inc.

203 3661 285 3736 trag.
309 3662 343 3718 4:
377 3659 466 3718 Dubii
492 3659 639 3730 faventem
662 3678 720 3734 per
740 3660 850 3732 fretum
878 3660 1113 3720 introcurrimns.
1159 3658 1261 3722 Naev.
1290 3655 1364 3722 bell.

203 3752 281 3818 Pun.
306 3771 345 3816 er
367 3753 479 3817 incert.
503 3753 576 3819 libr.
595 3762 612 3817 3
637 3755 769 3820 Vahlen.
786 3773 816 3834 p.
837 3761 891 3818 17:
915 3759 973 3816 Per
994 3759 1137 3832 liquidum
1161 3773 1255 3818 mare.
1286 3755 1365 3819 Cato

202 3848 239 3914 R.
265 3850 302 3915 R.
328 3869 352 3916 c.
377 3854 412 3914 2:
436 3872 492 3929 per
514 3857 647 3915 imbrem.
694 3853 755 3917 lb.:
778 3872 835 3929 per
856 3852 957 3913 ferias.
1003 3853 1084 3916 ds:
1106 3855 1165 3914 Per
1189 3859 1366 3915 catumeum

203 3952 330 4014 evehito.
378 3949 441 4013 Ih.:
465 3970 522 4025 per
549 3958 661 4026 tauma
683 3971 748 4012 eam
772 3954 899 4013 condito.
939 3948 1008 4013 06
1030 3955 1064 4013 et
1082 3948 1116 4015 C.
1134 3955 1190 4013 61:
1213 3970 1271 4027 per
1293 3960 1366 4012 tem-

202 4067 266 4124 pus.
303 4045 336 4111 C.
362 4050 416 4112 39:
441 4051 499 4109 Per
521 4053 654 4111 imbrem.
696 4047 730 4112 C.
754 4054 810 4113 40:
833 4052 891 4110 Per
914 4067 974 4110 ver.
1011 4046 1044 4112 0.
1070 4053 1124 4111 53:
1144 4066 1202 4122 per
1224 4066 1277 4109 ocr
1299 4067 1366 4112 cum

203 4147 345 4206 arabitur.
377 4142 410 4207 G.
433 4150 485 4208 17:
502 4163 559 4220 per
573 4150 724 4210 sementem
739 4150 865 4222 primum
882 4149 1028 4221 incipiunt
1043 4156 1177 4206 maturae
1194 4164 1274 4210 esee.
1302 4145 1366 4208 En·

203 4240 248 4305 nii
270 4241 373 4306 annal.
397 4240 416 4306 l.
441 4241 467 4320 l,
490 4239 528 4306 ir.
553 4248 604 4321 34,
627 4262 656 4307 v.
679 4249 737 4307 40:
773 4246 849 4304 Num
872 4262 918 4304 me
948 4246 1027 4305 visus
1051 4246 1138 4305 homo
1164 4246 1294 4318 pulcher
1311 4260 1368 4317 per

207 4355 331 4399 amoma
357 4342 463 4401 salicta
487 4343 527 4400 lit
548 4341 633 4414 agas
662 4349 785 4416 reptare
815 4344 948 4418 locosque
980 4350 1082 4401 novos.
1126 4339 1145 4402 Ι.
1174 4338 1218 4420 Π,
1248 4338 1288 4403 fr.
1316 4343 1367 4403 15:
