3125 5075
281 386 341 444 382
726 373 854 415 Psorlou.
874 376 937 417 ΟᾸΡ.
952 373 989 413 Vl.

281 554 411 615 veututis
427 570 524 613 mores
541 554 590 629 qui
607 554 716 627 seiam,
740 553 792 625 qui
814 553 870 614 huc
892 554 990 613 noctis
1014 552 1095 612 solus
1117 548 1287 610 ambulem?
1330 546 1436 628 Amph.

279 648 305 729 I,
331 655 358 728 l,
382 654 458 713 278:
504 652 581 725 Quid
604 669 658 728 ego
682 652 713 710 ni
735 657 850 729 negem,
873 652 925 725 qui
947 657 1064 725 egomet
1086 647 1181 709 siem?
1208 651 1246 726 3,
1269 650 1305 710 8:
1350 649 1438 708 Nimis

281 751 331 810 hic
350 752 456 809 scitust
472 751 666 826 sincophanta,
689 750 740 823 qai
764 749 881 824 quidem
903 750 942 808 sit
955 765 1037 808 meus
1052 754 1149 822 pater.
1166 742 1208 821 Π,
1227 748 1333 823 1,12:
1356 745 1441 808 audes

287 850 359 908 mihi
393 848 567 923 praedicare
595 849 639 925 id,
677 849 765 908 Domi
797 855 827 906 te
856 864 922 907 esse
953 864 1046 919 nuuc,
1083 846 1135 919 qui
1157 845 1206 904 hic
1229 844 1312 905 ades.
1336 859 1368 906 v.
1390 846 1440 905 21:

280 946 433 1019 Rogasue,
456 946 596 1020 inprobe,
627 948 715 1005 etiam
747 945 906 1018 pallados
929 943 1094 1005 iacisme?
1117 945 1147 1021 2,
1171 944 1226 1004 75:
1258 945 1300 1001 At
1323 944 1377 1017 pol
1396 944 1442 1017 qui

283 1052 366 1104 certa
389 1061 438 1103 res
460 1045 545 1103 Hane
566 1051 613 1103 est
636 1045 804 1118 obiurgare,
828 1060 904 1116 puae
926 1061 973 1102 me
996 1043 1084 1102 hodie
1108 1042 1317 1102 advenientem
1331 1040 1443 1100 domum

280 1143 419 1202 Noluerit
443 1144 583 1203 salutare.
608 1139 662 1219 lv,
687 1144 715 1215 2,
739 1144 772 1202 2:
796 1141 863 1200 Tibi
880 1143 1015 1216 Iuppiter
1031 1141 1129 1215 Dique
1152 1155 1255 1199 omnes
1274 1139 1348 1198 irati
1364 1144 1444 1197 certo

280 1249 358 1313 sunt,
382 1241 433 1312 pue·
456 1241 499 1299 sic
522 1238 642 1314 frangas
665 1238 748 1299 loris.
793 1236 887 1302 Truc.
912 1236 951 1316 V,
973 1254 1002 1300 v.
1027 1241 1082 1300 38:
1128 1237 1198 1310 Qui,
1221 1240 1346 1311 malum,
1368 1236 1445 1296 bella

281 1346 333 1400 aut
363 1337 501 1412 iacela's,
534 1355 610 1410 queue
636 1355 715 1396 umes
741 1338 889 1397 homiuem
913 1336 1065 1397 istimodi?
1109 1332 1200 1413 Capi
1224 1332 1290 1412 ΙΙΙ,
1323 1336 1360 1408 4,
1391 1337 1442 1396 14:

279 1439 340 1497 Aut
374 1438 398 1495 si
436 1445 466 1496 te
505 1437 581 1510 odit,
618 1436 670 1507 uui
699 1437 788 1495 istum
816 1438 951 1511 appelles
980 1435 1148 1510 Tyndarum
1175 1451 1231 1507 pro
1262 1434 1441 1494 Philocrate.

279 1532 367 1597 Asin.
387 1532 447 1612 ΙΙΙ,
472 1538 498 1607 i,
523 1538 554 1596 2:
578 1537 625 1593 Au
649 1535 691 1594 ita
713 1532 770 1593 tu's
794 1537 924 1594 animata
946 1542 979 1593 ut
1001 1534 1052 1605 pai
1075 1548 1182 1606 expers
1199 1532 1307 1591 matris
1324 1531 1440 1605 inperiis

282 1634 379 1708 siesl,
417 1631 472 1695 ubi
495 1629 696 1710 Hartungius
723 1628 762 1693 de
791 1630 916 1694 casibus
943 1649 974 1711 p.
1000 1634 1060 1694 143
1090 1631 1268 1708 praeeunte
1292 1626 1438 1691 Lambino

280 1734 333 1805 uua·
356 1747 413 1809 pro
437 1747 555 1811 genere
578 1726 728 1791 feminino
744 1728 939 1808 pronominis
955 1726 1084 1793 relativi
1099 1724 1224 1804 accipit,
1250 1726 1341 1805 quod
1358 1724 1434 1789 valde
1486 1793 1487 1798 .

283 1829 396 1893 dubito
427 1844 502 1890 num
533 1824 603 1890 fieri
630 1827 739 1907 possit.
800 1826 861 1890 Est
885 1826 992 1906 potius
1022 1843 1093 1890 mea
1128 1822 1257 1904 quidem
1290 1822 1428 1889 sententia
1485 1813 1487 1818 ’

282 1925 444 1991 ablativus
469 1924 665 2004 pronominis
693 1922 863 2001 indefiniti,
892 1942 951 2005 pro
980 1922 1078 2004 aliqui
1104 1952 1148 1973 =
1180 1920 1291 2002 aliqua
1313 1923 1426 1996 radere,

280 2018 358 2085 airas
379 2046 439 2084 που
467 2026 507 2101 (v.
531 2021 613 2087 inira
637 2020 654 2103 ἓ
680 2024 742 2102 33).
788 2024 842 2087 As.
861 2021 890 2106 1,
915 2028 945 2101 3,
969 2028 1024 2087 73:
1069 2028 1201 2087 Haecine
1226 2033 1351 2088 te'esse
1372 2022 1426 2085 olli·
1485 2081 1487 2086 .

278 2130 355 2202 tum,
384 2126 413 2183 iu
437 2124 506 2183 ludo
530 2122 687 2194 enituisti
711 2130 770 2183 tam
795 2123 868 2182 diu?
912 2119 976 2198 ΙΙΙ,
1005 2127 1038 2197 3,
1063 2125 1117 2187 68;
1161 2128 1240 2188 Nolo
1264 2142 1322 2201 ego
1344 2120 1427 2195 teum
1478 2147 1487 2196 g

279 2241 348 2283 erus
379 2224 420 2283 sis
442 2223 514 2280 mihi
537 2240 610 2282 onus
633 2223 710 2282 istuc
733 2223 891 2281 sustinere.
937 2220 1008 2284 Aul.
1037 2219 1087 2300 ΙΙ,
1110 2226 1144 2300 5,
1168 2227 1222 2288 221
1262 2218 1426 2299 quippeovu'
1479 2205 1487 2270 ²-

278 2322 339 2383 Ubi
358 2321 428 2396 quid
451 2322 606 2398 surripias,
631 2321 705 2379 nihil
729 2327 785 2380 est:
809 2318 863 2382 ubi
886 2318 1029 2382 abundat
1050 2323 1102 2394 qua·
1125 2330 1156 2384 el
1179 2326 1353 2401 propterea
1371 2320 1423 2379 iad·
1467 2347 1487 2370 .,

283 2422 352 2481 tum
381 2416 518 2497 positum
550 2422 614 2491 est,
644 2421 680 2480 ut
703 2416 863 2480 sententia
886 2414 1044 2481 efficiatur
1065 2418 1209 2496 relativa,
1232 2418 1307 2483 vide
1328 2416 1419 2480 Faern
1474 2377 1487 2492 Ι

277 2515 317 2580 ad
337 2515 407 2580 Ter.
432 2514 548 2579 Heaut.
572 2514 637 2593 III,
659 2519 693 2591 2,
716 2519 772 2578 27;
818 2518 934 2592 Quippe
957 2519 1009 2591 pai
1031 2519 1205 2593 Magnarum
1229 2536 1322 2595 saepe
1343 2517 1370 2577 id
1387 2528 1420 2572 re

277 2618 404 2676 medium
434 2616 691 2690 aegritudinumst.
738 2611 853 2677 Caecil.
879 2613 959 2678 Stat.
983 2614 1123 2679 Plocium
1147 2614 1184 2679 fr.
1209 2621 1243 2680 2:

365 2715 423 2774 Sed
447 2723 497 2773 tua
520 2731 677 2774 morosane
701 2733 777 2774 uxor
800 2733 911 2789 quaeso
936 2715 1002 2774 est?
1024 2749 1066 2756 —
1090 2719 1183 2790 Quam
1206 2715 1316 2792 rogas?
1336 2745 1374 2756 -
1470 2696 1487 2859 ¹

366 2814 423 2886 Qui
445 2811 586 2870 taudem?
609 2844 651 2853 -
674 2812 788 2870 Taedet
811 2814 979 2881 mentionis
1002 2832 1077 2886 quiae
1099 2816 1171 2873 mihi

361 2911 420 2970 Ubi
443 2909 558 2968 domum
583 2911 688 2970 adveni
712 2910 826 2987 adsedi,
849 2914 999 2987 extemplo
1023 2914 1134 2972 savium

362 3010 421 3068 Dat
445 3009 544 3067 ieiuna
567 3010 675 3085 anima,

276 3104 329 3169 ubi
363 3123 439 3179 qaue
476 3102 616 3167 refertur
648 3104 688 3168 ad
722 3123 948 3185 praegressum
971 3127 1055 3168 auor.
1102 3105 1224 3171 Similia
1247 3125 1286 3171 ex
1308 3101 1421 3171 Graecis

275 3202 384 3268 attulit
410 3200 526 3266 Beruh.
563 3207 643 3282 synt.
673 3220 702 3282 p.
738 3208 810 3268 293.
846 3203 972 3268 Terent.
1010 3204 1145 3286 Adelph.
1168 3205 1215 3285 ll,
1247 3210 1281 3285 2,
1306 3212 1337 3269 7;
1377 3203 1423 3278 Qui
1470 3282 1482 3291 ι

274 3305 357 3378 potui
388 3303 509 3375 melius,
542 3305 593 3375 qui
622 3304 709 3363 hodie
736 3321 828 3378 usque
858 3322 891 3363 os
913 3305 1058 3378 praebui?
1102 3303 1198 3367 Andr.
1223 3303 1285 3380 IV,
1316 3310 1352 3381 4,
1382 3303 1423 3364 10:

274 3404 351 3463 satin
375 3400 483 3474 sanu's,
508 3403 559 3474 qui
575 3419 620 3459 me
637 3403 666 3459 id
682 3401 813 3474 ropiies?
835 3417 863 3462 v.
880 3405 934 3462 11:
957 3422 1043 3477 quem
1067 3405 1158 3478 igitur
1180 3422 1292 3481 rogem,
1316 3405 1373 3483 Qui
1385 3403 1424 3461 lic
1474 3388 1487 3439 ἶ

278 3502 424 3560 neminem
453 3502 541 3558 alium
564 3498 697 3558 videaur?
731 3497 857 3560 Phorm.
883 3497 919 3576 V,
943 3503 972 3577 9,
997 3503 1047 3562 21:
1070 3504 1117 3561 An
1139 3504 1296 3577 quicquam
1320 3502 1426 3563 hodiest

273 3596 383 3657 iactum
400 3597 569 3672 indignius?
591 3598 649 3673 Quoi
665 3599 712 3669 mi,
738 3597 787 3656 ubi
803 3599 839 3656 ad
857 3616 963 3657 uxores
980 3605 1136 3672 ventumst,
1160 3606 1221 3659 tum
1242 3601 1318 3660 fiunt
1341 3616 1426 3661 senes.

273 3693 370 3758 Andr.
395 3692 474 3773 prol.
499 3713 526 3755 v.
553 3699 590 3757 19
614 3710 664 3772 sq:
687 3695 746 3771 Qui
768 3714 855 3769 quom
872 3697 950 3755 hunc
966 3705 1117 3773 accusant,
1141 3698 1285 3758 Naevium
1302 3700 1428 3761 Plautum
1483 3712 1487 3719 ·

272 3795 404 3854 Ennium
429 3795 589 3867 Accusaut,
613 3811 684 3867 quos
708 3795 756 3852 hie
780 3801 882 3854 noster
898 3800 1036 3853 auctores
1052 3796 1152 3854 habet.
1175 3796 1257 3859 Eun.
1274 3794 1317 3871 Il,
1335 3803 1364 3875 3,
1381 3797 1427 3858 12:

272 3891 316 3953 Ut
339 3894 422 3952 illurn
445 3892 474 3949 di
500 3923 538 3933 —
563 3894 692 3966 perdant
713 3924 756 3932 —
779 3893 888 3966 Meque
913 3894 997 3966 adeo,
1021 3894 1072 3966 qui
1095 3895 1268 3955 restiterim.
1291 3894 1390 3958 Andr.
1404 3890 1427 3969 Ι,

273 3993 309 4068 1,
333 3993 386 4051 71:
430 3988 488 4064 Qui
510 4000 629 4064 gnatum
653 3991 791 4051 haberem
814 3991 867 4049 tali
891 3992 1011 4064 ingenio
1033 3991 1209 4066 praeditum.
1234 3989 1295 4069 IV,
1322 3996 1357 4071 1,
1379 3995 1430 4056 40:

272 4088 324 4162 qui
349 4090 586 4148 auscultaverim.
620 4086 700 4150 Eun.
725 4084 787 4164 IV,
813 4092 847 4163 7,
872 4091 905 4148 7:
929 4089 980 4159 qui
1001 4090 1089 4148 istum
1112 4088 1169 4147 huo
1185 4094 1298 4162 portes.
1329 4108 1357 4154 v.
1381 4092 1431 4155 32:

270 4187 394 4245 miseret
423 4187 466 4244 tui
495 4202 555 4261 me,
586 4187 637 4258 qui
660 4188 736 4246 huuc
760 4193 875 4245 tantum
899 4187 1046 4245 homiuem
1069 4186 1168 4259 fusius
1192 4189 1348 4249 inimicum
1370 4190 1430 4250 tibi.

271 4279 386 4345 Heaut.
416 4281 480 4355 ΙΙΙ,
513 4286 547 4360 2,
578 4287 609 4344 8;
650 4293 678 4344 te
703 4285 898 4344 demiror-
920 4286 991 4343 Tam
1014 4301 1114 4357 mane,
1151 4286 1203 4357 qai
1228 4287 1295 4348 heri
1319 4295 1431 4348 tuntum

270 4381 392 4441 biberis.
424 4385 458 4459 3,
481 4386 516 4444 4:
550 4381 625 4442 lacis
649 4384 723 4443 adeo
746 4384 866 4457 indigue
888 4382 1024 4441 iniuriam
1047 4383 1106 4451 illi,
1128 4384 1179 4455 qai
1202 4402 1262 4446 nou
1285 4386 1432 4448 sistimus
