3125 5075
502 405 541 443 DE
558 405 686 445 nonlonn
703 405 797 444 vanni.
812 426 836 434 -
851 403 987 444 acnlvnn.
1298 413 1318 471 9

183 611 249 653 uum
290 604 500 669 quaereretur,
545 597 615 671 quid
658 597 784 656 maxime
829 596 858 654 lu
904 613 937 655 re
975 596 1115 657 familiari
1152 596 1317 672 expediret,

183 692 332 767 inpendit:
358 694 460 770 „Beue
469 700 618 767 pascere
664 694 740 766 Quid
757 693 939 753 seeundum?
975 692 1075 763 ,‚Setr'o
1089 696 1159 755 heae
1167 698 1319 769 pooeera.“

184 788 237 849 uid
263 791 407 849 unium?
452 791 552 859 ,Mate
569 797 727 866 pasceret
750 789 833 869 quod
850 788 1032 855 Gronovius
1054 790 1205 871 explieat:
1229 807 1317 869 „rem

183 884 346 950 munnam
370 904 464 966 quam
488 888 713 968 amplissimam
736 884 855 950 habere
882 904 1077 968 magnosque
1099 887 1224 968 pecoris
1245 905 1317 969 gro·

183 1001 213 1048 es
236 988 273 1047 et
296 982 381 1048 lecta
402 986 616 1049 iumentorum
639 983 816 1049 armenta.“
860 984 964 1050 Plaut.
987 984 1080 1051 Poeu.
1104 986 1183 1067 prol.
1207 1004 1235 1050 v.
1261 990 1315 1050 13:

183 1099 279 1143 neree
291 1101 403 1156 vocem,
420 1102 506 1159 quam
522 1102 576 1160 per
588 1086 719 1159 vivisque
732 1092 763 1144 et
778 1082 862 1147 colia.
885 1083 997 1163 Amph.
1010 1083 1036 1162 I,
1050 1089 1080 1160 3,
1094 1088 1148 1149 23:
1171 1087 1317 1161 Nequiter

183 1198 256 1242 reue
280 1180 429 1255 expedivit
443 1185 539 1257 prima
553 1184 739 1257 parasitatio.
786 1181 897 1245 Douza
912 1184 1063 1258 expedivit
1086 1182 1315 1262 interpretatur

183 1279 302 1356 medita
316 1289 372 1352 est,
388 1277 408 1341 i.
421 1296 447 1341 e.
462 1285 592 1357 peraeta
604 1283 663 1357 est,
677 1284 713 1342 ut
724 1284 757 1342 et
769 1278 937 1358 Menraius,
948 1279 1003 1359 qui
1014 1284 1151 1357 nequiter
1163 1281 1316 1356 expedivit

183 1379 402 1456 terpretetur,
430 1393 541 1456 parum
570 1375 658 1440 utilis
685 1375 746 1439 luit
768 1377 872 1457 prima
891 1376 1092 1458 parasitutio.
1139 1375 1229 1457 Oapt.
1254 1375 1313 1455 llI,

184 1475 276 1551 ,2οι
312 1477 377 1550 quis
405 1476 597 1552 properare,
633 1491 674 1538 so.
709 1492 743 1539 se
777 1474 828 1538 vel
857 1492 970 1540 nomeu
1000 1494 1102 1554 suum,
1125 1474 1155 1539 h.
1186 1494 1213 1540 e.
1241 1476 1315 1555 quis

183 1569 319 1635 remittit
341 1589 376 1636 so
399 1572 438 1635 ad
462 1571 628 1651 prandium
650 1590 701 1635 me
716 1574 926 1637 vocaturum?
971 1574 1165 1650 pupparum
1181 1572 1235 1655 (de
1251 1589 1314 1653 quo

183 1667 219 1732 ld.
254 1667 398 1732 Perizon.
430 1669 471 1734 ad
501 1669 606 1734 Sanct.
635 1688 665 1749 p.
698 1670 784 1751 386),
819 1671 903 1750 quod
936 1676 1064 1752 proprie
1098 1676 1149 1736 est
1181 1672 1315 1736 verbum

183 1765 363 1829 ausitivum
388 1767 445 1839 (sic
462 1767 588 1831 Terent.
606 1768 685 1832 Eun.
703 1768 741 1849 V,
757 1772 788 1848 8,
804 1775 859 1834 46:
882 1773 922 1832 Ut
945 1780 996 1832 tuo
1019 1774 1112 1832 amori
1127 1772 1314 1847 suppeditare

183 1859 289 1927 issint'
305 1870 368 1927 siue
399 1877 517 1942 sumptu
545 1876 595 1927 tuo
619 1870 725 1928 Omnia
747 1872 831 1942 haee,
863 1885 901 1931 ex
925 1868 1146 1933 emendatione
1168 1866 1314 1932 Fleckei-

183 1964 251 2041 mil,
293 1981 515 2043 nonnunquam
553 1964 753 2029 intransitiva
790 1962 1021 2046 siguificat-ioue
1058 1972 1242 2045 usurpatur,
1277 1970 1315 2030 nt

183 2059 261 2126 lant.
287 2060 374 2125 Asin.
398 2061 440 2140 ΙΙ,
464 2070 494 2138 4,
523 2066 575 2122 ll:
605 2066 704 2138 itaque
730 2066 832 2125 hercle
855 2065 992 2125 Clamore
1020 2082 1055 2125 ec
1079 2067 1231 2126 stomacho
1255 2084 1314 2126 nou

183 2179 235 2221 reo
268 2161 363 2221 labori
391 2161 586 2234 suppeditare,
616 2163 643 2219 h.
671 2179 697 2224 e.
726 2177 785 2240 par
813 2178 893 2224 esse.
939 2160 1024 2225 Trin.
1055 2161 1091 2239 V,
1128 2167 1154 2240 l,
1185 2168 1222 2227 3:
1266 2165 1313 2224 Ita

183 2260 272 2320 indiis
301 2259 435 2334 gaudium
463 2258 639 2330 sappeditat,
667 2256 696 2321 h.
725 2277 753 2321 e.
782 2257 933 2338 suppetit.
977 2258 1106 2323 Terent.
1135 2259 1251 2324 Heant.
1276 2258 1312 2327 v,

183 2406 187 2432 ,
210 2360 269 2419 57:
316 2358 347 2416 Si
370 2359 412 2417 illi
436 2373 528 2431 pergo
550 2356 741 2430 suppeditare
764 2361 938 2433 sumptibus.
984 2356 1133 2436 Inprimis
1156 2358 1216 2422 hnc
1239 2374 1313 2435 per·

183 2457 239 2517 net
261 2453 356 2516 etiam
379 2473 482 2515 amare
504 2449 733 2532 significatione
756 2454 960 2519 intransitiva
982 2454 1118 2534 positum
1140 2455 1312 2534 aliquoties

183 2551 242 2632 pud
272 2550 465 2615 Terentium.
512 2550 563 2616 Sic
594 2551 690 2615 Andr.
721 2551 747 2630 Ι,
778 2557 887 2633 2,14;
933 2557 1031 2617 Meum
1062 2563 1182 2631 gnatum
1213 2574 1313 2616 rumor

183 2660 202 2711 vt
226 2668 338 2718 amare,
367 2650 435 2713 virle
459 2650 601 2713 Perizon.
629 2649 669 2712 ad
692 2649 798 2715 Senot.
821 2669 851 2731 p.
877 2656 947 2717 397.
971 2652 1012 2717 ib.
1036 2673 1064 2717 v.
1089 2656 1145 2717 20:
1191 2656 1312 2730 Omnes,

183 2753 205 2811 n
229 2751 341 2819 amarat,
372 2752 502 2824 graviter
530 2751 586 2807 sibi
610 2750 673 2807 dari
695 2768 817 2812 uxorem
840 2751 947 2812 ierunt.
996 2751 1129 2831 Adelph.
1153 2751 1178 2829 Ι,
1203 2755 1232 2829 2,
1256 2755 1311 2814 37;

183 2849 305 2919 bsonat,
335 2856 432 2922 potat,
458 2851 519 2906 olet
547 2854 709 2921 unguenta:
745 2851 782 2910 de
811 2868 885 2912 meo.
935 2850 1039 2917 Amet,
1072 2852 1190 2912 dabitur
1221 2868 1238 2911 a
1264 2867 1310 2910 ma

183 2954 319 3022 pentura
365 2944 454 3008 Alide
477 2942 557 3009 Eun.
582 2941 636 3020 IV,
661 2949 690 3021 7,
719 2949 770 3008 10:
800 2952 880 3008 solus
904 2950 1015 3009 Sannio
1037 2955 1140 3010 aeroat
1161 2950 1250 3021 domi,
1273 2942 1311 3010 cf.

183 3041 258 3106 lant.
290 3041 402 3122 Amph.
427 3062 455 3105 v.
480 3048 555 3108 352:
584 3050 652 3121 quia
680 3065 733 3107 nos
761 3063 877 3106 eramus
905 3050 1039 3123 peregri,
1069 3052 1193 3107 tutatust
1219 3047 1308 3106 demi.

185 3159 247 3204 ura
284 3145 333 3204 est
370 3141 497 3204 oririssio
536 3143 651 3209 obiecti
687 3161 736 3224 ap.
774 3141 958 3205 Terentium
999 3144 1076 3207 lien.
1110 3142 1153 3221 ΙΙ,
1189 3147 1219 3222 3,
1252 3147 1310 3206 84:

183 3249 318 3301 raeterea
349 3238 442 3300 iorma
472 3249 502 3300 ot
535 3254 617 3304 aetas
646 3248 750 3318 ipsast,
781 3241 871 3301 facile
900 3253 932 3301 ut
961 3261 1016 3317 pre
1039 3243 1174 3302 eunucho
1191 3245 1309 3316 pones,

183 3336 207 3402 ii
229 3336 404 3416 ambigitur
426 3345 533 3401 utrum
557 3341 682 3402 formam
704 3350 735 3401 et
757 3347 885 3401 aetatem
906 3356 947 3401 an
963 3348 993 3399 te
1010 3345 1116 3402 mente
1131 3337 1310 3402 addendum

183 3442 209 3501 t:
236 3434 315 3499 illud
338 3433 412 3499 mihi
437 3435 563 3502 videtur
587 3436 798 3501 verisimilius·
845 3435 1045 3500 Contrarium
1069 3443 1128 3514 est,
1153 3436 1180 3498 si
1200 3435 1308 3510 verba,

183 3551 287 3597 rorum
312 3533 501 3614 primigenia
527 3533 717 3616 significatio
740 3534 943 3599 intransitiva
965 3540 1024 3612 est,
1052 3534 1306 3598 intransitivum

183 3632 310 3695 itionem
339 3650 373 3694 se
405 3637 600 3698 couverterit.
644 3638 763 3712 Moneo,
791 3633 831 3696 de
858 3650 921 3712 quo
952 3632 1024 3696 vide
1056 3630 1161 3697 Sauct.
1190 3649 1221 3711 p.
1246 3636 1307 3695 354

183 3729 258 3810 ique
283 3727 491 3807 Perizoniem,
514 3732 642 3810 proprie
666 3737 716 3796 est
738 3731 984 3809 intransitivum,
1015 3730 1060 3796 sie
1082 3728 1185 3794 Plaut
1208 3727 1306 3793 Stich.

195 3832 227 3907 2,
255 3834 288 3890 1:
336 3831 393 3902 Qui
420 3836 520 3891 oreaet
546 3840 578 3890 ut
606 3841 760 3892 moneatur
787 3849 906 3906 semper
935 3848 1036 3892 servos
1067 3831 1154 3891 hoino
1177 3830 1308 3890 oifieium

183 3946 244 3998 um,
269 3924 396 3987 Terent.
416 3926 543 3990 Phorm.
567 3928 604 4006 V,
622 3932 650 4008 6,
668 3934 696 4007 9,
721 3927 777 3991 sed
801 3927 960 3993 convertit
981 3945 1016 3990 se
1040 3927 1136 3991 etiam
1159 3925 1192 3990 iu
1214 3942 1308 3990 usum

183 4022 363 4098 ansitivum,
384 4024 429 4087 sic
452 4025 553 4090 l'laut.
579 4024 691 4105 Amph.
716 4025 742 4104 Ι,
766 4031 795 4103 3,
812 4031 861 4090 48.
907 4020 990 4089 Men.
1007 4024 1049 4102 11,
1066 4033 1094 4098 3,
1112 4031 1161 4089 68.
1208 4023 1305 4089 Stich.

196 4126 227 4199 2,
251 4125 302 4198 et,
326 4122 410 4186 alibi.
456 4124 539 4188 Num
564 4124 659 4189 verbo
682 4129 814 4200 mturare
837 4124 971 4188 Plautus
994 4140 1135 4203 unquam
1155 4128 1307 4202 tanquam

183 4218 318 4283 ansitivo
349 4238 427 4285 usus
455 4223 506 4300 sit,
539 4224 669 4288 dubium
701 4228 759 4301 est,
787 4226 885 4304 negat
914 4222 1155 4303 Kampmannns
1184 4221 1224 4286 de
1256 4225 1305 4283 ΑΒ

183 4332 258 4397 uep.
288 4335 318 4397 p.
348 4321 398 4396 24,
426 4319 532 4384 adnot.
565 4327 582 4386 3
611 4320 708 4384 allato
737 4319 806 4385 loeo
835 4337 874 4384 ex
901 4318 1085 4385 Trinummo
1115 4319 1176 4398 111,
1200 4324 1230 4398 2,
1259 4323 1306 4399 13,

183 4414 203 4477 ri
230 4414 425 4481 Bitschelius
456 4436 494 4481 ox
522 4419 549 4482 Α
572 4417 718 4499 reposuit
741 4437 836 4495 neque
859 4437 942 4479 mens
969 4419 1069 4481 officie
1099 4421 1216 4497 aripret,
1248 4417 1306 4482 aad
