3125 5075
491 403 531 442 DE
546 403 698 443 annuento
711 404 750 443 Ru
764 403 945 444 oenomelum
1257 410 1297 469 57

141 610 184 658 ea
203 590 314 669 verba,
336 608 419 671 quae
441 590 561 656 nullum
578 591 697 658 habent
711 592 834 659 consilii
850 588 1122 674 significationem,
1145 589 1198 655 ubi
1219 590 1299 657 haec

141 688 236 756 notin
265 689 299 753 in
327 689 397 770 ipso
419 690 595 771 gerundivo
623 691 708 756 inest
738 691 790 771 (ci.
814 690 990 756 Weissenb.
1012 708 1043 771 p.
1068 693 1149 763 127).
1194 688 1243 753 Ad
1264 688 1299 754 id

141 805 261 871 genus,
292 786 377 867 quod
406 788 544 852 secundo
567 787 636 853 ioco
659 790 832 869 posuimus,
855 787 1000 868 inprimis
1030 791 1177 866 spectant
1198 785 1295 852 verba

140 889 264 955 meere,
291 887 366 946 dora
392 891 425 949 et
451 884 594 949 iactitiva
621 887 716 952 huius
744 887 833 951 verbi
855 906 971 963 ropore,
990 893 1097 962 petere.
1142 884 1298 965 Exempla

141 990 220 1049 sunt
242 983 330 1048 haec.
354 981 479 1048 Terent
503 983 629 1050 Phorm.
653 983 741 1064 II,3,
761 990 814 1049 17:
837 988 878 1047 ibi
901 1004 1010 1061 aprum
1031 987 1068 1046 de
1091 994 1194 1047 nostro
1210 994 1298 1061 patre

142 1083 306 1146 Ουίικᾶιιηι
339 1084 471 1145 tanseat.
517 1083 611 1148 Ennii
638 1083 819 1148 Telamonis
848 1081 887 1146 fr.
910 1089 944 1148 4:
982 1086 1067 1145 aare
1102 1085 1156 1145 tibi
1191 1093 1297 1146 contra

138 1180 268 1243 aunone
293 1182 379 1240 moa.
423 1179 621 1245 Euhemerus
648 1180 685 1245 fr.
709 1186 738 1259 3,
771 1180 825 1245 lin.
853 1184 905 1243 16:
941 1183 1072 1258 deatum
1095 1200 1161 1243 enm
1185 1184 1297 1244 Vestae

139 1280 337 1341 &mudum
394 1277 497 1342 Plaut.
525 1278 595 1342 Aul.
621 1277 663 1352 ΙΙ,
688 1279 717 1358 2,
741 1284 780 1344 72
804 1297 865 1360 sq.:
902 1282 934 1341 Si
965 1282 1067 1341 hercle
1094 1298 1149 1356 ego
1177 1288 1207 1341 te
1238 1300 1298 1343 non

143 1378 356 1452 eiiapuuadum
383 1378 488 1440 dedero
516 1396 609 1455 usque
637 1382 673 1439 ab
697 1379 856 1453 radicibus,
888 1388 992 1441 auctor
1022 1398 1086 1440 aum
1109 1382 1296 1462 inperoqne,

146 1481 180 1533 nt
200 1483 233 1534 tu
252 1492 300 1534 me
324 1478 415 1535 cnivis
438 1477 627 1538 omanadum
651 1478 731 1538 loces.
776 1473 890 1539 Bacch.
915 1493 944 1539 v.
969 1480 1043 1541 338:
1072 1480 1153 1539 Istue
1176 1484 1294 1554 sapien-

146 1577 196 1630 ter
223 1574 329 1632 saltem
359 1572 432 1633 fecit
453 1575 546 1648 filins,
579 1577 672 1648 Quom
695 1575 779 1637 diviti
802 1578 913 1636 homini
934 1577 968 1634 to
988 1595 1098 1636 uorum
1118 1581 1298 1641 secondum

142 1670 232 1729 dedit.
261 1668 437 1747 111‚1,1o:
462 1675 578 1746 Rogare
601 1677 698 1734 scalas
722 1681 754 1733 ut
776 1675 877 1735 dorem
898 1675 1024 1735 asemas
1046 1675 1110 1735 sibi.
1141 1674 1222 1739 iden.
1239 1676 1294 1757 IV,

140 1770 170 1845 2,
195 1771 253 1831 94:
278 1770 331 1829 Set
354 1788 407 1844 ego
431 1773 512 1830 iliam
535 1789 592 1830 nou
617 1774 790 1845 condonavi,
814 1781 861 1833 set
878 1775 921 1832 sic
936 1772 1080 1832 utendam
1095 1773 1171 1837 dedi.
1196 1773 1293 1841 Poen.

139 1862 179 1938 V,
195 1870 227 1942 5,
244 1869 299 1929 23:
323 1870 384 1926 Iam
410 1869 510 1927 hercle
528 1888 581 1943 ego
596 1870 689 1929 iliu-ric
703 1871 933 1930 excruciandum
948 1875 1038 1930 totum
1054 1873 1195 1932 carnufici
1210 1874 1294 1934 dabo.

140 1959 270 2027 Terent.
295 1962 427 2043 Adelph.
451 1963 507 2040 IV,
532 1970 560 2042 2,
583 1971 641 2029 46:
676 1970 816 2029 Lectulos
839 1973 868 2028 in
892 1973 955 2029 sola
977 1970 1078 2044 ilignis
1100 1971 1226 2044 pedibus
1249 1973 1297 2045 fo·

138 2061 266 2121 mundos
287 2062 373 2123 dedit.
418 2061 498 2126 Eun.
522 2061 559 2141 V,
583 2066 612 2132 8.
636 2070 692 2126 57:
722 2066 814 2125 Hunc
840 2067 1045 2127 comedendum
1073 2075 1104 2127 et
1126 2070 1298 2132 ebibendum

140 2159 229 2218 vobis
251 2163 388 2233 propino.
432 2160 535 2224 Plaut.
561 2159 630 2223 Aul.
654 2160 680 2240 Ι,
705 2166 732 2237 2,
759 2166 812 2224 le:
843 2166 926 2240 Quae
947 2166 1058 2224 aeaco
1080 2183 1153 2225 coeo
1177 2186 1297 2243 semper

139 2258 233 2316 vieini
262 2263 376 2331 ropout.
422 2258 488 2321 Mil.
520 2258 562 2336 ΙΙ,
596 2266 624 2336 3,
656 2265 708 2323 76:
744 2263 901 2335 Namego
932 2263 1050 2338 quidem
1080 2279 1161 2325 meos
1191 2272 1295 2329 oculos

141 2355 239 2416 habeo
262 2374 317 2416 nec
339 2375 408 2430 repo
431 2358 552 2418 uuirdon
573 2358 656 2418 foris.
702 2357 771 2421 Aul.
796 2357 838 2436 ΙΙ,
863 2363 892 2436 9,
914 2364 949 2421 4:
973 2367 1123 2436 artoptam
1144 2402 1185 2411 -
1209 2373 1296 2427 nten-

142 2454 210 2512 dam
233 2462 312 2529 peto.
357 2453 460 2517 Etiam
490 2472 599 2535 praep.
627 2457 668 2516 od
697 2456 834 2534 accedit,
865 2473 947 2535 quae
970 2456 1040 2535 ipsa
1062 2452 1226 2520 consilium
1248 2450 1296 2513 in·

141 2548 243 2628 dieat,
272 2558 467 2632 quapropter
488 2573 551 2618 non
573 2554 604 2617 in
629 2554 784 2635 gerundio
812 2560 919 2635 potest
942 2571 980 2619 eo
1002 2555 1050 2619 vis
1072 2555 1186 2632 inesse,
1211 2549 1296 2631 quod

141 2644 221 2711 nihil
252 2648 312 2713 nisi
343 2640 498 2715 actionem
529 2652 685 2733 designat.
732 2650 882 2717 Ceterum
909 2652 949 2716 ad
978 2653 1074 2718 verba
1096 2651 1296 2733 potissimum

142 2751 176 2808 et
198 2744 354 2812 dictiones
381 2767 462 2829 quae
486 2751 574 2814 verbi
598 2754 758 2816 notionem
781 2751 908 2828 habent,
939 2758 972 2815 et
994 2751 1034 2816 ad
1058 2749 1222 2826 adiectiva,
1245 2766 1298 2810 ru-

141 2841 211 2905 riua
245 2845 285 2907 ad
320 2846 519 2911 substantiva
550 2848 617 2912 solo
643 2848 831 2928 gerundium
861 2869 932 2915 cum
963 2868 1072 2931 praep.
1099 2851 1140 2910 od
1168 2846 1298 2910 additur

142 2939 195 3016 (ed
220 2942 393 3010 Weissenb.
415 2963 445 3024 p.
472 2950 552 3021 128).
597 2947 785 3026 Exemplum
810 2949 1000 3012 substantivi
1023 2952 1112 3013 extat
1133 2944 1218 3026 apud
1234 2944 1295 3008 Te·

142 3041 282 3105 rentium
307 3043 432 3107 Phorm.
456 3043 497 3121 ΙΙ,
523 3049 551 3123 3,
577 3048 726 3107 76:1vam
752 3057 803 3107 tna
825 3051 1028 3109 Praeterierat
1049 3052 1107 3108 iam
1129 3047 1168 3106 od
1189 3045 1295 3105 drocen·

140 3142 214 3203 ἀωη
247 3150 328 3205 oetoo
394 3142 499 3205 Verba
533 3149 566 3207 et
599 3143 770 3206 adiectiva:
811 3145 901 3207 Ennii
937 3144 1136 3208 Euhemerus
1170 3140 1208 3204 fr.
1247 3145 1295 3219 il,

142 3256 172 3301 v.
198 3242 255 3303 64:
279 3244 441 3316 exemplum
463 3245 572 3302 ceteris
596 3243 638 3303 od
658 3244 833 3302 imitandum
857 3244 943 3305 dedit.
988 3241 1090 3304 Pium.
1107 3239 1190 3302 Men.
1213 3236 1295 3318 prol.

142 3356 172 3402 v-
199 3342 254 3401 16:
285 3342 382 3400 Tanta
403 3341 443 3399 ud
463 3341 651 3401 narrandum
676 3332 804 3417 [nostra]
829 3343 911 3402 odeat
932 3342 1105 3414 beuipnitoa.
1151 3337 1248 3400 Mero.
1271 3334 1298 3414 Ι,

146 3442 173 3512 1,
202 3441 256 3500 15:
289 3441 502 3499 advortendum
537 3448 568 3498 at
602 3441 729 3499 animum
764 3443 850 3501 adest
883 3442 1059 3516 benignitas.
1108 3435 1173 3499 Mil.
1198 3433 1241 3511 ΙΙ,
1268 3438 1296 3511 l,

144 3542 160 3600 l
185 3553 245 3614 sq.:
281 3539 354 3596 Mihi
383 3539 423 3597 ad
448 3540 650 3598 enar-rendum
677 3540 731 3597 hoc
757 3544 991 3613 oruamentumet
1019 3539 1158 3610 comites,
1195 3536 1227 3593 Si
1255 3532 1297 3591 od

142 3637 372 3696 occcuttoodum
394 3642 495 3696 vostra
517 3638 574 3696 erit
596 3639 770 3710 benipnitoa.
816 3635 912 3700 Mero.
929 3634 967 3712 V,
984 3639 1013 3713 2,
1037 3639 1093 3699 94:
1115 3636 1241 3709 operam
1264 3640 1298 3692 ut

142 3750 260 3795 sumam
292 3736 333 3793 od
363 3736 635 3813 peramica-ndum,
670 3737 720 3795 nbi
754 3738 793 3795 sit
822 3738 920 3797 illaec.
970 3730 1085 3797 Bacch.
1110 3732 1164 3812 IV,
1187 3739 1216 3810 4,
1240 3735 1297 3794 86:

144 3830 210 3907 [od]
227 3834 418 3906 perdendum
441 3836 532 3908 magis
556 3852 642 3908 quam
665 3834 919 3895 adscribendum
942 3836 1008 3893 cito.
1054 3830 1182 3895 Terent.
1200 3829 1298 3893 Andr.

144 3929 223 4008 prol.
246 3947 273 3992 V.
302 3937 334 3994 1:
369 3933 461 3993 Poeta
488 3950 574 4006 quom
604 3935 729 4005 primum
751 3935 879 3993 animum
902 3933 943 3990 ad
963 3926 1158 3993 satiendam
1172 3929 1297 4002 amate.

143 4026 170 4107 I,
197 4034 223 4106 l,
248 4034 302 4091 30:
326 4039 377 4090 aut
400 4049 491 4105 equos
517 4033 605 4088 aiere
629 4038 680 4089 out
704 4048 793 4091 canes
816 4031 857 4089 ad
877 4031 1051 4090 venandum.
1080 4044 1108 4089 v.
1134 4031 1210 4089 lli-2
1234 4029 1299 4088 Neo

143 4129 217 4188 satia
241 4128 281 4186 od
302 4130 519 4205 aeternandum
542 4147 649 4190 cartauc
671 4130 727 4203 (sc.
751 4124 843 4203 erat).
890 4146 918 4189 v.
946 4131 1024 4191 123:
1059 4129 1104 4187 Ne
1136 4127 1210 4186 haec
1234 4127 1299 4200 qui·

144 4226 210 4286 dam
224 4226 303 4288 Satis
320 4245 439 4288 vemens
452 4247 545 4301 causo
556 4228 597 4285 od
610 4228 837 4302 aeternandum.
870 4230 898 4302 2,
924 4229 975 4287 ll:
993 4228 1033 4288 Ut
1041 4243 1078 4286 ne
1088 4228 1160 4286 esset
1170 4224 1300 4297 modum

144 4329 292 4401 copitoodi
316 4317 356 4387 od
375 4328 587 4388 disturbandos
608 4329 736 4400 nuptiae.
768 4323 823 4402 IV,
848 4329 876 4399 2,
902 4327 941 4386 22
966 4340 1028 4403 etp:
1052 4325 1125 4384 Dies
1147 4324 1195 4381 hic
1212 4324 1300 4381 mint

144 4429 219 4488 sotis
247 4429 287 4488 eit
314 4445 420 4488 vereor
440 4426 493 4486 Ao
517 4425 678 4499 wendovero:
712 4438 748 4482 ne
771 4441 894 4484 oomwm
916 4440 976 4484 ecee
999 4441 1043 4482 me
1068 4439 1145 4482 nunc
1168 4421 1208 4479 od
1229 4436 1302 4478 nor·
