3125 5075
288 371 350 431 348
569 362 632 405 ΟΔΡ.
646 363 692 402 XV.
724 362 872 403 Deeratne
901 362 1153 407 annuerartortult.

1086 557 1136 616 hic
1158 563 1248 622 amet.

416 652 560 710 Familiae
584 649 661 709 lame
684 652 851 725 perbitaut,
876 668 946 726 ager
969 656 1066 711 emera
1087 658 1148 712 stet
1171 654 1319 715 sentibus.

288 744 415 810 Terent.
438 745 520 808 Eun.
543 745 609 825 111,
634 751 670 825 2,
691 750 747 810 22:
773 749 849 822 Quid
872 756 905 809 tu
928 756 989 821 uls,
1013 749 1152 810 Gnatho?
1178 751 1332 825 Numquid
1356 751 1444 810 babes

287 844 365 920 quod
388 842 582 907 contemnas?
604 847 674 920 quid
697 853 731 905 tu
753 850 851 905 autem
873 845 1011 906 Thraso?
1054 843 1130 910 Hee
1155 845 1194 925 V,
1223 851 1262 924 3,
1290 849 1345 908 19:
1370 848 1445 919 Quot

288 942 456 1002 commodas
479 959 529 1002 res
552 939 653 1003 attuli!
678 951 750 1018 quot
771 948 870 1004 autem
892 944 988 1004 ademi
1018 940 1119 1004 curas!
1165 941 1224 1007 Ad.
1250 942 1305 1019 lv,
1335 945 1371 1018 2,
1395 947 1445 1006 50:

288 1040 433 1113 Ctesipho
456 1043 555 1099 autem
577 1041 607 1099 in
631 1048 761 1102 amorest
784 1047 873 1102 totus.
913 1038 1016 1103 Plaut.
1034 1037 1145 1119 Amph.
1163 1039 1189 1118 I,
1207 1045 1236 1117 3,
1253 1047 1315 1105 41:
1340 1043 1444 1116 Pergin

287 1136 406 1196 autem?
430 1133 575 1198 Pertinet
597 1135 656 1199 hoc
678 1134 857 1216 exemplum
880 1136 921 1200 ad
949 1135 1084 1216 primum
1108 1153 1223 1215 genus,
1254 1154 1319 1217 quo
1351 1145 1445 1198 autea

286 1230 318 1293 iu
341 1231 592 1310 interrogatione
616 1234 761 1312 ponitur,
785 1234 825 1297 de
848 1251 911 1313 quo
934 1232 1080 1297 Haedina
1101 1232 1134 1312 l,
1157 1251 1187 1314 p.
1212 1240 1293 1299 575:
1319 1235 1445 1315 „expri-

286 1328 345 1391 mit
366 1329 551 1407 quuerentis
574 1330 729 1409 impeturn
752 1338 786 1394 et
809 1330 1055 1404 vehementiam,
1084 1330 1151 1394 sive
1174 1348 1212 1395 ea
1235 1331 1278 1395 ab
1309 1331 1445 1396 admira

289 1426 374 1490 tione
397 1425 611 1507 proficiscitur
634 1427 701 1490 sive
727 1427 767 1490 ab
791 1427 1007 1508 indignatione
1038 1433 1072 1491 et
1097 1426 1280 1506 iracundia,
1308 1430 1443 1492 manne

286 1523 320 1586 in
343 1522 623 1603 reprehensione.“
668 1523 821 1589 Similiter
843 1523 958 1588 Pseud.
981 1524 1011 1600 1,
1037 1531 1071 1604 3,
1095 1529 1149 1588 70:
1181 1537 1283 1588 metuo
1312 1528 1443 1587 eredere.

287 1621 344 1685 PS.
373 1624 505 1684 Credere
529 1624 647 1683 aretem?
671 1625 727 1684 ebo
751 1642 788 1683 an
811 1627 946 1699 paenitet
969 1633 1008 1699 te,
1032 1631 1142 1699 quanto
1166 1626 1213 1683 liic
1231 1624 1330 1684 inerit
1348 1625 1445 1686 ussui?

286 1718 356 1783 Ter.
380 1718 460 1783 Eun.
484 1718 539 1796 IV,
564 1726 598 1789 7,
623 1724 678 1783 28:
702 1739 757 1796 ego
777 1741 835 1781 uon
852 1731 970 1796 tangam
993 1721 1108 1781 meam?
1143 1718 1207 1782 cll.
1230 1722 1328 1781 Tuam
1341 1728 1443 1787 eadm.

287 1818 434 1878 furcifer?
478 1816 555 1881 Her.
578 1816 624 1892 ΙΙ,
649 1822 683 1894 3,
710 1821 764 1880 1οι
791 1821 852 1878 Vae
876 1823 985 1879 misero
1000 1820 1057 1893 mi,
1074 1826 1185 1893 quanta
1200 1820 1238 1877 de
1261 1837 1318 1894 spe
1335 1823 1442 1882 decidi!

286 1912 391 1978 enin.
417 1916 473 1988 Qui
497 1916 595 1975 istuc?
618 1934 693 1991 quae
718 1935 766 1977 res
790 1923 820 1976 te
843 1918 987 1976 sollicitat
1010 1915 1131 1976 uuum?
1175 1914 1235 1978 Ad.
1253 1914 1304 1992 ΙΙ,
1334 1923 1369 1993 l,
1393 1922 1443 1981 31:

286 2016 369 2087 Egon
395 2014 595 2082 debacchatus
619 2033 681 2075 sum
705 2019 803 2074 aarum
826 2032 863 2073 an
886 2021 919 2073 tu
944 2017 972 2073 in
996 2012 1062 2072 me?
1106 2010 1191 2076 Alibi
1213 2010 1275 2077 bac
1305 2013 1442 2078 interro-

289 2108 428 2190 gationis
450 2101 553 2173 lorma
574 2109 678 2174 utitur
698 2111 741 2185 is,
765 2109 820 2188 qui
834 2108 921 2173 aliud
936 2109 1125 2189 opponendo
1142 2108 1355 2191 reprehendit
1366 2129 1442 2189 enm,

285 2208 339 2289 qui
362 2212 458 2273 antea
478 2207 630 2287 loquutus
659 2213 725 2281 est,
753 2204 804 2270 vel
832 2224 866 2270 se
894 2207 1007 2286 ipsum.
1032 2210 1074 2285 (v.
1104 2206 1266 2271 Handium
1295 2225 1327 2287 p.
1362 2211 1440 2290 576).

289 2305 341 2371 Sic
364 2306 465 2371 Plaut.
490 2305 561 2369 Aul.
583 2304 620 2384 V,
649 2311 701 2369 ll:
725 2309 824 2366 iamne
845 2310 957 2380 umen,
980 2312 1013 2365 ut
1035 2308 1127 2382 soles,
1150 2307 1293 2368 deludis?
1333 2305 1441 2371 Bacch.

286 2403 312 2478 Ι,
339 2410 372 2481 l,
398 2409 451 2468 58:
476 2406 585 2466 Sumne
605 2408 704 2465 autem
727 2405 813 2464 nihili
829 2407 879 2479 qui
895 2421 1039 2479 nequeam
1055 2407 1175 2479 iugenio
1191 2406 1347 2466 moderari
1363 2406 1442 2468 meo?

288 2536 328 2546 -
345 2501 446 2582 Saepe
468 2500 504 2566 fit
518 2502 551 2566 in
567 2501 734 2566 sententiis
751 2519 808 2581 per
823 2506 922 2562 aaran
938 2500 1106 2580 oppositio,
1124 2500 1203 2564 utin
1218 2503 1439 2582 prosequenda

286 2599 560 2665 demonstratione
576 2617 638 2664 non
661 2601 753 2663 modo
769 2599 853 2662 idem
869 2598 1059 2663 vocabulum
1075 2598 1138 2663 alia
1152 2599 1280 2663 ratione
1303 2601 1439 2664 subiecta

285 2697 401 2760 iterum
425 2705 577 2777 ponatur,
602 2698 658 2761 sed
683 2696 847 2773 etiamid,
875 2696 959 2776 quod
982 2698 1022 2760 ab
1045 2695 1148 2759 altera
1177 2703 1271 2776 parte
1304 2699 1437 2762 conside

286 2795 436 2873 randum,
465 2796 497 2858 in
519 2794 782 2859 antecedentibus
805 2796 867 2858 ianr
896 2803 1175 2859 commemoratum
1204 2795 1248 2857 sit
1282 2802 1381 2875 atque
1407 2813 1437 2857 er

289 2891 389 2970 priori
413 2892 573 2955 sententia
596 2893 755 2970 posterior
778 2893 906 2972 prodire
922 2892 1083 2956 videatur:
1104 2910 1167 2971 quo
1182 2892 1214 2954 in
1232 2909 1318 2957 nexu
1335 2892 1435 2957 eadem

286 3006 339 3052 res
355 2989 404 3053 bis
420 2990 608 3053 nominatur.
627 3025 668 3071 .-
686 2989 718 3054 Si
736 2990 862 3070 quondo
878 2990 961 3053 idern
980 2990 1110 3053 verbum
1127 2990 1246 3053 iterum
1264 2993 1436 3070 ponendum

286 3093 349 3165 est,
385 3087 592 3168 distinguitur
626 3106 683 3168 per
706 3095 818 3166 carten,
850 3094 962 3167 utpote
986 3088 1026 3151 ad
1054 3087 1188 3151 alteram
1217 3095 1347 3168 partem
1376 3107 1437 3168 per·

285 3185 403 3264 tineus,
430 3186 475 3249 ita
498 3192 533 3250 ut
556 3187 596 3250 ab
621 3186 731 3250 eadem
756 3186 885 3249 notione
915 3204 998 3250 nora
1026 3184 1159 3263 incipiat
1185 3187 1353 3266 cogitatio.
1396 3184 1436 3248 lta

285 3299 382 3360 saepe
406 3283 501 3346 etium
527 3302 579 3347 res
601 3289 699 3346 autea
721 3284 899 3361 nominata,
923 3285 979 3347 sed
995 3283 1127 3363 propius
1143 3281 1205 3346 iam
1223 3290 1374 3364 spectata
1389 3299 1437 3362 per

286 3385 384 3439 aurea
400 3379 590 3444 distinctiori
602 3380 810 3445 declarationi
827 3381 1045 3446 committitur.
1069 3380 1132 3452 (Sic
1145 3380 1294 3445 Handius
1312 3400 1343 3461 p.
1362 3385 1436 3457 568).

283 3473 336 3539 Sic
357 3474 462 3540 Plaut·
485 3477 581 3543 Most.
599 3478 658 3557 ΙΙΙ,
682 3483 717 3557 2,
742 3485 799 3545 92;
825 3483 915 3542 Venit
937 3483 986 3542 bic
1009 3482 1149 3549 clitellas,
1172 3481 1253 3539 uehit
1275 3483 1328 3542 laic
1350 3485 1437 3541 aare·

284 3577 361 3634 alter
385 3594 485 3638 senex.
529 3575 595 3639 Mil.
621 3576 679 3654 ΙΙΙ,
707 3583 732 3654 l,
757 3582 815 3641 83:
840 3581 967 3640 Liberae
991 3588 1060 3640 sunt
1082 3579 1182 3651 aedes,
1204 3579 1336 3638 liberam
1351 3585 1437 3639 aurea

284 3667 379 3749 [esse]
402 3684 519 3747 egomet
542 3694 588 3735 me
613 3679 695 3748 volo,
719 3675 757 3738 ud
782 3694 811 3756 q.
835 3673 854 3737 l.
881 3674 952 3740 vide
974 3675 1117 3739 Lindem.
1142 3673 1228 3738 Tria.
1245 3692 1273 3737 v.
1293 3681 1372 3740 385:
1394 3678 1438 3736 Set

282 3770 320 3829 ad
344 3771 430 3829 istam
459 3773 534 3832 adde
566 3777 691 3848 gratiam
721 3793 817 3836 unum.
864 3773 931 3837 PH.
962 3776 1037 3848 Quid
1066 3776 1095 3833 id
1124 3783 1172 3836 est
1201 3779 1304 3836 uuum
1332 3772 1438 3836 rmum?

285 3864 333 3928 De
357 3864 567 3932 collocatione
588 3868 687 3933 buius
711 3871 888 3949 particulae
912 3871 1057 3935 Handius
1079 3889 1110 3950 p.
1135 3875 1195 3934 577
1229 3871 1329 3936 docet
1352 3869 1439 3937 comi·

284 3979 337 4026 cos
360 3981 474 4028 nornen
505 3966 535 4028 vi
559 3970 776 4045 praestantius
811 3987 873 4033 non
908 3986 1036 4048 sempor
1066 3969 1168 4048 primu
1196 3969 1267 4033 lucu
1298 3971 1439 4050 posuisse

280 4076 341 4126 nec
375 4062 565 4140 particulam
600 4063 629 4127 ei
663 4066 763 4131 verbo
790 4068 991 4146 adiunxisse,
1026 4067 1059 4131 in
1093 4084 1156 4146 quo
1187 4063 1246 4131 fiat
1274 4067 1438 4149 oppositio.

281 4156 384 4222 Plaut.
409 4160 497 4224 Asin.
522 4159 586 4240 III,
610 4166 645 4241 3,
672 4166 748 4227 126;
773 4168 867 4239 Quem
885 4174 914 4227 te
939 4168 1024 4227 deum
1042 4171 1143 4228 uuum
1159 4169 1334 4229 nominem?
1369 4156 1437 4232 cist

280 4254 313 4333 l,
338 4260 371 4335 3,
395 4261 452 4322 25:
487 4263 559 4321 Tum
595 4263 657 4321 illic
685 4268 784 4323 aarum
812 4265 963 4325 Lemnius.
1017 4263 1109 4343 Epid.
1137 4261 1205 4341 ΙΙΙ,
1237 4269 1269 4341 3,
1295 4270 1353 4331 39:
1381 4268 1438 4340 Ego

280 4354 344 4413 illic
367 4375 412 4415 me
437 4363 535 4418 autem
566 4364 609 4420 sic
638 4362 861 4426 adsimulatam.
916 4361 951 4435 V,
981 4368 1013 4439 l,
1044 4369 1098 4425 ld:
1129 4365 1203 4424 baec
1227 4366 1312 4425 illast
1337 4371 1436 4424 uatem.
