3125 5075
447 340 534 377 CASUS
550 341 816 379 sussurs'iit'osust.
835 361 857 366 -
873 342 973 379 ABLAT.
1229 350 1284 406 131

138 530 225 578 mena
250 514 386 577 emere?
407 511 502 580 Tros.
526 512 564 593 V,
587 532 614 576 v.
632 516 689 577 36:
713 518 846 592 Meliust,
869 517 1149 599 assecurare
1172 532 1286 577 mecum

138 629 210 690 μ
242 612 395 680 nium
442 609 535 676 Truc.
558 609 602 689 11,
631 613 660 690 2,
689 615 743 676 6οε
782 613 815 674 si
844 621 962 676 ecastor
989 614 1039 675 bic
1070 615 1157 675 bomo
1183 612 1284 688 sinapi

137 709 257 772 uirum
295 705 344 788 11,
366 711 396 787 6,
417 711 477 775 46:
514 727 611 788 neque
635 712 724 772 etiam
753 728 831 788 queo
860 710 987 773 Pedibus
1008 729 1074 774 mea
1096 718 1201 788 sponte
1224 727 1285 771 am·

133 805 243 870 tstms.
274 803 375 871 Trnc.
396 803 437 885 V,
459 825 488 871 v.
513 810 568 871 23:
592 827 770 886 conrumpor
792 810 860 871 sita
883 804 979 872 Poeta
1003 804 1042 889 V,
1058 812 1087 887 3,
1112 809 1166 871 21:
1189 809 1285 869 Face·

130 913 255 982 reusque
278 907 436 982 indignum
458 923 567 983 genere
584 915 737 982 quaestum
761 923 889 982 corpora.
919 903 1013 970 Truc.
1028 903 1071 986 Π,
1087 908 1117 985 6,
1133 910 1186 970 5οε
1209 907 1286 976 1s'⁸)

129 1004 267 1072 adano,
290 1000 373 1068 item
395 1018 424 1066 v,
448 1006 499 1067 52.
527 1002 623 1067 Poen.
646 1002 685 1082 V,
708 1007 737 1082 2,
762 1008 837 1068 111:
871 1005 935 1083 Quo
957 1021 1004 1065 me
1026 1006 1172 1080 privatum
1195 1020 1284 1081 aegre

129 1103 223 1178 patior
246 1106 379 1164 nonae.
417 1097 500 1164 Men.
522 1098 561 1179 V,
584 1106 614 1179 5,
638 1106 678 1166 7:
702 1104 806 1162 aalma
826 1104 951 1179 privabo
973 1104 1075 1164 virum.
1115 1098 1203 1181 Capi„
1227 1099 1284 1180 IV,

130 1203 234 1278 213:
256 1201 340 1261 Nam
363 1200 415 1275 qni
436 1203 599 1278 opstiterit,
622 1219 672 1260 ore
695 1204 791 1263 sistet
829 1197 921 1281 cept.
945 1198 1005 1276 111,
1029 1203 1058 1279 2,
1081 1203 1115 1264 3:
1137 1202 1185 1261 lta
1207 1217 1285 1262 nuuc

132 1317 176 1360 aa
191 1301 338 1360 darum
362 1297 534 1367 restitando,
555 1299 706 1360 retinendo
728 1300 855 1361 Laesum
877 1299 1084 1373 reddiderunt,
1107 1296 1136 1361 h.
1160 1314 1186 1362 e.
1210 1296 1285 1361 dum

140 1394 193 1476 lpu·
208 1394 331 1462 crebro
354 1394 542 1474 consistunt,
566 1414 616 1459 me
638 1396 786 1460 retinent
831 1394 946 1461 Pseud.
969 1413 998 1460 v.
1022 1399 1099 1461 583:
1137 1395 1226 1457 facile
1253 1405 1286 1457 ut

137 1497 250 1570 spoliem
274 1511 362 1555 meos
384 1495 549 1570 perduellis
576 1496 648 1557 meis
671 1496 820 1570 perfidiis.
865 1491 909 1572 ΙΙ,
932 1497 961 1563 2,
984 1496 1016 1557 2:
1054 1499 1095 1559 Ut
1118 1514 1172 1574 ego
1195 1498 1286 1561 oculis

134 1594 274 1654 mlionm
300 1594 399 1668 capio.
438 1607 467 1651 v.
492 1594 548 1655 27:
587 1594 708 1654 ridi-
733 1594 926 1657 ocala'smct‘s.
963 1590 1059 1672 lI,3,
1084 1597 1117 1657 1:
1155 1596 1284 1656 aduentu

133 1707 185 1752 aua
208 1707 238 1752 v.
263 1693 296 1754 2.
334 1687 450 1754 Pseud
473 1708 502 1754 v.
526 1692 602 1754 690:
639 1709 718 1752 nunc
741 1710 796 1769 ego
818 1693 875 1753 bac
896 1693 1022 1768 53555515
1045 1693 1113 1755 Tris
1135 1693 1282 1754 deludam.

131 1801 155 1850 r.
175 1790 256 1852 704:
296 1790 394 1850 tribas
422 1790 583 1851 demeritas
610 1791 727 1851 artibas
755 1822 798 1831 —
825 1792 965 1853 laetitias.
1011 1788 1052 1869 11,
1078 1795 1108 1867 4,
1138 1793 1191 1853 36:
1228 1809 1286 1853 asro

131 1888 237 1948 rainu
258 1893 375 1949 teneat.
399 1902 426 1948 v.
441 1889 500 1950 53:
522 1904 584 1947 meo
605 1905 651 1948 me
675 1888 744 1948 lado
766 1890 923 1950 lamberas.
948 1886 1007 1967 ΙΠ,
1033 1893 1060 1968 l,
1084 1893 1117 1953 3:
1140 1899 1281 1965 quantum

131 2001 180 2062 rgo
201 2003 285 2046 nunc
303 1985 389 2047 corde
404 1986 557 2061 conspicio
578 2003 650 2046 raso.
674 2003 702 2049 v.
723 1989 774 2049 12;
798 1989 875 2062 Eum
898 2006 965 2049 cras
987 1989 1122 2050 5555525
1142 2005 1282 2050 mamurra

129 2083 290 2157 perbibere.
326 2080 386 2160 III,
410 2086 439 2162 2,
467 2086 504 2147 18
526 2099 589 2163 sq.:
619 2085 776 2146 Hominum
800 2101 854 2161 ego
878 2087 1010 2146 waritia
1030 2085 1128 2148 iactus
1151 2105 1214 2149 sum
1237 2089 1282 2146 in·

128 2182 247 2256 probior
277 2199 404 2258 coquos,
441 2182 507 2243 Non
533 2188 643 2258 meopte
669 2184 797 2256 ispanio.
840 2179 905 2261 III,
934 2185 969 2260 2,
999 2186 1052 2247 24;
1087 2186 1149 2247 Eas
1171 2186 1280 2248 herbas

130 2279 223 2341 lass
247 2280 319 2341 aliia
339 2296 431 2356 porro
456 2281 604 2342 condiunt
628 2297 655 2341 v.
681 2284 735 2344 31:
758 2281 826 2341 Nou
849 2280 1038 2343 condimentis
1060 2284 1212 2357 condiunt,
1236 2288 1284 2343 set

130 2379 276 2454 elucidas.
306 2375 423 2441 Pseud.
446 2392 475 2448 v,
497 2379 559 2442 835
582 2394 644 2457 sq.:
667 2380 835 2440 Terrestris
856 2380 987 2456 pecudes
1009 2381 1188 2441 cicimadro
1211 2397 1282 2441 con-

134 2476 176 2539 dio
202 2475 411 2553 Hopalopst'dr
445 2485 497 2539 aut
524 2478 715 2539 cataractrs'a.
760 2474 826 2558 ΙΠ,
857 2481 891 2557 2,
920 2480 974 2542 le:
1014 2479 1090 2554 Quia
1121 2479 1281 2543 sorbitione

131 2572 233 2637 luciam
256 2593 315 2652 ego
335 2576 424 2637 bodie
447 2582 477 2636 te
508 2594 573 2637 arca
595 2579 670 2638 item
693 2585 726 2638 ut
747 2578 857 2638 Medea
879 2580 990 2639 Peliam
1013 2580 1150 2641 concoxit
1171 2593 1281 2641 seuam.

132 2687 157 2735 t.
176 2676 234 2737 61:
262 2675 358 2748 Quem
379 2674 590 2737 medicamento
612 2682 644 2736 et
664 2677 727 2737 sais
748 2674 868 2738 amenis
895 2678 1005 2738 dicitur
1033 2678 1154 2738 Fecisse
1178 2693 1280 2736 russos

136 2787 168 2831 ex
190 2788 265 2833 seue
295 2772 559 2835 adulescentulum.
604 2771 671 2852 111,
694 2778 729 2852 2,
753 2776 807 2837 92:
831 2781 920 2851 atque
954 2778 998 2836 ita
1022 2776 1110 2836 saaai
1135 2772 1281 2835 matare

131 2870 271 2931 condiam.
297 2865 412 2933 Pseud.
437 2887 465 2931 v.
482 2874 559 2935 902:
583 2868 838 2949 dolis.1V‚l,l:
863 2874 976 2934 cucullio
999 2873 1138 2934 adiutum.
1162 2868 1277 2935 Pseud.

129 2983 154 3030 r.
177 2971 256 3034 927:
296 2967 346 3029 Sic
375 2986 430 3044 ogo
458 2971 541 3031 illum
571 2971 646 3030 dolis
672 2976 761 3046 atque
790 2972 951 3032 maelis
978 2973 1012 3032 In
1041 2973 1177 3032 timorem
1204 2970 1281 3030 dabo

129 3068 289 3128 militarem
311 3066 465 3128 advenam.
509 3083 537 3130 s.
562 3070 623 3132 932
650 3083 711 3146 sa:
749 3070 790 3130 Te
815 3087 929 3145 quoque
959 3073 1063 3146 etiam,
1096 3069 1169 3129 dolis
1191 3075 1279 3143 atque

128 3164 291 3225 nmdocis's
314 3164 376 3251 Qui
392 3166 482 3225 malis
504 3184 560 3241 par
581 3165 688 3228 mibi's.
712 3163 796 3229 Men.
820 3165 858 3243 V,
882 3171 912 3245 5,
934 3167 991 3228 ts:
1014 3171 1056 3226 At
1076 3183 1130 3244 ego
1152 3174 1183 3226 te
1205 3183 1280 3242 pen·

129 3261 240 3323 dentem
277 3260 387 3323 iodim
424 3265 552 3326 stimolis
583 3265 707 3340 triginta
736 3266 809 3326 dies.
860 3269 888 3340 7,
921 3268 975 3324 12:
1020 3266 1089 3341 quid
1112 3280 1166 3339 ego
1189 3263 1280 3324 casalis

129 3363 236 3437 rspicio
258 3360 356 3422 aas?
398 3377 427 3421 v.
452 3363 509 3424 28:
534 3364 625 3423 Pecte
641 3363 762 3437 555555.
809 3364 839 3439 8,
863 3365 897 3423 5;
920 3362 949 3422 ui
970 3363 1137 3438 pugnando.
1167 3363 1196 3437 9,
1221 3362 1277 3422 26:

130 3456 174 3519 ist
202 3466 272 3520 uter
300 3465 498 3521 vostrorumst
527 3461 667 3523 advectus
691 3478 804 3521 mecum
827 3460 922 3520 aori?
966 3477 994 3521 v.
1024 3462 1079 3521 73:
1115 3476 1200 3534 quom
1224 3475 1279 3534 ego

131 3556 224 3617 satrtr
247 3564 280 3617 et
301 3557 418 3618 mismo
443 3559 593 3619 laboribus
608 3560 709 3635 Usque
730 3560 826 3619 adhuc
850 3558 990 3634 quaesivi
1014 3572 1042 3620 v.
1060 3561 1112 3620 75:
1135 3557 1199 3617 Hoc
1214 3560 1281 3616 erat

133 3655 200 3729 quod
225 3655 305 3715 baec
335 3663 365 3715 te
387 3658 529 3716 meretrix
559 3657 645 3718 buius
676 3661 813 3734 vocabat,
827 3657 952 3715 romine.
996 3672 1024 3718 v.
1048 3657 1102 3719 99:
1140 3654 1278 3714 auctione

133 3756 196 3813 tota
234 3748 332 3816 Most
354 3748 381 3829 I,
406 3756 434 3830 1,
457 3755 513 3816 32:
540 3756 655 3815 Virtute
676 3756 706 3814 id
728 3753 845 3832 iactum,
862 3759 953 3831 taast,
976 3755 1146 3830 magisterio
1168 3759 1227 3813 tuo.
1250 3746 1277 3829 1,

138 3848 235 3925 tel:
272 3851 298 3912 ui
328 3851 399 3925 quid
423 3868 543 3912 namma
566 3853 672 3914 sarciri
698 3859 807 3928 potest.
849 3848 944 3915 Most.
967 3869 995 3915 v.
1021 3853 1093 3914 138:
1132 3851 1214 3924 Quae
1236 3850 1276 3908 mi
1370 3844 1379 3869 ’

138 3943 252 4010 ma
280 3965 334 4010 atro
364 3950 555 4024 grandinem,
589 3951 712 4011 imbrem
740 3952 849 4012 attulit.
894 3948 988 4014 Most.
1010 3969 1038 4012 v.
1065 3951 1138 4012 152:
1175 3949 1276 4023 Disco,

138 4042 230 4122 luds,
259 4047 332 4126 pila,
363 4064 461 4121 emsa,
490 4049 588 4125 armis,
617 4065 700 4123 equo.
738 4065 767 4111 v.
794 4050 866 4110 154:
900 4048 1089 4110 Parsimonia
1110 4054 1142 4107 et
1162 4044 1277 4105 darilla

138 4216 333 4231 ¹—-

192 4274 225 4339 ⁸⁸)
244 4275 289 4331 Sic
307 4277 397 4344 ABp,
420 4273 495 4342 quod
510 4275 679 4345 probandum
699 4290 755 4331 sec.
791 4274 967 4331 Ritschelium
990 4274 1136 4344 prolegom.
1160 4273 1195 4330 ad
1218 4272 1276 4327 Tri·

136 4367 218 4413 summ.
235 4377 261 4431 p.
281 4362 326 4415 98.
348 4356 428 4427 Vulg.
448 4356 524 4425 Iis„¹

1012 4449 1056 4509 9*
