3125 5075
499 341 537 380 DE
553 341 651 381 110018.
666 362 691 371 -
708 337 931 382 CONIUNCTIVUS.
1248 350 1304 410 161

143 531 256 591 tardus
283 534 321 588 at
344 532 396 592 sis.
447 528 545 595 Naev.
572 528 646 594 bell.
677 528 755 593 Pon.
781 530 803 594 l.
832 529 893 594 VII
919 546 970 610 ap.
996 528 1228 610 dempera,
1253 532 1309 595 16:

142 629 294 703 plurimos
322 629 401 689 idem
428 630 600 690 Sicilienses
625 627 751 701 pooiaoit
773 630 893 691 obsides
921 633 957 691 ot
981 629 1117 703 reddam,
1139 627 1195 692 ubi
1217 631 1308 693 ante-

144 723 279 788 tecedit:
311 726 346 786 Id
376 727 512 802 quodque
534 725 704 802 poeisnsnt,
729 728 848 789 moenia
873 728 942 801 siat,
965 723 1083 790 omisso
1104 731 1147 788 at.
1177 724 1308 789 Terent.

148 819 249 884 Andr.
274 819 299 900 Ι,
323 825 352 900 2,
377 826 410 885 7:
436 825 513 883 Dum
535 830 653 897 tempus
676 823 714 883 ad
736 840 804 885 eam
831 840 895 884 rem
923 823 1001 898 tulit,
1028 824 1089 884 siri
1117 826 1247 886 animum
1275 826 1310 883 at

145 920 278 993 expleret
298 938 389 982 suom.
413 917 491 983 Hee.
515 917 571 996 lv,
595 922 624 993 2,
651 923 689 981 14
711 934 776 999 sq:
803 937 901 996 nequa
928 919 1025 981 ninom
1060 926 1096 982 ot
1129 924 1179 997 qui
1211 921 1308 996 nobis,

146 1024 253 1088 mater,
278 1017 488 1079 maledictum
510 1019 592 1093 velit,
616 1020 687 1079 Mea
709 1021 878 1094 pertinacia
893 1035 959 1080 esse
975 1019 1057 1079 dieat
1077 1019 1197 1081 iactum.
1226 1014 1307 1081 Cato

147 1111 187 1176 it
210 1111 247 1176 R.
268 1130 294 1177 4.
319 1117 353 1177 5:
376 1116 602 1192 sterquilinium
624 1133 760 1191 magnum
782 1117 870 1176 stude
888 1120 925 1176 44
946 1116 1066 1180 naneae.
1088 1113 1191 1179 Plaut.
1209 1114 1309 1180 Poen.

147 1207 520 1289 111,1‚ra:nononem
542 1218 577 1275 ut
605 1216 758 1290 periurum
781 1212 903 1288 perdas
934 1213 964 1272 id
990 1215 1097 1275 studes.
1129 1210 1200 1278 Cas.
1228 1212 1308 1293 prol.

148 1326 180 1371 v.
206 1312 259 1372 io:
285 1312 395 1370 Verum
420 1316 455 1371 at
475 1317 658 1385 oopnoaooot
681 1312 818 1372 dabimus
840 1327 959 1384 operam
982 1314 1095 1373 sedulo.
1120 1307 1200 1374 Cato
1222 1309 1259 1374 R.
1271 1310 1310 1375 R.

149 1423 179 1470 e.
203 1410 239 1469 5:
261 1409 345 1482 prius
367 1410 469 1468 uillam
490 1406 593 1471 videat
613 1410 717 1470 clauso
739 1411 786 1470 ati
806 1410 862 1469 siet
882 1417 914 1468 et
934 1410 982 1468 uti
1004 1426 1057 1469 suo
1087 1410 1211 1485 quisque
1242 1412 1310 1473 loeo

147 1505 236 1564 erubet
256 1515 287 1565 et
309 1506 355 1565 oti
383 1507 516 1566 iumenta
542 1506 683 1581 pabulum
714 1507 850 1566 habeant.
880 1502 914 1568 0.
938 1509 973 1569 9:
1005 1507 1047 1566 Et
1074 1505 1107 1568 id
1133 1506 1238 1585 videto,
1259 1508 1307 1567 oti

151 1609 205 1661 ant
231 1602 349 1663 domum
377 1617 452 1676 opus
482 1602 567 1670 44444,
595 1612 647 1663 aut
678 1607 712 1663 ot
738 1606 841 1665 uenire
862 1604 987 1677 possint.
1011 1600 1046 1666 0.
1070 1605 1125 1666 6οτ
1149 1604 1311 1666 Praeterea

150 1700 319 1773 generatim
340 1698 446 1766 videto,
468 1700 515 1757 oti
537 1702 610 1761 satis
632 1701 728 1761 rioiae
750 1717 841 1761 seros.
866 1697 901 1764 0.
925 1702 978 1762 76:
1006 1699 1110 1762 Videto'
1132 1706 1167 1761 at
1186 1703 1263 1763 bene
1279 1708 1311 1763 et

151 1797 249 1857 otiose
262 1813 431 1871 percoquens.
449 1792 484 1857 0.
500 1798 559 1859 84:
585 1796 688 1858 Videto
704 1800 739 1856 ut
752 1797 828 1858 bene
838 1815 1006 1872 perooqaoa
1021 1799 1157 1859 medium.
1180 1796 1308 1862 Terent

151 1891 232 1957 Hee.
255 1891 294 1972 V,
317 1898 348 1971 4,
375 1897 407 1955 1;
435 1893 517 1966 Vide,
539 1895 578 1952 mi
600 1896 761 1969 Parmeno,
785 1898 875 1957 etiam
901 1897 998 1963 sodes,
1019 1901 1054 1957 at
1074 1897 1115 1955 mi
1137 1896 1212 1956 liaeo
1228 1903 1312 1958 certa

149 1999 185 2051 et
206 1994 290 2052 alara
312 1992 458 2053 attuleris.
483 1988 587 2054 Plaut.
611 1988 704 2068 Epid.
727 1988 788 2067 ΠΙ,
811 1998 842 2070 4,
865 1997 922 2056 27:
945 1995 989 2053 Mi
1001 1994 1083 2053 illam
1105 1994 1311 2069 4444444κὲ4444,

153 2095 310 2165 arpentum
341 2089 470 2162 occipias
504 2085 637 2167 (pendet
664 2093 699 2147 44
726 2105 747 2152 4
772 2104 961 2168 praegresso
990 2090 1086 2166 vetis),
1117 2106 1156 2153 ex
1186 2088 1310 2152 emend.

152 2184 270 2248 Bothii.
293 2203 321 2246 v.
347 2187 402 2247 76:
426 2188 575 2262 Numquid
599 2203 644 2245 me
666 2188 713 2245 oia
736 2187 890 2247 ceterum?
913 2185 975 2249 PE.
998 2189 1081 2248 Maio
1111 2188 1246 2247 cruciatu
1275 2192 1312 2249 44

146 2300 259 2356 perena
280 2291 369 2359 atque
392 2284 481 2343 abeas
501 2287 574 2343 cito.
596 2280 711 2346 Bacch.
734 2280 759 2360 Ι,
778 2286 805 2360 l,
828 2289 883 2346 44:
909 2285 1023 2346 Utine
1047 2292 1077 2345 te
1105 2283 1212 2358 444444,
1234 2284 1311 2345 noio.

152 2378 252 2443 More
274 2377 336 2457 ΙΙΙ,
360 2382 389 2455 2,
415 2383 469 2441 17:
490 2381 619 2440 etmihi
642 2380 725 2440 aedis
748 2383 864 2455 aliquas
887 2381 1032 2442 44444444
1052 2381 1127 2442 ooio.
1150 2378 1267 2443 Pseud.
1285 2378 1312 2455 1,

154 2480 183 2550 3,
207 2479 265 2540 87:
289 2478 367 2552 Quid
389 2495 468 2538 nuno
489 2478 555 2538 oie?
579 2474 642 2540 CA.
664 2481 700 2538 44
713 2479 868 2552 oppos-iore
883 2480 937 2542 hoa
952 2498 1005 2542 sex
1021 2480 1086 2540 dies
1101 2476 1196 2540 festos
1216 2478 1314 2540 modo.

153 2572 236 2637 Rud.
260 2572 315 2651 IV,
347 2577 376 2652 6,
405 2577 457 2637 13:
489 2575 574 2648 Quod
601 2578 767 2651 promisisti
794 2580 831 2635 ut
855 2579 1022 2638 menineris
1052 2578 1098 2652 (ut
1129 2575 1249 2655 pendet
1275 2591 1315 2640 ex

153 2688 345 2750 praegresso
361 2672 445 2746 voto).
469 2669 563 2735 Truo.
580 2670 622 2743 11,
645 2677 676 2750 4,
699 2675 753 2736 78;
776 2675 854 2734 Num
884 2676 1035 2750 quidpiam
1063 2692 1109 2734 me
1137 2676 1183 2734 oin
1211 2673 1315 2734 aliud?

156 2767 224 2831 PH.
250 2771 299 2835 Ut,
323 2770 440 2844 quando
462 2772 555 2829 otium
578 2771 646 2831 Tibi
668 2772 717 2844 sit,
739 2771 778 2831 ad
801 2787 847 2832 me
867 2773 989 2835 revisas.
1013 2768 1128 2834 cneoii.
1145 2769 1226 2834 Stat.
1242 2767 1315 2832 Plo·

157 2865 243 2945 ciam
264 2864 302 2927 tr.
327 2870 357 2942 2,
379 2884 409 2929 v.
436 2868 510 2928 162:
536 2868 578 2928 Ut
599 2867 737 2929 deoomoa
758 2869 830 2941 soit,
851 2870 928 2943 quod
944 2868 1018 2930 ioris
1033 2870 1194 2943 potaveris.
1211 2865 1315 2930 Piant

156 2960 274 3028 Bacch.
297 2960 354 3040 IV,
378 2967 409 3039 8,
433 2967 488 3026 34:
511 2965 592 3023 Nihil
616 2964 762 3038 estquod
785 2965 897 3024 statim.
921 2962 988 3027 οΗ.
1004 2970 1103 3042 Atque
1118 2971 1153 3026 44
1167 2966 1222 3025 tibi
1238 2966 1317 3025 maia

159 3064 254 3122 multa
275 3060 431 3134 inparem?

244 3156 278 3233 b)
324 3158 510 3219 Eaaoeiotio
530 3174 584 3230 per
598 3157 653 3222 aot
663 3159 788 3231 prolato
802 3173 817 3215 e
831 3157 915 3216 nullo
930 3158 1018 3216 verbo
1033 3162 1104 3232 opto
1118 3158 1251 3219 obsolute
1260 3161 1317 3231 po-

158 3256 301 3316 ruituris
320 3255 579 3316 cohortationibus.
625 3252 705 3317 Cato
732 3250 769 3314 R.
801 3251 838 3314 R.
861 3269 888 3315 o.
915 3257 947 3315 1:
970 3256 1016 3313 ati
1037 3272 1074 3315 eo
1090 3273 1157 3316 eum
1172 3257 1317 3329 introeas,

155 3353 379 3427 dmmpieios
399 3383 442 3395 -
463 3353 510 3411 oti
533 3354 640 3413 bonum
661 3354 776 3413 eaelum
800 3351 914 3410 tabeat.
944 3347 1008 3414 Ib.:
1033 3353 1080 3411 ati
1108 3353 1185 3414 bene
1215 3350 1317 3412 aediti·

158 3457 259 3511 eatam
281 3450 347 3525 siet,
369 3446 425 3512 ubi
446 3446 542 3526 paulo
564 3459 639 3513 unte
661 3448 782 3512 dietum
804 3451 868 3510 est:
897 3449 953 3508 siet
972 3449 1055 3508 iniis
1079 3449 1168 3526 agris,
1196 3447 1264 3512 sine
1285 3450 1320 3506 ut

158 3544 389 3611 coniunctione.
414 3543 448 3608 0.
471 3549 507 3608 2:
531 3549 659 3622 Reliqua
680 3562 754 3621 quae
778 3547 867 3614 sient,
897 3549 931 3604 ut
959 3550 1157 3619 compartum.
1187 3546 1220 3605 Si
1249 3543 1320 3620 quid

157 3645 240 3706 desit
265 3646 297 3704 in
326 3660 444 3711 annum,
470 3644 516 3702 ati
537 3649 682 3717 paretur,
713 3660 788 3717 quae
828 3643 998 3719 supersint,
1030 3643 1078 3701 ati
1112 3646 1249 3702 veneant.
1277 3672 1319 3683 -

159 3759 240 3818 quae
273 3757 367 3816 opera
399 3740 466 3801 fieri
498 3743 580 3814 uelit,
614 3749 646 3800 44
677 3757 752 3814 qnae
776 3742 876 3800 tonare
899 3741 981 3808 velit,
1008 3739 1056 3799 ati
1077 3739 1208 3814 imperet,
1230 3748 1262 3800 et
1283 3755 1321 3799 ea

160 3841 278 3914 scripta
303 3838 463 3909 relinqunt.
490 3867 533 3881 --
561 3839 737 3897 Auctionem
765 3836 812 3895 uti
838 3835 941 3906 faeiat.
966 3833 1000 3897 0.
1027 3840 1079 3899 13:
1108 3839 1220 3897 lectum
1243 3842 1321 3897 atra·

160 3944 234 4012 tum,
265 3934 317 3995 ubi
342 3936 400 3995 duo
428 3934 568 3996 custodes
592 3934 682 3995 libari
712 3934 823 3993 cubent
855 3940 887 3993 et
916 3934 1025 3994 tertius
1047 3950 1151 3994 seruus
1173 3948 1233 3994 una
1255 3948 1322 3993 eum

161 4033 327 4094 factoribus
349 4031 396 4092 uti
416 4031 508 4099 44444
531 4028 585 4094 ubi
608 4032 716 4092 444444
738 4026 953 4093 Schneiderus
974 4027 1008 4092 in
1035 4026 1240 4092 adnotatione
1271 4025 1317 4091 ie·

159 4130 300 4194 ctionem
322 4125 519 4191 Pontederae
534 4129 586 4188 ooo·
601 4124 749 4208 praefert
773 4123 808 4189 0.
827 4130 876 4203 14,
892 4130 930 4193 3:
952 4127 984 4187 Si
999 4126 1036 4187 do
1052 4129 1138 4188 coelo
1153 4129 1225 4188 vilia
1239 4132 1323 4188 taeta

162 4230 230 4300 siet,
254 4228 291 4287 de
314 4242 351 4286 ea
373 4244 407 4286 re
431 4227 523 4286 uerba
545 4229 645 4286 diviua
664 4225 711 4283 uti
730 4226 816 4297 fiunt.
840 4219 875 4285 0.
900 4226 956 4286 15:
979 4225 1129 4285 Maeonias
1144 4255 1186 4268 -
1200 4224 1248 4284 uti
1269 4223 1324 4284 do·

160 4327 260 4385 minna
283 4324 383 4384 omnia
403 4323 441 4382 ad
463 4340 538 4397 opus
555 4324 708 4397 prostent.
731 4317 835 4382 Plani.
860 4316 951 4399 Oapt
975 4318 1001 4398 1,
1025 4323 1054 4399 2,
1077 4322 1112 4383 6:
1135 4322 1190 4384 Set
1209 4319 1324 4407 ettad·

215 4420 299 4467 noa«.
312 4420 423 4470 synam.
451 4421 480 4461 n
1075 4424 1112 4486 ῃ
