3125 5075
468 378 556 418 CABUB
571 377 838 417 sunerunrlvonuu.
854 398 877 406 -
894 378 1029 417 ACCUSAT.
1292 389 1353 444 253

198 545 265 614 cd.
303 550 486 616 Autidnruue
504 559 625 630 mnu
648 569 694 613 me
715 569 790 614 esne.
836 550 930 616 Truc.
954 549 997 631 ΙΙ,
1021 554 1051 630 6,
1072 556 1128 615 48;
1167 552 1201 613 16
1223 554 1267 613 ita
1287 569 1354 614 esec

199 645 365 726 aperus,
398 657 535 727 nuncque
562 652 735 726 experiere,
770 669 837 711 urea
861 651 1069 728 Phronesium,
1105 653 1156 712 Me
1184 657 1214 711 te
1243 668 1354 711 amare.

202 739 328 810 durent.
350 743 395 824 11,
415 750 447 826 2,
472 750 513 810 10
533 761 621 826 sqq:

365 846 431 906 Hac
453 852 542 906 nocte
563 847 595 905 in
618 846 727 907 sonnis
749 846 845 907 vinsns
868 861 932 908 snm
956 847 1069 907 tucrier

368 943 479 1004 Procul
500 943 606 1004 sedere
628 945 716 1019 longe
739 960 758 1003 a
779 961 826 1003 me
850 945 1073 1019 Aesculapium:

364 1041 471 1117 Neque
492 1058 559 1102 eum
583 1042 622 1102 ad
644 1058 689 1102 me
713 1042 796 1102 adire
819 1059 914 1117 neque
939 1060 984 1101 ure
1009 1042 1261 1116 magnipendere

369 1139 528 1201 Vissurnst.

209 1231 291 1298 linc.
312 1231 376 1312 ΙΙΙ,
400 1237 430 1313 2,
453 1237 508 1299 39:
531 1236 588 1296 Vix
609 1236 729 1296 taudem
751 1237 875 1311 percepi
898 1254 988 1311 super
1011 1238 1055 1297 his
1078 1236 1168 1296 rebus
1190 1236 1301 1296 nostris
1324 1243 1355 1295 te

211 1333 288 1408 toqui.
331 1328 421 1396 Pete.
445 1328 472 1412 l,
495 1338 524 1411 3,
547 1335 606 1396 87:
627 1340 662 1394 ut
683 1334 794 1395 habeat
814 1334 941 1393 animum
965 1334 1087 1410 bonnm,
1119 1334 1169 1393 hie
1193 1350 1259 1393 esse
1283 1333 1353 1392 elie·

213 1437 314 1491 durum
336 1430 395 1491 hoc
416 1431 514 1491 hodie.
539 1426 631 1510 capt.
654 1428 680 1508 Ι,
704 1434 733 1509 2,
757 1433 798 1494 64
813 1445 877 1509 sq.:
900 1448 969 1490 narn
990 1432 1072 1490 illum
1097 1430 1213 1491 confido
1237 1431 1353 1490 domurn

213 1527 242 1587 lu
257 1527 430 1589 hisdiebus
451 1545 499 1589 me
521 1531 777 1591 reconciliassere.
822 1525 919 1590 Stich.
942 1524 1002 1606 ΙΙΙ,
1027 1531 1057 1605 2,
1084 1532 1116 1590 l:
1153 1535 1213 1588 tam
1237 1528 1353 1588 confido

215 1641 285 1700 quen
312 1626 395 1701 potio
421 1627 472 1686 Mo
500 1643 596 1687 meum
624 1632 814 1702 optenturum
841 1642 951 1699 regern.
996 1622 1109 1703 Amph.
1154 1623 1201 1703 ΙΙ,
1229 1630 1262 1703 2,
1295 1629 1353 1688 43:

215 1722 296 1798 logis
317 1741 397 1784 nunc
419 1718 495 1803 [me]
517 1742 613 1785 meum
637 1725 764 1786 officinm
786 1724 887 1785 iacere
913 1755 950 1766 -
972 1725 1112 1784 arbitror.
1142 1721 1237 1787 Poen.
1262 1721 1298 1799 V,
1323 1726 1353 1800 5,

218 1821 259 1883 39:
285 1822 362 1882 llam
389 1828 420 1881 te
444 1823 600 1883 cinaedum
623 1840 689 1885 esse
712 1824 844 1884 arbitror
871 1840 955 1898 mage
979 1839 1065 1897 quarn
1086 1822 1189 1882 virum.
1233 1820 1287 1883 As.
1310 1818 1353 1899 ΙΙ,

217 1920 240 1994 4,
257 1920 308 1982 te:
330 1917 481 1992 Furcifer,
504 1927 621 1981 uosmet
641 1918 769 1995 fugitare
793 1920 922 1981 censes?
950 1915 1017 1981 Mil.
1040 1916 1082 1992 ΙΙ,
1106 1922 1137 1995 4,
1159 1922 1216 1981 48:
1254 1921 1352 1993 Atque

169 2081 171 2088 ,
217 2021 286 2076 rttn
312 2018 483 2093 suspicatus
512 2035 545 2079 ee
572 2016 629 2094 [tc]
657 2034 722 2077 carn
751 2018 861 2079 vidisse
883 2019 1096 2078 cnscnlantem.
1142 2014 1238 2079 Poen.
1261 2015 1299 2094 V,
1322 2021 1353 2093 4,

169 2107 171 2112 ’
219 2113 276 2176 lte:
296 2115 418 2189 Patrue,
441 2114 534 2176 facito
556 2117 587 2175 in
609 2117 782 2176 memoriam
804 2115 915 2176 habeas
939 2110 999 2193 (sic
1020 2110 1129 2192 aeg),
1158 2120 1239 2174 tuam
1261 2117 1353 2175 meio-

169 2233 172 2256 ·
217 2226 264 2271 reu
282 2211 375 2274 filiam
397 2213 474 2273 Mihi
502 2220 533 2273 te
555 2212 759 2289 despondisse.
805 2210 920 2276 Bacch.
957 2208 1015 2287 111,
1044 2214 1073 2288 2,
1101 2215 1155 2274 19:
1189 2220 1237 2272 set
1266 2230 1354 2273 eccos

169 2311 171 2324 '
217 2308 285 2370 rideo
304 2311 448 2372 incedere
470 2308 559 2387 [hlei]
580 2319 697 2385 patrem
721 2311 833 2371 sodalis
861 2318 892 2370 et
913 2310 1094 2384 magistrum.
1139 2305 1210 2371 Aul.
1240 2306 1295 2387 IV,
1326 2313 1354 2387 l,

169 2399 171 2408 '
218 2405 241 2466 l:
257 2405 287 2468 Si
306 2408 392 2469 videt
412 2426 556 2484 eupercre
571 2426 711 2482 amorem,
735 2409 792 2469 hoc
815 2411 893 2469 servi
917 2423 983 2467 esse
1006 2405 1135 2466 officinm
1159 2425 1237 2468 reor.
1261 2403 1352 2485 capt.

216 2501 276 2581 prol.
298 2521 328 2569 v.
354 2510 387 2569 1:
410 2508 472 2569 llos
495 2525 568 2584 quos
591 2507 700 2568 videtis
723 2513 803 2567 stare
827 2507 875 2565 hic
897 2504 1032 2580 captivos
1055 2505 1137 2567 dnos.
1161 2501 1233 2566 hul.
1260 2500 1299 2581 V,
1326 2507 1355 2582 l,

215 2604 240 2664 l:
269 2600 361 2668 Certe
398 2602 552 2683 (Goeller.
577 2605 680 2678 Certo)
711 2607 789 2664 enirn
818 2623 872 2680 ego
900 2620 1002 2664 vocern
1023 2603 1073 2662 hic
1096 2605 1244 2679 loquentis
1267 2603 1355 2664 modo

215 2716 248 2760 uc
267 2702 372 2764 endire
396 2703 476 2763 risus
500 2720 574 2763 snrn.
597 2699 689 2780 Epio.
713 2698 768 2778 IV,
797 2706 823 2776 l,
851 2705 903 2764 ll:
930 2702 1033 2762 videor
1056 2703 1156 2762 nescio
1179 2702 1228 2760 nbi
1244 2703 1355 2762 vidisse

214 2802 356 2877 ueprius.
401 2796 468 2862 Mil.
515 2796 575 2874 ΠΙ,
599 2802 628 2876 3,
651 2801 705 2861 58:
742 2799 925 2876 praedicabo
948 2802 975 2859 A
999 2805 1050 2858 tun
1072 2817 1138 2860 esse
1168 2817 1259 2859 uxore
1282 2799 1353 2857 rnibi

169 2956 171 2961 .
213 2894 297 2959 idum
318 2915 446 2974 eamque
468 2899 552 2958 ilium
576 2897 724 2972 deperire.
771 2894 867 2958 Poen.
890 2894 929 2973 V,
954 2899 982 2971 2,
1007 2900 1062 2958 51:
1087 2899 1178 2958 muris
1194 2895 1354 2958 Africanos

169 2992 171 2997 ’
212 2998 355 3067 pnedicnt
384 2996 418 3055 lu
439 3012 577 3071 pompam
605 2995 683 3056 ludis
707 2995 778 3055 dare
803 3013 835 3055 se
860 2997 937 3054 velle
961 2996 1115 3056 aedilibus.
1161 2990 1238 3057 cist.
1275 2991 1301 3068 I,
1326 2997 1354 3071 l,

215 3092 273 3156 idi:
309 3095 421 3155 inravit
445 3126 483 3137 -
506 3094 556 3153 Me
578 3110 701 3154 uxorem
723 3093 882 3153 dewturam
912 3109 986 3167 esec,
1018 3090 1073 3155 ubi
1099 3107 1273 3171 pronomen
1302 3108 1355 3154 re·

213 3182 344 3255 lexivum
367 3206 399 3251 ee
420 3189 571 3255 omissum
594 3196 652 3255 est.
705 3188 793 3254 PerS.
838 3187 897 3266 ΠΙ,
922 3192 950 3264 2,
975 3192 1009 3252 2:
1055 3194 1112 3263 Qui
1142 3192 1215 3249 mihi
1237 3192 1352 3250 iuratus

215 3296 246 3347 at
264 3308 296 3351 se
322 3290 413 3350 hodie
437 3296 589 3364 argentum
614 3290 709 3350 dure?
754 3286 869 3350 Pseud.
907 3285 932 3360 Ι,
960 3294 989 3364 3,
1021 3290 1096 3348 118;
1139 3289 1297 3347 iuravistin
1322 3297 1355 3347 te

215 3382 279 3448 lhru
301 3389 380 3449 nulli
403 3387 592 3448 venditurum
617 3389 675 3450 uisi
696 3386 788 3447 milri?
811 3381 877 3445 Mil.
901 3383 938 3458 V,
964 3388 1019 3447 18:
1042 3386 1112 3444 lura
1132 3394 1162 3445 te
1185 3386 1352 3445 nociturum

216 3497 255 3545 tou
274 3503 343 3548 esse
367 3487 480 3546 homini
502 3485 539 3545 de
561 3487 617 3547 hac
640 3503 673 3546 re
695 3485 815 3545 nemini.
860 3478 979 3544 Cistell.
1023 3480 1064 3556 ll,
1086 3486 1114 3555 3,
1139 3486 1196 3545 4οε
1234 3485 1353 3542 Instare

216 3595 286 3659 itque
323 3584 402 3644 adeo
439 3583 536 3643 donec
569 3600 601 3644 se
636 3584 753 3644 adiurat
785 3599 861 3642 anns
887 3581 962 3638 Earn
995 3581 1067 3640 mihi
1099 3590 1265 3642 monstrare
1293 3578 1354 3651 (sic

216 3670 380 3745 lethrnann
411 3683 446 3742 et
466 3677 665 3743 Fleckeisen.
694 3679 725 3742 in
748 3676 837 3741 Iahn.
866 3675 970 3739 cnnol.
997 3681 1088 3756 1861,
1113 3676 1172 3741 vol.
1200 3681 1250 3754 61,
1274 3682 1351 3741 sect.

219 3774 235 3850 l,
249 3792 278 3857 p.
300 3780 358 3855 633
380 3779 506 3838 adiurat
526 3780 576 3841 est
596 3784 773 3858 praesens).
808 3777 879 3844 Cos.
902 3777 961 3855 III,
985 3784 1014 3857 5,
1038 3778 1270 3850 37:·deinranit,
1294 3778 1349 3836 Oc·

217 3872 324 3937 hurum
352 3894 421 3937 cnm
457 3874 521 3954 (sic
544 3874 651 3956 Aeg)
685 3879 741 3937 hac
773 3884 862 3938 nocte
898 3880 1016 3953 quicum
1047 3875 1179 3936 cubaret.
1224 3873 1352 3953 Fragm.

216 3966 351 4053 lnphitr.
370 3991 402 4053 p.
419 3976 493 4052 486,
516 3991 545 4036 v.
562 3976 596 4036 8:
620 3976 803 4035 Eriuravisti
819 3983 848 4035 te
862 3976 934 4035 mihi
952 3976 1018 4035 dine
1038 3992 1093 4049 per
1106 3974 1212 4034 iocum.
1235 3968 1351 4035 Bacch.

216 4079 234 4126 l·
253 4075 324 4135 lt'l:
359 4073 462 4148 Teque
485 4064 523 4133 cd
545 4080 662 4148 patrem
686 4090 752 4133 esse
775 4082 921 4134 mortuom
944 4075 1117 4133 renuntiem.
1164 4068 1250 4134 Asin.
1275 4068 1299 4146 l,
1325 4075 1352 4147 l,

216 4163 494 4245 lepronianum
516 4171 584 4231 Non
606 4170 763 4231 offuturum
788 4169 873 4247 [me].
902 4167 1017 4233 Bacch.
1042 4167 1096 4246 lV,
1119 4173 1149 4243 4,
1172 4171 1228 4230 9οε
1252 4174 1353 4244 Atque

216 4260 237 4322 ll
253 4270 410 4341 pollicetur
432 4285 465 4329 se
488 4267 625 4327 daturum
648 4286 751 4327 aurum
773 4270 854 4329 mihi.
892 4265 987 4331 Most.
1013 4266 1050 4335 V,
1076 4271 1102 4343 l,
1126 4268 1181 4329 36:
1205 4268 1282 4341 Quin
1304 4271 1352 4329 ins

217 4357 540 4442 hreuduru‘poldcitust
562 4366 633 4426 dare
657 4382 698 4427 se.
726 4363 841 4429 Bacch.
866 4364 890 4440 l,
917 4370 944 4441 1,
969 4366 1023 4428 62;
1052 4367 1098 4426 Eo
1120 4366 1175 4425 tibi
1196 4373 1351 4441 argeutum
