3125 5075
203 371 245 431 5ss
653 354 810 397 sonsum.
825 354 889 398 ΟΑΡ.
903 354 944 396 111.

203 537 235 615 2,
258 538 315 599 72:
352 536 417 609 Quo
439 549 537 609 nequo
558 532 722 620 industrior
745 527 782 595 dc
801 533 950 593 iuventute
972 536 1047 591 erut.
1091 525 1131 606 V,
1154 529 1184 605 2,
1208 530 1240 590 5:
1274 525 1362 587 Nunc

204 650 259 710 ogo
281 633 317 693 de
337 629 492 693 sodolitole
514 631 595 691 solus
618 607 681 690 ιιιιῖι
703 635 806 690 orator
828 628 923 690 dctus.
967 624 1062 690 Truc.
1084 622 1139 702 IV,
1162 626 1192 701 2,
1217 626 1271 688 34:
1294 624 1363 685 Non

204 731 279 792 licet
300 728 336 789 do
358 728 476 788 obsonio
496 742 559 786 meo
579 726 756 801 participem
775 724 909 799 ΜΝ)
953 721 1082 788 Terent.
1109 719 1225 785 Heaut
1247 717 1308 804 Ν,Ι
1335 724 1364 798 l,

206 828 262 890 39:
285 842 323 886 nc
345 841 453 900 expers
475 825 571 899 pertis
595 830 677 885 osset
698 823 735 882 dc
754 823 867 884 nostris
889 822 980 889 omno,
1002 817 1087 899 quod
1107 815 1285 902 plunupro
1308 832 1365 896 ge·

204 919 307 987 uitivo
329 917 481 1000 pertitivc
503 917 642 998 positum
665 921 723 983 est.
768 915 903 998 Adelph.
924 916 951 995 Ι,
974 920 1003 994 2,
1028 920 1083 981 37:
1110 920 1174 979 olet
1195 921 1364 992 mouente:

204 1019 242 1079 dc
261 1033 332 1081 mco.

292 1129 319 1177 c.
342 1110 425 1177 Hinc
439 1109 610 1175 admodum
626 1110 781 1176 usitetum
797 1116 847 1175 est
867 1112 903 1173 oto
922 1110 1007 1191 opud
1027 1110 1140 1171 mendi
1162 1107 1271 1186 verbs,
1294 1104 1367 1188 qui·

204 1208 266 1274 bus
287 1207 407 1288 aliquid
437 1228 458 1273 e
481 1208 682 1289 possessione
708 1207 844 1272 ulterius
871 1208 912 1271 od
938 1206 1077 1271 ultorum
1105 1204 1256 1269 devenire
1283 1204 1367 1269 indl-

204 1309 297 1373 cetur
319 1302 481 1385 (Kompm.
504 1323 535 1368 n.
559 1306 600 1381 5).
646 1301 726 1369 Octo
749 1301 786 1367 R.
809 1302 846 1367 R.
871 1322 896 1368 c.
924 1310 957 1369 l:
990 1304 1039 1364 De
1066 1303 1185 1363 ἀοιιᾶιιο
1215 1304 1291 1363 dorso
1319 1319 1367 1364 ec

205 1404 273 1464 icoo
295 1404 428 1478 bonoque
449 1403 636 1475 aedificatore
657 1405 763 1464 molins
786 1410 910 1464 emetur.
938 1400 1043 1466 Plano
1059 1397 1150 1480 Cupt
1165 1398 1246 1480 prol.
1261 1415 1293 1463 v.
1309 1402 1367 1464 34:

205 1502 288 1562 Emit
307 1498 343 1559 do
358 1500 477 1575 proedo
499 1501 591 1562 hosce
613 1501 715 1561 umbos
738 1518 757 1560 a
778 1501 995 1576 quaestorrlous.
1040 1495 1067 1576 1,
1083 1500 1112 1576 2,
1135 1500 1169 1561 2:
1191 1499 1268 1558 Hori
1290 1516 1366 1574 quos

206 1597 265 1657 omi
284 1597 319 1657 dc
335 1595 454 1672 pracda
475 1614 494 1658 a
516 1597 733 1673 quaestoribus.
777 1595 872 1660 Most
893 1592 950 1671 111,
977 1598 1004 1672 l,
1030 1598 1104 1660 139:
1134 1595 1170 1655 dc
1190 1595 1290 1656 vicino
1311 1595 1368 1657 loco

200 1709 351 1769 prooomo
375 1693 456 1754 Tuus
484 1695 558 1754 emit
587 1694 670 1755 sedis
697 1693 788 1756 iilius.
834 1688 988 1771 capell,
1018 1694 1048 1771 3,
1071 1695 1126 1757 93:
1158 1692 1367 1767 constabiliri,

206 1807 294 1867 quom
309 1791 378 1851 illos
394 1792 452 1851 omi
467 1790 503 1850 dc
511 1791 630 1865 proedo
644 1808 664 1852 u
678 1791 896 1866 quaestoribus.
939 1786 1036 1852 Poen.
1051 1786 1106 1867 Ν,
1129 1793 1160 1868 2,
1183 1792 1238 1853 75:
1262 1785 1367 1864 (emit)

206 1887 254 1949 Dc
280 1888 434 1963 praedone
460 1888 569 1949 Siculo.
614 1886 695 1950 Rud.
727 1884 808 1965 prol.
836 1903 864 1947 v.
891 1889 946 1949 40:
980 1888 1055 1947 Eum
1087 1886 1123 1947 de
1143 1887 1295 1961 praedone
1320 1888 1368 1946 vir

206 1991 359 2045 mercetur
379 2002 544 2060 possumus.

293 2078 324 2143 d.
357 2077 562 2144 Transfertur
584 2080 621 2140 dr
642 2078 684 2142 ad
705 2079 822 2143 mentis
844 2078 986 2143 actiones
1009 2084 1043 2142 et
1064 2078 1185 2145 indicat
1205 2079 1367 2144 hominem

207 2178 265 2240 out
285 2191 365 2256 rem,
388 2174 472 2239 unde
495 2174 571 2254 quid
594 2175 815 2256 cognoscimus
829 2179 863 2239 ct
877 2174 1084 2256 intelligimus
1099 2175 1259 2256 (Ksmpm.
1275 2194 1306 2240 n.
1320 2180 1365 2251 9).

206 2269 311 2338 Pium
333 2271 421 2337 Pers.
444 2270 500 2351 Ν,
523 2278 557 2351 3,
581 2277 635 2337 70:
669 2283 700 2336 te
722 2274 758 2334 de
779 2274 862 2341 aliis,
895 2292 984 2350 quam
1011 2276 1087 2335 alios
1114 2274 1150 2335 de
1176 2282 1204 2335 te
1233 2275 1367 2337 suaviust

206 2370 289 2432 Fieri
312 2371 425 2432 doctos.
470 2367 554 2435 Men.
574 2369 599 2449 Ι,
623 2373 652 2448 2,
676 2374 731 2434 53;
753 2371 872 2447 Ecquid
894 2377 927 2431 tu
949 2371 985 2431 dc
1006 2371 1094 2431 odore
1115 2374 1222 2448 possis,
1246 2375 1273 2433 sl
1296 2373 1367 2448 quid

206 2466 286 2529 forts
309 2467 461 2542 edoceris,
483 2468 598 2529 Fecere
621 2468 844 2529 coniecturum?
887 2465 984 2532 Mero.
1007 2466 1047 2548 V,
1072 2472 1101 2548 2,
1125 2472 1180 2533 62:
1203 2470 1306 2532 vidisti
1328 2488 1368 2532 cn

205 2564 242 2627 de
262 2565 364 2625 audito
394 2564 544 2632 nuntioo?‚
568 2563 587 2627 i.
613 2580 640 2628 e.
662 2562 755 2628 sema.
779 2561 871 2629 Cure.
896 2563 937 2644 ΙΙ,
959 2571 986 2645 1,
1012 2571 1065 2630 17:
1093 2567 1142 2628 De
1162 2569 1263 2640 forma
1284 2571 1367 2631 novi:

204 2661 242 2721 do
262 2661 357 2722 colore
376 2678 434 2722 non
458 2678 534 2736 queo
556 2663 691 2724 Novisse.
735 2660 828 2740 Epid.
851 2659 907 2740 IV,
930 2666 960 2742 2,
983 2666 1023 2726 27
1032 2683 1040 2726 :
1071 2666 1184 2742 Quibus
1210 2666 1246 2727 do
1273 2668 1367 2741 ιίῃκίε

114 2800 121 2807 -
206 2757 411 2832 agnoscebas?
454 2753 551 2823 Stich.
574 2756 601 2837 1,
631 2762 717 2836 1‚3:
752 2777 821 2822 num
850 2777 905 2822 nos
933 2764 998 2824 eins
1026 2765 1155 2824 animum
1184 2763 1233 2826 De
1256 2766 1367 2826 sostris

204 2852 294 2925 {cotis
315 2855 474 2916 noscimus·
519 2852 611 2920 Truo.
633 2853 690 2934 IV,
713 2859 742 2935 2,
767 2859 824 2921 56:
857 2858 906 2917 De
926 2859 1021 2919 ottilo
1043 2860 1119 2920 nihil
1148 2861 1366 2935 estussct1·)

206 2945 321 3015 caecil.
340 2946 420 3014 stat
438 2948 580 3015 Plocium
602 2948 640 3014 fr.
659 2958 687 3030 1,
710 2970 738 3014 v.
759 2957 836 3017 145:
861 2956 911 3031 qui
934 2957 1015 3030 sopit
1035 2956 1071 3015 de
1092 2975 1137 3016 mc
1159 2958 1264 3018 discet.
1303 2955 1366 3021 Te·

203 3049 285 3110 rent
301 3044 383 3111 Eun.
399 3043 440 3124 Η,
457 3050 485 3126 2,
507 3051 562 3112 30:
586 3052 687 3125 coepit
709 3069 755 3112 me
779 3053 950 3127 obsecrare,
973 3054 1015 3115 Ut
1037 3053 1093 3115 sibi
1117 3056 1225 3115 liceret
1247 3057 1365 3116 discere

203 3143 236 3204 id
257 3143 293 3204 de
314 3161 372 3213 me,
394 3141 435 3207 ed
456 3159 485 3223 q.
508 3143 528 3207 l.
552 3144 634 3210 bene
652 3144 851 3212 Schcefferus
873 3165 904 3227 p.
931 3152 969 3212 16
993 3145 1072 3213 hoec
1094 3149 1276 3213 adnotavit:
1300 3153 1366 3220 „De

204 3236 348 3320 depingit
363 3244 570 3321 praeceptum
590 3241 631 3308 sb
652 3261 709 3308 ore
723 3244 941 3323 praeceptoris
961 3243 1130 3325 profluens
1144 3262 1183 3311 cc
1203 3248 1365 3313 trendens

205 3333 239 3398 in
261 3334 489 3421 discipulum‘fi

288 3450 315 3497 e.
349 3435 397 3498 De
418 3434 542 3501 indicet
561 3436 690 3515 quidem
712 3434 871 3517 proficisci
899 3437 1017 3519 aliquid
1045 3441 1086 3507 ab
1110 3440 1214 3520 adque
1236 3440 1307 3508 loco
1331 3448 1365 3507 et

201 3528 275 3594 inde
298 3533 389 3609 qussi
411 3532 519 3612 peruri
541 3538 576 3599 et
599 3530 695 3612 effici,
729 3534 787 3600 sed
814 3553 872 3601 nos
894 3537 941 3602 its
969 3537 1109 3603 solemus
1129 3538 1292 3620 cogitare,
1326 3546 1364 3604 ot

201 3626 322 3707 aliquid
344 3631 374 3690 ir
399 3645 437 3691 eu
456 3648 492 3694 re
515 3627 572 3695 fist
595 3632 654 3709 (cu
678 3631 726 3695 bet
749 3629 872 3710 modo).
905 3634 1065 3716 (Kumpm.
1088 3653 1119 3699 n.
1146 3633 1208 3714 ll).
1254 3635 1362 3702 Pleno

200 3721 313 3789 Pseud.
330 3718 372 3803 ll,
388 3729 418 3804 4,
444 3731 498 3790 14:
521 3731 663 3804 laetitios,
686 3730 722 3791 de
743 3733 839 3794 tridscs
861 3741 974 3808 portus.
1008 3732 1080 3798 Aul.
1097 3729 1138 3809 11,
1155 3735 1184 3810 2,
1204 3736 1261 3796 45:
1284 3736 1363 3796 Num

200 3821 235 3884 do
258 3827 285 3882 te
306 3840 402 3899 neque
426 3841 459 3884 re
482 3841 578 3901 neque
601 3828 700 3888 vorbis
723 3832 832 3903 merui,
857 3837 891 3891 ut
912 3829 1029 3894 luceres
1052 3831 1129 3907 quod
1151 3831 1237 3893 iocis.
1276 3828 1360 3895 Men

271 3985 307 4051 ¹¹)
326 3984 372 4042 Sic
390 3986 545 4044 emendevit
562 3989 687 4047 Bothius.
714 3992 794 4062 Vulg.
814 4012 872 4050 con
890 3998 952 4052 uest
969 3996 1003 4051 do
1021 3996 1132 4051 obsonii
1148 4013 1213 4051 mm
1232 4013 1275 4053 me
1287 3999 1359 4068 Μ’.

200 4065 256 4122 Sed
274 4067 410 4136 genitivus
423 4070 533 4126 obsonii
548 4081 660 4129 nonest
673 4073 827 4147 Plautinus,
846 4093 913 4132 mco
930 4085 1022 4133 cutem
1040 4093 1095 4132 non
1114 4077 1215 4149 legitur
1233 4078 1261 4132 in
1274 4079 1356 4135 codd.

199 4147 404 4218 Knmpmsnnos
423 4151 458 4207 de
476 4152 539 4210 DE
553 4161 648 4223 prosp.
668 4170 696 4223 p.
716 4158 742 4226 3,
761 4156 856 4212 cdnot.
874 4161 892 4214 6
910 4166 1091 4230 transponere
1110 4158 1169 4215 vult
1187 4177 1228 4216 me
1247 4177 1314 4219 mco.

270 4229 303 4284 ¹⁸l
331 4232 411 4302 Vulg.
430 4236 472 4290 illi
489 4253 539 4305 pro
563 4237 648 4304 codd,
669 4237 743 4306 quod
766 4239 940 4297 emendorum
964 4250 1007 4296 est
1026 4257 1043 4296 c
1060 4240 1187 4298 Goellero
1206 4258 1240 4298 ex
1259 4245 1357 4313 Aops.

197 4327 223 4365 v.
242 4310 366 4382 Kcmpm.
387 4315 421 4371 de
439 4319 502 4375 DE
516 4336 610 4390 praep.
629 4337 657 4390 p.
676 4324 702 4388 5,
721 4320 816 4376 adnot.
835 4326 861 4378 5.
