3125 5075
402 268 488 306 CASUS
504 267 768 306 st;.sTAN't·ll'ol:Ult.
784 285 808 292 -
823 265 986 303 (illslllt't's,
1224 270 1283 323 319

138 463 195 525 quo
215 442 254 508 tit
275 446 313 506 ut
333 442 366 506 in
387 443 489 505 mmor
510 450 553 505 cst
567 446 668 518 potate
690 441 869 506 subiectum
887 436 1003 502 finibus
1023 443 1057 502 et
1074 435 1227 500 limitibus
1246 435 1289 499 sit

130 539 403 621 circumscriptum
426 544 460 604 et
481 541 640 621 genitivus
661 536 815 603 definiens
833 536 1016 616 primarium
1036 539 1070 599 et
1089 532 1288 615 potissimam

125 639 292 704 notionem
314 635 432 703 efficiat
455 636 698 716 enunciationis,
720 636 752 699 in
761 638 846 711 patri
860 640 903 697 cst
920 637 1023 697 morae
1043 638 1151 698 autem
1174 649 1192 697 e
1214 648 1288 695 con·

128 738 231 803 uario
252 736 433 802 subiectum
456 738 559 799 domae
580 737 644 799 vim
666 734 785 800 habeat
805 733 1113 814 praeponderantem
1135 736 1169 796 et
1189 731 1288 795 maio·

124 836 171 900 ris
206 833 370 898 momenti.
419 833 468 898 Ex
501 834 552 899 his
588 833 733 899 omnibus
761 833 863 913 magis
896 830 1059 911 magisque
1085 830 1288 909 perspicitur,

123 936 279 998 natmam
307 931 438 1013 genitivi
465 931 498 995 in
520 931 741 997 coniunctione
768 929 905 994 duorum
926 928 1088 993 nominum
1114 926 1203 991 nulla
1224 926 1288 991 alia

129 1048 207 1095 voce
230 1029 452 1095 intercedente
473 1028 559 1094 lacta
581 1028 755 1095 consistere
782 1032 816 1091 et
838 1027 1091 1092 coniunctionem
1125 1026 1193 1090 eius
1216 1042 1288 1088 cum

132 1128 232 1193 verbo
258 1125 440 1208 copulativo
462 1128 570 1209 potius
590 1145 629 1191 ex
649 1126 784 1207 simplici
804 1127 873 1190 eins
894 1144 953 1190 usu
974 1142 1069 1204 quam
1089 1127 1200 1188 contra
1212 1139 1288 1204 pro·

132 1224 236 1292 drisci.
277 1217 419 1303 Accedit,
441 1223 527 1304 quod
547 1223 682 1289 mutatio
708 1224 845 1288 notionis
867 1223 1060 1303 compositae
1083 1222 1115 1286 in
1140 1221 1288 1285 enuncia-

133 1325 250 1389 tionem
272 1339 332 1403 per
354 1341 415 1385 esse
433 1321 564 1401 elatam,
597 1322 644 1386 ita
665 1328 702 1386 ut
724 1321 784 1387 hoc
814 1328 857 1385 cst
877 1322 1047 1386 transitum
1070 1319 1167 1383 faciat
1192 1334 1289 1383 ano·

135 1424 213 1487 done
246 1417 428 1486 delinienda
454 1420 495 1486 ad
522 1438 607 1496 eam,
641 1437 722 1500 quae
752 1420 893 1500 genitivo
924 1425 973 1484 est
996 1435 1163 1499 expressa,
1192 1433 1288 1496 saepe

135 1538 185 1585 nec
206 1518 331 1584 usitata
352 1518 394 1582 sit
415 1535 518 1599 neque
541 1517 666 1582 omnino
688 1517 781 1583 lacile
797 1517 931 1598 cogitari
952 1517 1065 1597 possit,
1088 1514 1174 1597 quod
1201 1519 1288 1578 certe

135 1615 198 1682 ieri
218 1633 354 1681 necesse
377 1620 478 1694 esset,
501 1616 529 1680 si
550 1616 639 1696 origo
663 1616 794 1697 genitivi
825 1634 843 1681 e
871 1615 929 1681 tali
952 1614 1173 1679 enunciatione
1196 1630 1289 1693 repe·

136 1713 227 1779 tenda
248 1718 344 1778 esset

211 1813 298 1876 Arta
324 1810 543 1876 coniunctione
573 1811 738 1876 amborum
765 1810 925 1875 nominum
956 1827 1052 1889 saepe
1079 1808 1159 1874 adeo
1187 1826 1286 1872 unum

139 1905 269 1974 efficitur
291 1926 419 1989 unaque
440 1910 542 1988 notio,
569 1925 631 1989 quo
655 1907 692 1974 fit
713 1915 751 1972 ut
771 1909 952 1989 permultae
975 1907 1130 1973 eiusmodi
1154 1905 1286 1988 genitivi

138 2006 385 2073 constructiones
406 2006 446 2072 iis
468 2006 598 2088 linguis,
628 2024 711 2088 quac
733 2007 886 2073 maiorem
907 2024 1073 2070 numerum
1097 2004 1287 2085 composito-

137 2122 199 2169 mm
220 2102 346 2169 habeut
366 2122 459 2185 quam
482 2104 591 2185 latina,
613 2124 676 2170 uno
698 2104 796 2170 verbo
818 2105 951 2185 exprimi
974 2105 1106 2185 possint.
1142 2103 1287 2167 Nascun-

137 2208 183 2267 tur
202 2220 244 2268 ex
267 2200 328 2267 hac
343 2202 505 2267 artissima
519 2203 746 2284 compositione
761 2204 859 2268 etiam
873 2202 1059 2279 locutiones,
1081 2200 1192 2281 quales
1213 2203 1288 2265 sunt

137 2307 242 2365 ousta
255 2302 322 2361 viai
336 2304 481 2375 amphora
495 2300 686 2383 similesque.
730 2300 917 2366 Billrothius
932 2299 1025 2365 docet
1044 2300 1179 2375 nomine,
1203 2296 1288 2377 quod

137 2397 329 2480 ingenitivo
350 2399 489 2479 positum
512 2405 576 2479 est,
611 2417 681 2464 eam
702 2419 769 2465 rem
793 2417 974 2480 expressam
1002 2416 1086 2477 esse,
1120 2395 1203 2460 unde
1225 2394 1289 2459 atie

137 2496 269 2577 pendeat
285 2501 321 2561 et
341 2502 418 2576 apta
433 2496 484 2577 sit,
499 2494 637 2563 Haasius
652 2498 693 2564 ad
707 2498 883 2580 Reisigium
899 2498 931 2562 id
946 2514 1070 2577 nomen,
1084 2497 1169 2576 quod
1184 2513 1289 2578 gram·

135 2596 247 2662 metica
268 2593 498 2676 significatione
526 2597 652 2661 dicatur
680 2586 807 2679 regens,
843 2597 1022 2662 subiectum
1045 2614 1117 2661 esse
1140 2593 1236 2658 alteri
1256 2593 1289 2657 iu

136 2693 292 2759 nonnullis
315 2693 614 2774 constructionibus
638 2702 671 2759 et
692 2696 731 2761 de
754 2695 967 2761 locutionibus
988 2694 1091 2777 qualis
1111 2699 1161 2758 est
1182 2695 1290 2754 daim

136 2795 232 2862 aaut
254 2791 289 2855 in
311 2807 447 2870 quarum
467 2792 624 2856 nonnullis
641 2795 801 2873 genitivus
821 2794 959 2859 ablativo
980 2793 1156 2875 permutari
1171 2797 1288 2874 potest,

136 2886 208 2955 laec
231 2888 326 2954 dicit:
364 2887 416 2966 „in
438 2891 582 2955 omnibus
611 2892 680 2956 eius
709 2894 837 2973 generis
866 2891 1019 2973 exemplis
1045 2898 1136 2974 patet
1158 2892 1288 2956 coniun-

137 2987 269 3051 ctionem
293 3002 365 3049 cum
387 2987 523 3064 genitivo
547 2989 648 3054 multo
676 2991 829 3056 artiorem
852 3009 938 3070 esse,
968 2992 1105 3070 quaein
1126 2991 1288 3055 notionem

135 3101 280 3166 magnam
308 3085 372 3146 vim
398 3083 532 3166 habeat,
566 3088 706 3169 genitivo
733 3091 816 3154 enim
846 3089 933 3154 notio
964 3089 1111 3154 adjectivi
1140 3086 1290 3152 definitur

134 3186 163 3246 et
182 3180 345 3248 ambobus
374 3182 459 3248 iuter
486 3203 521 3249 se
550 3187 724 3252 coniunctis
747 3206 810 3251 una
833 3188 921 3251 notio
945 3183 1082 3251 efficitur
1108 3205 1190 3267 quae
1218 3205 1290 3267 spe·

134 3280 191 3345 cies
215 3287 270 3345 est
291 3279 456 3345 ulterius.“
500 3283 569 3348 Vox
591 3288 759 3348 dorimini
780 3286 874 3350 modo
903 3285 947 3349 sic
976 3289 1130 3364 usurpate
1152 3290 1218 3361 est,
1254 3286 1292 3347 ut

131 3379 323 3443 attributum
346 3379 377 3442 id
399 3397 513 3445 nomen
536 3399 607 3446 esse
630 3382 805 3464 diceretur,
836 3385 920 3464 quod
943 3384 976 3446 in
998 3384 1138 3465 genitivo
1162 3389 1213 3446 est
1234 3399 1291 3462 po·

133 3476 242 3556 ritum,
273 3474 368 3540 modo
391 3477 452 3553 sic,
478 3484 516 3542 ut
538 3479 675 3544 alterum
698 3499 812 3546 nomen
836 3482 1026 3548 attributum
1051 3481 1213 3546 diceretur
1235 3496 1291 3560 gc·

130 3576 228 3639 nitivi.
267 3573 448 3655 Utrumque
470 3577 503 3640 in
526 3577 660 3658 singulis
682 3581 835 3661 exemplis
857 3598 921 3644 nou
941 3578 1057 3646 falsum
1079 3585 1137 3658 cst,
1161 3578 1218 3644 sed
1239 3576 1291 3641 vel

130 3678 263 3754 propter
286 3670 367 3737 hanc
389 3674 578 3740 varietatem
601 3681 634 3741 et
655 3677 764 3742 multis
788 3679 858 3743 aliis
879 3696 1005 3759 quoque
1031 3679 1070 3743 de
1092 3678 1197 3744 causis
1212 3676 1290 3740 haec

129 3787 189 3834 vox
211 3787 278 3836 non
301 3776 380 3851 apta
402 3777 461 3850 est,
484 3789 567 3852 quae
589 3792 648 3854 pro
669 3774 875 3841 fundamento
897 3778 989 3858 quasi
1012 3778 1112 3841 totius
1135 3794 1213 3841 usus
1234 3793 1290 3856 ge·

128 3868 220 3932 nitiri
241 3867 362 3933 habere
384 3870 495 3950 possit
539 3873 732 3954 Discrimen‚
763 3875 849 3955 quod
870 3877 1064 3941 recentiores
1091 3872 1291 3955 grammatici

128 3964 252 4031 mount
276 3966 361 4032 inter
375 3968 531 4033 rationem
546 3970 678 4051 genitivi
691 3973 913 4038 attributivam
935 3981 967 4038 et
983 3970 1181 4051 obiectivam,
1205 3971 1290 4052 quod

128 4062 266 4130 fortasse
287 4067 468 4132 necessario
491 4084 688 4149 consequens
711 4076 761 4136 est
784 4090 823 4137 ex
846 4078 916 4137 tota
938 4090 1049 4136 eorum
1069 4069 1236 4150 disciplina
1258 4074 1291 4135 et

130 4162 358 4241 grammaticae
379 4163 605 4247 descriptione,
629 4172 663 4232 et
680 4168 825 4250 inprimis
847 4170 887 4235 Κ.
910 4170 945 4234 F.
964 4169 1103 4236 Beckeri
1123 4169 1304 4258 sententia„

133 4276 228 4325 usum
248 4261 474 4328 attributivum
497 4265 629 4345 genitivi
651 4285 690 4332 ex
713 4267 871 4333 obiectiva
892 4267 987 4333 huius
1010 4285 1105 4334 casus
1133 4263 1290 4348 significa·
