3125 5075
396 331 420 369 ἵ.
446 332 615 370 nubilositas
631 331 804 372 [annullatus
819 333 856 369 ET
872 332 1044 371 ucusltntln.
1232 342 1292 397 411

138 502 277 568 Vahlen.
303 502 429 569 Terent
459 504 558 569 Andr.
584 501 609 584 I,
636 510 662 584 l,
690 509 745 571 28:
780 508 865 582 Quod
888 507 1025 582 plerique
1051 524 1148 569 omues
1181 506 1296 569 faciunt

138 603 378 676 mutemutuli,
414 602 455 665 ad
477 618 507 681 q.
529 601 550 666 l.
573 621 602 667 v.
625 600 825 668 Westerhov.
868 601 933 667 Pcr
957 600 1175 684 pleonasmum
1203 620 1294 685 pron.

139 701 242 764 Μὴ
261 697 391 764 additur
412 705 488 762 tobes
507 699 612 766 Plaut.
634 698 747 782 fragm.
770 718 803 781 p.
817 704 891 780 484,
913 717 942 765 v.
965 704 1000 766 2:
1022 703 1191 780 ngaunuit
1212 703 1294 764 odio·

138 817 192 862 sus
212 797 298 859 onai
317 802 396 858 aaa
415 796 557 860 familiae.

225 899 281 960 43.
325 897 418 958 nouo
438 893 609 976 aliquoties
635 914 694 976 pro
721 900 816 960 omnis
841 900 1031 979 usurpatur,
1063 895 1124 961 vid
1153 894 1295 961 tionem.

136 991 179 1059 sd
200 991 311 1057 Plaut
333 990 401 1056 Mil
424 990 467 1069 ΙΙ,
492 997 520 1073 2,
545 998 600 1058 59:
631 998 707 1070 Quoi
734 998 797 1058 bini
818 997 957 1060 custodes
980 1013 1098 1072 semper
1126 995 1193 1056 totis
1214 996 1295 1056 horis

136 1093 298 1156 occubans.
342 1088 436 1154 Pron.
458 1094 538 1153 solio
560 1090 789 1173 significatione
811 1092 970 1157 interdum
998 1095 1166 1172 cognatum
1195 1095 1246 1156 est
1267 1107 1295 1155 v.

135 1207 232 1259 uso,
266 1204 341 1252 cum
367 1204 430 1267 qno
459 1187 662 1254 coniunctum
692 1190 811 1271 legitur
836 1189 965 1255 Terent
991 1189 1106 1254 Heaut
1132 1187 1157 1268 Ι,
1187 1193 1214 1269 1,
1238 1193 1295 1252 77:

136 1291 229 1363 Hem,
261 1293 309 1348 tot
336 1303 403 1348 mea
424 1283 523 1348 80an
545 1291 668 1350 solliciti
689 1292 749 1352 sint
771 1308 875 1364 causa,
902 1296 934 1349 ut
956 1306 1002 1349 me
1023 1308 1116 1349 anam
1137 1287 1297 1365 expleant?

140 1381 457 1450 comemomndum
486 1388 537 1448 est
557 1390 725 1465 practerea
754 1389 834 1449 solus
855 1384 1016 1451 interdum
1044 1384 1191 1466 coniungi
1224 1403 1295 1450 cum

145 1479 338 1564 superlativo
364 1486 421 1547 aut
442 1482 540 1547 verbo
565 1482 627 1546 vim
651 1483 839 1564 superlativi
859 1482 1011 1562 habente,
1041 1487 1078 1547 ut
1098 1481 1200 1547 Plaut
1224 1480 1295 1548 Aul.

142 1579 196 1660 tu,
215 1583 248 1658 8,
272 1584 308 1643 2:
336 1583 415 1642 Picis
438 1582 549 1642 divinis
564 1614 606 1625 —
620 1584 685 1659 Ego
706 1583 787 1644 solas
808 1601 925 1658 supero,
949 1580 988 1646 de
1011 1597 1075 1661 qua
1095 1599 1131 1645 re
1150 1599 1178 1643 v.
1194 1578 1295 1646 Goell.

141 1677 180 1744 ad
201 1677 301 1744 Troo.
324 1676 379 1755 lv,
404 1682 434 1756 2,
459 1682 498 1742 15
521 1679 620 1752 (Solos
642 1698 784 1742 summam
806 1682 898 1741 habet
919 1682 968 1742 hic
990 1680 1069 1756 apud
1091 1678 1177 1755 nos):
1213 1678 1296 1759 „An-

140 1774 327 1854 uotuudum,
351 1775 538 1840 vocabulum
560 1780 707 1847 soleant
729 1777 813 1857 apud
830 1776 970 1842 Graecos
992 1772 1041 1847 als.
1064 1776 1149 1857 apud
1164 1776 1296 1841 Latinos

136 1893 216 1939 snas
237 1875 405 1955 augendae
426 1874 456 1939 vi
469 1872 658 1955 superlativi
671 1873 834 1951 inservire,
855 1874 960 1940 solere
981 1874 1077 1939 etiam
1097 1874 1171 1939 addi
1192 1873 1297 1940 verbis

137 1972 327 2055 superlauvi
349 1972 411 2036 vim
433 1970 634 2048 habentibus,
656 1978 692 2035 ut
715 1972 780 2035 Mil.
805 1971 848 2052 ΙΙ,
871 1980 901 2052 4,
926 1978 960 2039 3:
989 1975 1061 2033 mihi
1082 1975 1194 2035 solocst
1216 1975 1295 2050 quod

137 2071 276 2148 superfit,
300 2067 391 2136 euro.
412 2069 456 2150 ΙΙ,
481 2076 508 2148 1,
531 2074 585 2134 33:
610 2071 684 2145 Vah,
706 2072 786 2132 solus
807 2074 857 2133 hio
879 2074 997 2132 bomost
1018 2073 1068 2147 qui
1091 2075 1168 2133 sciat
1190 2073 1294 2133 divini·

135 2179 195 2245 tus,
215 2166 307 2233 Pers.
319 2166 357 2247 V,
381 2172 412 2239 2,
433 2172 469 2232 2:
493 2156 580 2230 Solos
602 2187 657 2246 ego
679 2171 814 2232 omuibus
837 2171 957 2231 antideo
979 2167 1079 2244 faede,
1101 2172 1295 2231 miserrumus

142 2270 295 2331 hommum
315 2274 350 2327 ut
370 2266 499 2329 vivam.“
571 2327 573 2331 .

228 2362 329 2441 Quasi
361 2364 559 2446 praeteriens
595 2380 806 2428 commemoro
842 2362 1062 2428 diminutivum
1099 2365 1296 2441 conplusculi,

138 2461 225 2545 quod
253 2459 372 2544 legium
393 2461 495 2526 Plout.
519 2461 601 2525 Rud.
625 2461 650 2542 l,
675 2467 703 2541 2,
726 2466 768 2526 43
799 2465 832 2525 et
854 2460 982 2526 Terent
1005 2461 1082 2527 Heo.
1104 2461 1131 2541 Ι,
1159 2465 1188 2542 2,
1220 2465 1294 2526 102:

139 2566 255 2640 primos
283 2563 347 2624 dies
373 2563 581 2637 complasmatus
603 2564 684 2623 Bene
708 2563 904 2624 conveniebat
926 2579 997 2622 saue
1020 2564 1100 2623 inter
1122 2581 1186 2623 uos.

228 2665 281 2724 44.
325 2658 471 2737 Denique
494 2659 766 2724 commemoranda
789 2662 863 2725 sunt
890 2657 1076 2736 pronomina
1098 2657 1296 2723 demonstra-

143 2757 211 2821 n’va
231 2757 422 2837 quantitatis
444 2761 476 2820 et
499 2755 663 2837 qualitatis
686 2765 727 2819 tot
748 2763 848 2819 tantm
867 2757 946 2824 totis,
968 2756 1083 2836 quibus
1102 2754 1297 2836 respondent

141 2853 263 2921 formae
286 2854 441 2920 relativae
464 2854 593 2920 eaedem
623 2860 656 2920 et
677 2854 927 2934 interrogativae
947 2860 1018 2929 quot
1037 2860 1167 2930 quantus
1188 2856 1295 2929 quom.

141 2953 273 3019 Terent
296 2952 422 3016 Phorm.
445 2950 487 3031 H,
510 2958 540 3032 4,
568 2960 619 3017 14:
641 2957 719 3033 Quot
741 2957 875 3015 homines
905 2957 946 3013 tot
973 2956 1148 3015 sententiae.
1192 2950 1295 3015 Plaut.

140 3052 238 3117 Poem
255 3049 294 3129 V,
318 3055 347 3129 3,
369 3055 426 3116 48:
447 3054 583 3129 Quantos
605 3071 621 3113 e
643 3053 798 3128 conontiis
819 3054 878 3111 ism
902 3059 972 3112 sunt
992 3051 1108 3112 tuomet
1152 3048 1237 3114 Triu
1253 3047 1296 3128 ll,

141 3158 173 3230 4,
198 3155 274 3215 129:
299 3151 408 3211 Tribus
431 3151 522 3210 tontis
542 3153 593 3212 ille
616 3154 711 3212 minus
734 3151 813 3212 redit
835 3167 921 3225 quam
945 3151 1106 3224 opseveris.
1150 3145 1297 3212 Illustrat

143 3249 205 3316 boc
228 3246 382 3328 loquendi
403 3264 503 3327 genus
526 3247 638 3312 Douza
659 3246 706 3312 Pl.
731 3247 813 3327 expl.
836 3245 891 3322 IV,
914 3250 954 3310 23
978 3244 1126 3326 apposito
1148 3243 1296 3310 Bacchid.

142 3346 332 3426 loooIV,9,
351 3349 428 3408 111:
457 3345 593 3407 Sescenta
615 3352 699 3407 tauto
722 3349 854 3422 reddam,
879 3347 904 3407 si
926 3346 1001 3417 vivo,
1031 3346 1095 3404 tibi
1138 3341 1297 3406 Neutrum

142 3453 258 3511 mnam
281 3441 447 3509 collective
461 3442 654 3508 substantivi
668 3444 738 3509 vioe
752 3443 898 3524 iungitur
918 3445 952 3506 et
971 3441 1135 3521 complura
1154 3440 1298 3506 eiusdem

142 3543 271 3626 generis
292 3542 325 3607 in
349 3557 443 3606 unam
462 3539 623 3605 notionem
652 3541 881 3623 complectitur.
926 3540 979 3606 Sic
1005 3538 1102 3603 Poen
1124 3537 1238 3619 111,a,
1261 3543 1295 3604 5:

143 3645 193 3707 scd
207 3643 282 3720 quid
297 3643 355 3703 huc
369 3644 485 3700 anam
500 3641 650 3702 nemimem
663 3643 825 3703 incedunt?
858 3637 952 3720 Epio.
965 3636 1024 3716 III,
1046 3642 1077 3716 4,
1100 3639 1156 3701 81:
1180 3640 1296 3701 etiamsi

142 3745 270 3805 Quor
292 3741 423 3803 Tantum
447 3740 670 3815 perdundumst.
713 3738 901 3805 Derivatum
923 3745 974 3801 est
995 3736 1186 3806 tontumdern,
1213 3735 1298 3816 quod

144 3837 261 3923 legitur
282 3836 378 3903 Poen.
402 3834 460 3915 111,
484 3840 513 3913 3,
538 3839 597 3901 20:
632 3839 713 3900 Malo
741 3837 919 3900 benefacere
944 3834 1154 3897 tommdemst
1179 3838 1297 3911 pericu·

142 3941 216 4018 lum,
243 3940 396 4017 Quantum
416 3943 493 4002 bono
516 3937 710 4012 malefacere,
738 3934 779 3998 ad
803 3951 832 4014 q.
853 3933 873 3997 l.
897 3932 1051 3997 Gronov:
1084 3933 1298 4002 „Tantundem

141 4034 225 4103 idem
248 4035 364 4117 ipsum,
386 4035 569 4111 similitudo,
591 4031 695 4115 figura
717 4032 859 4098 eiusdem
882 4029 939 4108 rei,
961 4029 1002 4094 de
1017 4046 1083 4109 qua
1098 4029 1214 4111 agitur.
1247 4028 1298 4094 lta

143 4130 262 4216 Papius
284 4135 317 4198 iu
339 4133 484 4216 glossis.⁸‘
528 4132 591 4197 Pro
613 4137 655 4193 tot
678 4130 806 4196 videtur
829 4135 928 4191 midas
949 4128 1089 4209 positum
1111 4145 1183 4193 esse
1204 4126 1298 4209 Epid

145 4228 201 4309 III,
223 4238 254 4311 4,
278 4235 334 4296 80:
367 4236 468 4310 quiin
491 4233 718 4308 antapositus
742 4248 805 4293 sum
829 4227 1003 4292 sententiis?
1046 4228 1130 4290 Totis
1156 4243 1299 4292 nonnun-

145 4344 237 4409 quam
267 4327 496 4411 significatione
523 4348 585 4395 non
614 4326 748 4393 multum
781 4323 889 4392 differt
922 4329 1069 4388 atoribis
1105 4323 1225 4398 (Bromi
1257 4324 1300 4389 ad
