3125 5075
284 353 348 422 m
566 343 630 387 cal’.
644 342 690 390 XV·
721 341 873 390 ΜῦῑἪΙΑ
899 341 1149 391 mmmm.

284 537 414 614 opeegui
436 535 538 611 potins
559 551 616 610 pur
637 533 687 598 eit
731 549 760 596 v.
785 533 847 602 806
871 546 957 611 epp:
982 534 1040 607 Qui
1061 533 1235 600 humerum
1257 536 1360 604 enimn
1381 534 1446 598 iude

284 636 324 699 ab
349 635 466 698 ineunti
496 637 597 700 estate
624 631 780 707 depugnat
806 649 874 704 suo.
910 633 1021 698 Utrum
1054 633 1135 694 iissre
1167 649 1236 700 esse
1267 632 1392 703 mavelit
1417 637 1446 692 rt

285 750 351 794 enm
375 732 491 792 animus
515 746 642 805 aequom
665 736 798 805 censeat,
820 727 873 787 An
895 730 939 791 ita
960 731 1061 804 potius
1082 731 1159 801 cett
1183 726 1279 794 Trut.
1301 727 1331 806 L
1351 731 1444 810 1,13;

283 832 403 902 Tentat,
427 824 613 904 benignusne
634 842 676 888 aa
701 826 798 887 bonae
820 825 899 904 frugi
927 828 996 889 sies.
1040 824 1144 894 Plaut
1166 823 1284 908 fragne
1308 825 1442 891 Gronov.

284 945 315 1009 p.
338 928 416 1003 485,
444 941 473 988 v.
498 926 553 989 21:
587 921 714 985 Sacram
745 939 787 988 aa
813 924 981 999 presumit
1015 925 1144 1004 babere,
1176 929 1264 1002 parvi
1297 927 1441 1003 penditur.

285 1023 412 1090 Terent.
441 1018 537 1086 Andr.
567 1017 648 1099 prol.
678 1037 708 1083 v.
736 1022 794 1084 27:
829 1024 873 1085 Ut
907 1025 1097 1097 pernoscatis
1123 1055 1168 1068 -
1193 1024 1377 1098 specim
1408 1039 1442 1083 ua

284 1120 530 1197 apisceretur
550 1118 636 1184 uobis
657 1120 751 1193 prius.
797 1116 863 1193 III.
887 1122 922 1197 Β,
947 1122 981 1184 22
1007 1120 1038 1186 it
1068 1122 1132 1182 vlso
1160 1128 1214 1192 tna
1236 1137 1280 1188 ua
1301 1123 1351 1190 illl
1370 1121 1440 1183 inat·

285 1222 380 1282 uiant.
425 1215 463 1293 V,
487 1219 522 1293 4,
550 1219 603 1282 la:
634 1218 711 1280 liam
738 1232 793 1291 ego
822 1234 899 1292 quas
921 1218 990 1280 dico
1015 1234 1091 1279 veru
1114 1235 1156 1277 na
1185 1219 1269 1290 sulse
1290 1220 1438 1291 audierim,

284 1319 344 1380 tam
367 1316 439 1378 sciri
462 1322 572 1389 potest
601 1311 718 1386 Haut
742 1309 800 1390 111,
826 1317 854 1390 1,
878 1316 1055 1390 remoque
1078 1316 1260 1391 superstit,
1285 1331 1440 1389 prauum

283 1431 328 1479 ua
357 1416 470 1478 rectum
498 1414 564 1472 siet.
609 1407 870 1488 Phorm.11,4‚
894 1414 928 1473 5:
962 1413 1024 1474 sice
1052 1414 1215 1477 redieritne
1242 1415 1306 1484 ism
1329 1430 1372 1472 ua
1391 1430 1439 1472 ses

286 1513 364 1578 eum.
410 1508 489 1578 Her.
511 1506 572 1585 111,
597 1512 634 1583 ὃ,
658 1510 699 1571 58
721 1522 786 1586 etp:
815 1507 974 1570 Deliberat
1000 1513 1215 1586 renuntietque
1247 1512 1342 1576 bediu
1368 1511 1436 1580 uiti

285 1609 467 1672 velitrensi
487 1625 556 1676 oon.
601 1604 735 1686 Adelph.
757 1604 838 1685 prol.
865 1622 895 1669 u.
919 1610 952 1670 5:
978 1607 1095 1670 Indicio
1125 1608 1162 1670 da
1189 1626 1258 1670 sese
1288 1611 1358 1684 ipse
1380 1611 1436 1681 erit

284 1726 337 1770 rue
361 1707 477 1770 iudices
498 1706 623 1767 Meam
644 1722 685 1764 un
703 1705 777 1765 citio
799 1706 869 1766 duci
889 1705 921 1764 io
943 1702 1054 1772 laetum
1077 1714 1229 1782 oporteat
1275 1703 1318 1769 cf.
1342 1722 1373 1768 r.
1395 1709 1436 1772 13:

285 1806 459 1882 pernoscite
482 1805 643 1864 Furtumne
665 1801 776 1864 iactum
800 1804 987 1866 existumetis
1009 1821 1052 1865 uss
1071 1805 1167 1867 locum
1193 1805 1394 1879 Bepreusum.

372 1901 402 1965 i.
445 1900 484 1965 In
505 1898 555 1963 bis
578 1898 725 1963 omnibus
746 1898 932 1966 bimembris
959 1905 1010 1966 est
1037 1899 1197 1966 sententia
1223 1915 1283 1980 per
1315 1919 1359 1962 us
1384 1898 1436 1964 dis

285 1999 403 2068 iuncta
448 1996 525 2075 Sed,
549 1995 585 2060 nt
606 1993 644 2062 fit
664 1997 697 2062 lu
718 1996 832 2076 quevis
854 1996 1083 2077 disiunctione,
1111 1996 1217 2066 altera
1238 2014 1318 2079 pars
1341 2000 1437 2079 potest

285 2095 497 2179 oppositionis
530 2094 561 2158 vi
594 2093 734 2172 intendi,
769 2098 807 2157 ut
838 2092 918 2160 haec
949 2111 1013 2159 unu
1039 2095 1176 2163 manime
1208 2094 1436 2171 consideretur,

286 2194 392 2262 ultera
419 2211 477 2274 per
505 2192 588 2260 hunc
614 2191 876 2272 inaequalitatem
905 2192 1053 2274 neglecta
1084 2194 1264 2262 omittetur.
1321 2192 1437 2262 Omissa

285 2291 387 2375 igitur
407 2291 513 2360 altere
539 2290 595 2358 iiis
624 2297 717 2371 parte
743 2306 806 2352 una
835 2290 965 2369 ponitur
993 2290 1151 2371 particula
1177 2309 1232 2368 aa,
1269 2307 1388 2371 qnam,
1415 2289 1436 2354 si

286 2390 521 2473 oppositionem
536 2395 638 2467 tenes,
660 2405 720 2469 pro
741 2407 782 2448 un
801 2390 910 2466 potas,
933 2407 975 2450 un
992 2391 1099 2468 mgis,
1121 2408 1163 2454 aa
1176 2396 1286 2455 consu
1300 2390 1436 2469 accipere

287 2492 389 2571 putea.
432 2487 484 2554 lta
506 2488 666 2554 exsistunt
686 2483 844 2553 termulae
863 2488 1009 2553 incertum
1030 2506 1080 2559 crs
1101 2490 1205 2556 dubito
1220 2508 1271 2560 aa
1293 2491 1438 2552 mdes·

287 2586 445 2667 abusque,
469 2587 500 2651 in
523 2585 639 2665 quibos
662 2584 847 2651 bimembris
868 2585 1039 2657 disiunctio
1062 2586 1227 2653 recondita
1250 2605 1316 2653 non
1340 2584 1437 2655 verbis

288 2685 488 2767 exprimitur,
513 2690 620 2750 tamen
641 2681 843 2763 intelligitur.
894 2684 1001 2760 Quare
1023 2684 1219 2763 antiquiores
1243 2682 1436 2766 grammatici

287 2785 321 2849 in
344 2782 526 2862 praeceptis
548 2781 723 2847 docuerunt
747 2799 788 2842 aa
811 2799 937 2862 semper
958 2782 999 2847 de
1021 2782 1165 2862 pluribus
1185 2781 1237 2849 uel
1253 2781 1295 2848 de
1320 2782 1436 2849 ombus

288 2880 385 2947 rebus
408 2878 483 2943 dici:
508 2883 541 2942 et
563 2883 653 2943 recte
674 2879 812 2958 quidem.
857 2879 916 2945 Est
938 2881 1021 2945 enim
1043 2879 1212 2945 disiunctio
1235 2897 1297 2960 per
1320 2878 1436 2960 ellipsin

287 2980 460 3045 eontracta
486 2992 588 3054 neque
608 2994 649 3036 sn
671 2975 701 3039 id
725 2981 850 3043 tantum
872 2975 1041 3057 significat,
1065 2977 1120 3043 sed
1135 2976 1235 3042 hebet
1256 2985 1317 3045 ant
1341 2977 1437 3059 regm-

287 3074 344 3151 rit‚
372 3073 423 3139 cui
454 3079 635 3152 opponatur
656 3074 770 3153 ipsun.
812 3073 879 3154 (Sic
902 3074 1046 3144 Handiue
1068 3094 1097 3155 p.
1122 3080 1182 3141 304
1205 3083 1277 3155 esp).
1325 3076 1436 3142 Eadem

286 3176 338 3237 est
358 3188 456 3238 causa
476 3171 509 3237 iu
532 3171 631 3235 verbo
653 3173 730 3234 scire
752 3176 786 3239 et
806 3173 839 3237 in
860 3171 941 3246 eliis,
964 3171 1079 3252 quibus
1094 3171 1223 3239 additur
1238 3191 1280 3237 sci
1301 3173 1436 3254 simplex.

287 3267 367 3335 (into
390 3287 439 3349 ap.
464 3268 543 3333 Plin.
571 3267 645 3332 hist.
673 3275 738 3333 nat.
766 3269 853 3348 XIV,
879 3274 917 3335 13
946 3268 1048 3345 (Lino.
1077 3273 1127 3334 88.
1150 3269 1279 3336 lendan.
1310 3290 1343 3352 p.
1373 3268 1435 3348 86):

286 3370 358 3431 Ideo
380 3371 564 3444 propinquos
591 3367 710 3433 feminis
738 3372 870 3437 osculum
899 3369 988 3438 (lare,
1022 3376 1056 3439 ut
1082 3370 1203 3446 scireest,
1231 3387 1273 3430 cn
1301 3380 1435 3431 temetum

286 3470 411 3530 olerent.
456 3463 560 3528 Plani.
589 3461 682 3528 Cure.
712 3463 777 3543 111,
810 3466 868 3530 26:
902 3466 973 3540 quid
997 3466 1026 3524 id
1056 3466 1154 3532 refert
1181 3485 1266 3542 meu,
1300 3469 1357 3531 Aa
1377 3469 1436 3533 auls

287 3580 484 3640 nemeaeum
507 3565 607 3623 cinere
631 3563 767 3625 anfossus
791 3563 870 3624 siet?
915 3559 1011 3626 Mero.
1035 3561 1065 3639 1,
1090 3568 1118 3637 2,
1135 3568 1193 3626 34:
1222 3566 1281 3625 Dic
1298 3567 1382 3635 miti,
1401 3578 1435 3624 α

285 3662 356 3723 boui
378 3660 449 3736 quit
470 3669 636 3736 usquamst,
659 3661 739 3736 quod
761 3662 913 3736 quiequam
942 3663 985 3721 nti
1008 3664 1122 3737 possiet
1144 3663 1215 3725 Sine
1245 3667 1327 3726 malo
1354 3664 1433 3725 euni.

285 3755 380 3822 Most.
404 3756 431 3829 Ι,
452 3763 478 3834 1,
494 3762 550 3820 55:
575 3759 631 3831 Qui
652 3761 719 3833 scie,
741 3759 858 3818 esttibi
880 3760 958 3819 istuc
980 3762 1064 3833 priua
1085 3761 1206 3826 eueniat
1228 3777 1320 3835 qnam
1343 3756 1434 3831 mitit,

284 3854 317 3920 h.
340 3873 369 3919 a
393 3854 451 3918 tibi
475 3855 590 3935 potine.
636 3853 733 3919 Poen·
757 3852 824 3932 ΙΙΙ,
850 3860 876 3931 1,
900 3860 956 3921 54:
986 3859 1070 3921 itane
1093 3862 1223 3932 temptas
1253 3854 1316 3931 (sic
1338 3852 1433 3934 Δθν),

284 3970 327 4016 eet
355 3949 504 4015 sciamus?
548 3951 635 4019 Trio.
665 3950 723 4023 lv,
745 3956 780 4028 2,
808 3957 884 4015 150:
919 3955 957 4013 Di
989 3971 1035 4013 me
1066 3956 1196 4028 perdent
1229 3956 1256 4014 si
1288 3962 1320 4014 te
1356 3952 1433 4014 flocci

284 4051 365 4114 tanin
391 4069 433 4112 un
461 4053 606 4126 periisses
636 4053 738 4127 prins,
771 4046 826 4113 ubi
858 4048 964 4115 Lirim:
997 4048 1105 4115 Verba
1135 4069 1178 4113 aa
1206 4053 1354 4125 patim
1384 4063 1434 4129 ptr

283 4145 458 4227 Ιπεξῆγησιν
480 4145 669 4212 adduntur.“
703 4146 833 4211 Terent.
846 4145 927 4211 Eun.
940 4145 996 4225 IV,
1009 4153 1038 4216 7,
1061 4150 1120 4210 20:
1143 4151 1201 4223 Qui
1222 4150 1283 4215 mie
1302 4166 1347 4216 aa
1366 4163 1433 4224 gnae

282 4247 400 4311 iubeam
424 4248 490 4309 sius
512 4248 542 4307 ui
567 4244 697 4322 iactati,
724 4261 819 4324 quem
848 4241 951 4311 iocum
974 4244 1126 4324 explicuit
1148 4243 1294 4313 timolus
1317 4262 1347 4325 p
1370 4245 1431 4310 tot.

279 4340 533 4420 Hecatae:
557 4344 756 4418 Quiacieua
781 4343 1184 4414 ummo-meodian
1207 4342 1432 4415 tidmulttttil
