3125 5075
208 341 268 403 190
647 330 801 371 SUBSTANT.
822 331 885 372 CAP.
901 332 943 374 ill.

207 506 302 571 etiam
325 510 409 583 tum,
432 521 503 569 cum
526 502 604 569 haec
627 504 725 569 verba
747 505 894 584 sequitur
910 503 1090 569 enuntiatio
1106 520 1126 567 a
1140 503 1357 571 coniunctione

204 606 282 679 quod
295 602 449 683 iucipiens
468 604 556 674 (cum
570 619 633 681 quo
648 620 710 665 non
734 600 991 667 confundendum
1010 610 1061 667 est
1075 600 1135 666 hoc
1150 603 1231 677 qaod
1251 618 1313 682 per
1327 619 1357 667 sc

206 702 307 766 solum
340 704 534 779 spectatum,
566 698 665 778 quod,
694 705 730 763 ut
760 698 856 779 paulo
887 704 961 763 ante
988 702 1274 764 commemoratum
1303 706 1357 776 est

205 798 331 863 omnino
353 796 419 863 tale
441 800 585 876 apparet,
609 796 695 875 quod
717 796 843 861 actione
867 796 995 860 demum
1017 794 1165 861 effectum
1189 796 1267 875 sit),
1291 813 1357 860 cum

205 896 279 960 talis
314 892 494 959 enunciatio
532 911 658 973 semper
684 892 754 958 vice
791 892 945 972 fungatur
975 893 1077 970 vocis,
1115 910 1197 974 quae
1231 909 1357 958 causam

205 999 310 1058 status
330 991 424 1073 primi
447 988 629 1071 significans
661 990 722 1054 iam
747 995 843 1054 autea
875 990 907 1053 iu
929 990 1055 1056 actione
1082 990 1222 1055 extabat.
1270 988 1357 1054 Acti<

204 1089 376 1169 receptiva,
400 1094 436 1152 ut
458 1106 497 1151 ex
514 1088 563 1167 iia,
586 1106 668 1168 quae
691 1087 786 1153 modo
809 1087 955 1166 diximus,
971 1093 1069 1168 patet,
1086 1086 1177 1153 facile
1200 1083 1239 1150 fit
1254 1103 1356 1167 repro

204 1186 347 1265 ductiva,
377 1185 462 1265 quod
486 1185 619 1249 maxime
643 1185 846 1265 perspicuum
876 1186 983 1250 estin
1011 1186 1120 1251 verbis
1150 1183 1261 1265 qualia
1288 1201 1347 1247 sun

203 1287 290 1359 olere,
307 1303 410 1359 sapere
426 1285 477 1361 (ut
492 1287 551 1345 olet
564 1284 743 1361 aogmata),
758 1282 814 1347 ubi
830 1281 987 1347 obiectum
1003 1282 1068 1348 tale
1084 1286 1260 1364 spectatur,
1278 1298 1357 1361 quoe

204 1382 243 1446 ad
264 1381 365 1462 ipsam
380 1380 536 1445 actionem
551 1380 720 1461 pertineat.
741 1378 803 1457 Sic,
825 1387 862 1443 ut
876 1380 939 1444 iam
955 1381 1082 1462 saepius
1104 1379 1253 1455 diximus,
1276 1376 1357 1443 acti·

205 1477 393 1559 productiva
417 1483 449 1541 et
470 1479 633 1558 receptiva
653 1477 738 1542 inter
753 1496 796 1557 pse
819 1483 1042 1558 permutantur
1061 1484 1095 1543 et
1115 1476 1357 1558 permiscentur

291 1575 401 1655 Usque
425 1574 528 1639 adbuc
550 1574 676 1639 obiecta
698 1576 770 1639 data
793 1575 1023 1654 spectavimus,
1051 1574 1081 1639 h.
1106 1593 1133 1639 e.
1156 1573 1250 1651 talia,
1279 1589 1351 1651 qua.

204 1673 268 1738 iam
290 1677 365 1737 ante
388 1672 512 1735 initium
536 1671 670 1736 actionis
697 1672 728 1735 in
757 1672 827 1736 eius
857 1676 973 1737 natura
999 1672 1104 1752 posita
1126 1677 1235 1745 erant,
1265 1678 1301 1733 et
1320 1685 1355 1731 a.

206 1788 288 1850 quae
304 1768 545 1848 complectenda
560 1769 737 1833 subiectum
756 1768 882 1849 cogitur
905 1769 1006 1849 quasi,
1029 1769 1172 1848 quamvis
1188 1768 1263 1848 ipsa
1276 1766 1356 1831 acti

203 1867 336 1943 efficiat,
374 1874 409 1931 ut
438 1866 493 1930 illa
520 1865 645 1929 obiecta
674 1884 694 1929 a
725 1884 759 1930 se
788 1865 955 1945 pendeant.
1003 1865 1148 1932 Alterum
1179 1882 1284 1945 genus
1312 1879 1357 1927 οε

203 1982 327 2042 eorum,
364 1963 417 2027 ubi
447 1981 509 2028 non
540 1981 578 2027 ea
605 1963 710 2043 posita
739 1971 828 2039 sunt,
867 1981 949 2042 quae
982 1963 1045 2027 iam
1077 1963 1110 2026 in
1137 1963 1209 2043 ipsa
1240 1969 1356 2027 natur·

203 2060 336 2125 actionis
359 2061 562 2126 continentur
578 2062 758 2140 quibusque
778 2061 857 2125 baec
873 2068 988 2125 natura
1003 2067 1077 2125 ante
1092 2060 1203 2125 oculos
1219 2060 1357 2139 ponitu]

203 2157 260 2222 sed
283 2157 336 2222 ubi
360 2158 484 2223 obiecto
507 2158 633 2221 denium
657 2164 772 2221 natura
795 2158 864 2222 eius
888 2156 1072 2238 explicetur.
1096 2156 1134 2221 In
1156 2156 1218 2221 hoc
1240 2173 1357 2237 gener:

202 2255 381 2321 subiectum
404 2255 553 2333 uoniam,
577 2261 613 2318 ut
634 2261 738 2325 autea,
761 2255 908 2336 exiguam
924 2255 1120 2319 obiectorum
1137 2253 1357 2335 eligendoru1

201 2352 300 2417 babet
321 2356 532 2433 potestatem,
571 2352 626 2416 sed
651 2352 844 2416 liberrimam
867 2353 952 2415 inter
972 2369 1082 2416 omnes
1104 2370 1170 2430 res,
1200 2369 1286 2431 quae
1309 2366 1357 2416 erl

201 2455 289 2528 tant;
312 2450 470 2515 actionem
491 2466 580 2515 suam
606 2456 792 2515 convertere
822 2454 931 2530 potest
952 2466 1141 2529 quocunque
1163 2448 1249 2528 vult,
1279 2450 1357 2514 inte

206 2548 331 2613 obiecta
350 2546 526 2628 praedicati
549 2547 692 2626 recipere
714 2547 766 2612 vel
790 2566 829 2611 er
851 2547 1036 2628 praedicato
1058 2548 1236 2628 producere
1252 2554 1357 2627 poree

203 2663 425 2725 quemcunque
447 2651 480 2709 et
495 2645 706 2725 quodcunque
730 2645 807 2709 vult.
836 2646 981 2726 Apparet
1003 2645 1036 2708 in
1058 2643 1119 2710 hoc
1140 2662 1261 2724 genere
1285 2643 1357 2710 sul)

200 2742 318 2807 iectum
346 2742 503 2807 actionem
537 2759 627 2805 suam
655 2742 813 2822 explicare
843 2743 1015 2807 liberrime.
1061 2743 1108 2807 Ac
1129 2739 1232 2805 videri
1257 2737 1357 2821 possi

201 2838 261 2903 hoc
290 2845 392 2903 totum
421 2838 591 2903 discrimen
621 2840 705 2904 inter
735 2840 895 2906 obiectum
920 2838 1029 2902 datum
1058 2845 1092 2903 et
1113 2837 1192 2916 tale,
1231 2838 1357 2917 quod.-

205 2935 348 3000 subiecto
376 2936 548 3001 secundum
573 2937 739 3003 arbitrium
763 2956 855 3002 suum
879 2936 1034 3018 ebgatur,
1057 2935 1207 3000 subtilius
1230 2937 1357 3017 excogi

204 3039 308 3097 tatum
333 3050 403 3097 esse
427 3051 519 3113 quam
543 3036 660 3114 verina,
682 3052 778 3113 posse
801 3035 884 3098 enim
907 3035 939 3098 in
962 3034 1068 3114 priore
1092 3049 1210 3113 genere
1226 3050 1357 3098 accusa

200 3129 299 3194 tivum
322 3129 382 3194 loci
405 3131 459 3209 qui
481 3131 603 3210 petitur
623 3135 770 3209 (amm,
794 3136 827 3193 in
846 3134 983 3207 Italiam)
1006 3130 1057 3195 vel
1080 3131 1111 3193 in
1135 3129 1240 3193 altero
1267 3147 1356 3194 acca

204 3227 357 3308 sativum,
394 3230 449 3307 qui
477 3229 652 3308 respondet
678 3230 719 3294 ad
748 3229 1031 3310 interrogationem
1058 3227 1222 3303 quotenos?
1262 3227 1357 3306 (leni

200 3327 240 3386 ad
267 3328 484 3405 severitatem),
519 3327 589 3390 uou‘
607 3327 711 3391 minus
743 3327 902 3392 obiectum
930 3325 1115 3409 asubiecto
1149 3341 1188 3386 ex
1221 3323 1357 3389 arbitri·

202 3439 260 3486 suo
284 3422 418 3487 electum
447 3440 540 3502 quam
569 3423 679 3488 datum
711 3423 901 3504 significare.
946 3426 992 3487 Ac
1019 3421 1130 3502 negari
1157 3436 1222 3484 non
1250 3427 1356 3500 potes

198 3537 294 3599 posse
318 3537 385 3584 rem
408 3520 454 3583 ita
476 3520 577 3601 accipi
600 3527 634 3584 et
655 3523 872 3586 accusativum
901 3521 977 3598 loci,
1007 3520 1062 3600 qui
1088 3518 1227 3600 petitur,
1257 3523 1356 3582 meta

198 3616 330 3695 phorice
359 3616 400 3679 ad
428 3617 460 3681 id
488 3635 605 3698 genus,
641 3618 726 3698 quod
758 3637 840 3683 nuno
874 3624 1071 3698 spectamus,
1104 3633 1199 3697 posse
1231 3612 1357 3680 referri

198 3713 319 3779 Verum
337 3714 513 3779 enimvero
537 3721 662 3779 nonest
684 3715 946 3794 obliviscendum,
969 3715 1072 3779 locum
1093 3720 1127 3777 et
1143 3717 1285 3792 tempus,
1309 3717 1357 3799 ut·

202 3816 277 3890 pote
301 3828 383 3890 quae
405 3811 469 3876 sint
495 3812 661 3891 generales
684 3811 805 3878 formae
833 3819 866 3878 et
895 3813 1093 3878 conditiones
1123 3809 1266 3875 cuiusvis
1295 3809 1357 3875 exi·

200 3907 350 3988 atentiae,
372 3908 448 3972 item
466 3926 536 3972 eam
554 3928 621 3973 rem
646 3928 728 3990 quae
744 3912 776 3975 in
792 3912 972 3976 accusativo
987 3909 1116 3991 ponitur
1137 3907 1353 3987 respondente

198 4005 238 4070 ad
259 4005 544 4085 interrogationem
567 4009 746 4088 gastandai,
778 4010 926 4087 quoniam
948 4008 1019 4088 ipsa
1041 4005 1165 4070 actione
1193 4003 1260 4068 iam
1284 4023 1351 4070 con·

200 4102 358 4182 tinentur,
393 4121 522 4168 necesse
543 4121 615 4168 esse
638 4121 765 4185 semper
786 4106 984 4170 voluntatem
1007 4101 1143 4169 subiecti
1163 4101 1197 4164 in
1220 4120 1256 4166 se
1281 4100 1351 4166 din'·

199 4217 286 4278 gere,
311 4201 357 4265 ita
372 4205 408 4265 ut
425 4200 499 4265 huic
516 4202 618 4266 solum
635 4203 720 4267 intra
742 4203 830 4283 ipsos
846 4202 924 4268 fines
946 4203 1072 4268 illarum
1089 4222 1197 4269 rerum
1216 4203 1350 4285 eligendi

199 4297 355 4374 quaedam
372 4304 515 4378 potestas
531 4300 732 4365 concedatur.
756 4300 864 4366 Nihilo
880 4305 989 4366 temen
1011 4300 1115 4366 secius
1131 4306 1180 4366 est
1197 4301 1350 4381 quaedam
