3125 5075
584 336 690 377 nauso.
718 337 984 376 inpssunoosmvnn.
1296 345 1359 404 253

201 533 365 588 versantur
387 526 462 590 tibi?
506 524 647 590 Plocium
669 523 708 590 ir.
735 532 788 591 15:
810 529 855 588 Tu
877 546 982 588 nurum
1007 545 1064 588 nou
1088 529 1132 589 vis
1155 527 1288 588 odiosam
1306 528 1360 586 tibi

195 641 279 693 ease,
293 643 382 700 quam
398 633 537 686 rarenter
552 624 675 688 rideas?
691 622 912 705 (interrogatio
927 622 1205 703 reprehensionis).
1229 621 1358 687 Terent.

200 720 302 786 Andr.
326 719 352 791 Ι,
376 725 406 801 2,
429 725 488 786 23;
511 722 599 785 Noui
643 720 700 801 IV,
724 725 758 802 2,
783 726 838 786 27:
868 741 926 784 non
949 725 1024 785 satis
1047 724 1140 785 habea
1162 721 1229 785 -i
1273 726 1303 798 4,
1326 726 1361 785 4;

199 821 269 881 Nou
291 823 363 881 mibi
387 819 574 898 respondes?
618 837 647 881 v,
674 824 727 885 13:
759 839 817 881 uon
846 826 909 881 tuta
942 819 1030 897 ipse?
1073 817 1112 899 V,
1135 824 1170 898 2,
1196 823 1253 883 ll:
1284 822 1361 898 Eho,

198 935 261 979 uon
285 929 317 978 tu
341 919 418 980 dixti
441 936 507 980 esse
531 922 611 978 iuter
633 937 685 979 eos
707 920 891 993 iuimicitias,
915 917 1081 981 aaruufex?
1110 916 1194 982 Eun.
1218 916 1244 996 Ι,
1261 921 1289 992 2,
1307 921 1362 981 72:

200 1017 246 1076 uii
270 1002 456 1093 respondes?
501 1033 529 1078 ι.
553 1019 608 1079 99:
640 1018 705 1093 Ego
728 1036 787 1078 nun
817 1035 855 1077 ex
876 1019 974 1078 animo
998 1019 1109 1078 misera
1131 1015 1222 1079 dieo?
1267 1013 1310 1092 ΙΙ,
1336 1018 1363 1093 1,

205 1117 255 1176 17.
278 1110 343 1184 ΙΙΙ,
369 1118 401 1191 l,
425 1118 479 1180 31:
513 1115 678 1191 Numquam
708 1117 763 1176 tibi
793 1112 876 1176 dixi?
921 1116 955 1192 2,
982 1117 1035 1177 10:
1071 1116 1163 1193 Quid,
1199 1115 1276 1174 buno
1304 1131 1364 1174 nou

197 1211 309 1274 vides?
354 1216 384 1292 5,
405 1216 461 1275 43:
485 1213 549 1285 Ego
574 1213 730 1272 homuncio
754 1214 811 1272 hoe
835 1231 892 1272 non
916 1212 1072 1274 iacerem?
1095 1210 1151 1289 IV,
1174 1216 1204 1290 2,
1224 1214 1276 1274 10:
1301 1208 1363 1272 nil?

201 1327 233 1372 v.
264 1314 319 1373 ii:
342 1329 379 1370 ue
406 1341 441 1352 -
469 1311 596 1385 quidem.
641 1306 749 1387 1V,t,
779 1314 832 1373 12:
856 1312 922 1373 Non
944 1310 1039 1372 vidit?
1067 1328 1097 1374 v.
1115 1314 1166 1376 29.
1190 1313 1241 1373 42.
1266 1314 1294 1386 7,
1312 1310 1360 1371 28.

203 1410 256 1474 29.
282 1405 319 1485 V,
345 1403 423 1486 1,'3.
446 1405 563 1470 Heaut.
588 1405 647 1486 111,
669 1412 699 1486 3,
722 1411 779 1472 22;
802 1410 868 1470 Nun
893 1410 1032 1470 acaedam
1058 1409 1096 1469 ad
1118 1409 1208 1471 iilos?
1253 1424 1282 1468 ι.
1307 1410 1365 1470 27:

203 1507 274 1567 Nun
297 1515 330 1566 tu
354 1508 382 1567 ei
405 1508 507 1567 dixisti
529 1514 561 1566 ut
584 1504 702 1567 essem?
748 1508 789 1584 V,
816 1511 851 1585 l,
875 1510 925 1570 21.
950 1510 999 1570 29.
1022 1510 1079 1571 46:
1105 1509 1172 1569 Non
1200 1514 1233 1567 tu
1261 1513 1290 1565 te
1315 1523 1364 1566 eo·

203 1602 316 1667 nius?
360 1620 391 1665 v.
414 1607 474 1666 ιι.»
489 1607 518 1681 a,
546 1608 592 1688 ιι.
616 1600 743 1667 phorm.
765 1600 792 1682 1,
815 1607 845 1681 2,
868 1607 920 1669 os.
942 1602 984 1674 11,
1001 1608 1030 1682 a,
1047 1608 1097 1669 31.
1122 1608 1152 1684 s,
1176 1609 1227 1670 at.
1243 1607 1295 1666 45.
1313 1605 1363 1665 ιι.

201 1699 274 1778 111,
298 1705 327 1776 2,
350 1706 371 1765 4
392 1700 540 1778 (aqua).
563 1719 591 1764 v.
617 1705 644 1764 ι.
670 1705 698 1778 a,
724 1704 771 1765 ιο.
795 1699 834 1782 v,
860 1705 887 1778 1,
913 1705 951 1765 15
974 1719 1020 1781 sq.
1045 1706 1080 1781 a,
1102 1705 1151 1766 21.
1175 1706 1204 1779 a,
1228 1705 1256 1765 a
1282 1706 1311 1779 o,
1336 1704 1364 1765 a.

210 1801 261 1862 1³.
286 1796 363 1862 liet.
388 1796 431 1878 ll,
459 1804 489 1876 i·,
513 1802 564 1862 39.
587 1796 647 1875 ΙΙΙ,
671 1801 700 1877 2,
725 1801 743 1861 6
767 1816 812 1879 sq.
836 1818 865 1863 v.
889 1803 944 1864 25:
974 1800 1075 1875 Quid?
1103 1820 1161 1863 nun
1184 1802 1285 1864 sciunt
1306 1800 1365 1874 ipsi

206 1902 299 1969 amm,
328 1899 445 1958 domum
473 1915 532 1973 qua
555 1895 697 1959 ueniant?
742 1894 798 1970 IV,
823 1902 858 1975 2,
882 1903 937 1963 27:
969 1901 1035 1961 Non
1063 1905 1127 1961 tuto
1150 1899 1365 1960 incommodam

205 2013 282 2064 rem,
304 2004 337 2056 ut
359 2004 533 2071 quaequast,
557 1997 586 2055 in
610 1997 738 2056 animum
761 1997 885 2058 induces
907 1995 994 2072 pati?
1038 1994 1172 2075 Adelph.
1196 1994 1228 2073 I,
1253 1999 1287 2074 2,
1317 1999 1364 2059 lt.

206 2090 1364 2173 mmmmmammmnmammamaa

206 2192 258 2256 36.
283 2187 322 2268 V,
345 2195 374 2267 2,
398 2192 434 2254 6;
456 2192 522 2251 Non
546 2209 663 2250 manum
686 2193 828 2265 abstines,
852 2190 1013 2267 mastigia?
1035 2194 1066 2260 8,
1094 2194 1140 2254 19.

294 2305 323 2352 e.
369 2286 546 2368 Separatim
571 2287 646 2352 item
671 2286 939 2353 commemorandi
961 2291 1038 2351 sunt
1059 2286 1081 2350 ii
1097 2286 1168 2365 loci,
1192 2285 1247 2351 ubi
1263 2285 1366 2350 intini-

206 2387 294 2452 tirus
315 2385 368 2450 uel
389 2402 494 2451 meus.
518 2404 544 2450 c.
568 2384 621 2449 ini.
644 2386 677 2450 in
692 2386 943 2467 interrogatione
960 2384 1084 2465 positus
1099 2389 1159 2448 est.
1192 2382 1244 2450 Sic
1259 2383 1365 2450 Plaut.

208 2485 297 2551 Asin.
321 2483 347 2563 Ι,
371 2490 401 2565 2,
427 2489 457 2548 l:
485 2484 566 2547 ieras
589 2486 711 2548 aedibus
738 2502 786 2545 me
809 2485 923 2548 eiciet?
968 2481 1061 2548 Cure.
1085 2482 1123 2557 V.
1149 2486 1185 2559 2,
1211 2488 1268 2549 25:
1297 2486 1365 2547 Ser·

207 2604 275 2647 rou
298 2582 484 2659 antestarii,
506 2599 569 2662 quo
591 2582 760 2646 admiratio
778 2600 930 2663 expressa
950 2585 1013 2660 est;
1037 2580 1077 2645 ad
1093 2583 1283 2647 seutentiam
1301 2580 1366 2647 iere

208 2681 295 2747 idem
331 2686 382 2744 est
414 2697 472 2743 ae:
505 2697 618 2745 servus
651 2680 852 2745 antestetur?
897 2679 969 2745 Cas.
1000 2679 1030 2758 I,
1056 2685 1070 2743 l
1097 2697 1158 2760 sq:
1192 2684 1261 2743 Nun
1295 2682 1367 2740 mihi

205 2784 302 2843 lieere
325 2798 418 2841 meam
447 2797 493 2839 me
524 2798 586 2839 rem
616 2783 709 2840 solum
732 2781 893 2855 -Loqui
917 2789 1006 2855 atque
1036 2779 1192 2853 captare?
1236 2776 1366 2842 Terent.

208 2876 308 2943 Andr.
340 2876 378 2956 V,
411 2880 444 2954 2,
479 2880 534 2940 29:
573 2880 701 2938 Tantum
739 2878 872 2957 laborem
907 2895 1015 2953 cupere
1050 2878 1088 2938 ub
1120 2881 1211 2939 talem
1246 2875 1364 2938 filium?

202 2973 335 3039 Phorm.
358 2972 398 3053 V,
420 2978 457 3053 9,
481 2980 536 3037 bit:
564 2975 615 3034 Nil
641 2972 778 3050 pudere?
823 2971 901 3038 Hec.
923 2974 979 3052 IV,
1002 2978 1039 3052 3,
1063 2978 1091 3036 7.
1115 2972 1250 3055 Adelph.
1277 2973 1313 3053 V,
1336 2976 1367 3053 8,

210 3078 268 3138 11:
291 3075 342 3135 blo
358 3074 467 3134 ducere
490 3073 612 3133 autem?

294 3169 316 3234 i.
361 3169 464 3245 Saepe
491 3166 798 3247 interrogationibus
829 3166 959 3232 additur·
989 3168 1149 3248 particula
1177 3188 1294 3248 nempe,
1328 3168 1368 3234 de

204 3284 273 3350 quo
298 3285 362 3333 usu
391 3266 532 3331 Haedina
561 3264 696 3329 Turseli.
725 3264 786 3343 IV,
816 3282 845 3344 p.
878 3269 937 3328 159
960 3282 1028 3345 sqq.
1057 3264 1136 3330 haee
1162 3264 1277 3331 habet:
1311 3267 1369 3345 „in

206 3363 461 3445 interrogatione
482 3382 587 3440 nempe
609 3369 745 3441 occupat
767 3361 903 3426 alterius
917 3359 1161 3428 affirmationem
1178 3364 1229 3428 vel
1244 3382 1283 3428 ex
1300 3364 1369 3429 eius

207 3462 305 3528 dietis
332 3467 518 3542 eouaeptam
550 3459 602 3525 val
625 3477 664 3523 ex
685 3459 756 3541 ipsa
789 3458 836 3523 rei
862 3458 1090 3539 probabilitate
1118 3461 1261 3540 petitam.
1306 3461 1369 3527 Sed

209 3559 377 3640 multiplex
400 3568 451 3624 est
474 3559 639 3623 eonsilium
664 3557 738 3621 tuiis
760 3554 1033 3637 interrogationis.
1057 3556 1139 3621 Nam
1162 3558 1255 3623 modo
1271 3577 1369 3639 quae·

209 3658 313 3722 riuum
334 3656 376 3721 de
398 3675 442 3733 re,
467 3675 561 3738 quam
585 3662 781 3735 compertam
797 3655 951 3720 habemus
973 3674 1010 3720 ac
1026 3656 1156 3737 scimus,
1179 3656 1238 3721 sed
1253 3657 1369 3721 iterum

210 3762 246 3820 et
266 3762 380 3836 aperte
402 3752 621 3819 confirmatam
644 3751 809 3817 uolumus:
832 3753 925 3816 modo
949 3753 1102 3820 mirantes
1125 3755 1308 3836 quaerimus
1329 3752 1369 3817 de

205 3853 350 3917 veritate
372 3853 432 3923 rei,
463 3869 545 3931 quae
569 3849 764 3916 incredibilis
788 3850 889 3916 videri
911 3855 1020 3930 potest
1043 3852 1108 3929 tubi
1131 3851 1284 3917 Germani
1306 3849 1369 3927 tiss

211 3950 292 4013 brun
317 3948 444 4021 mirtiidr
468 3948 554 4030 iot),
584 3950 677 4012 modo
701 3948 931 4012 dubitationem
955 3965 1079 4013 omnem
1102 3949 1260 4015 removeri
1283 3951 1370 4028 cupi·

209 4066 283 4114 mus
306 4049 402 4112 etiam
426 4049 456 4111 in
480 4065 515 4111 re
538 4065 599 4110 non
624 4046 792 4110 admodum
816 4046 929 4124 dubia,
953 4046 1007 4109 ubi
1029 4048 1090 4111 dici
1113 4047 1214 4112 solet:
1244 4048 1369 4111 nonne?

209 4151 303 4211 estne
324 4146 392 4211 ita?
435 4145 473 4210 ln
494 4144 544 4208 his
567 4146 723 4208 duntaxat
744 4143 889 4208 adhiberi
913 4149 1021 4221 potest
1043 4145 1257 4224 germanicum
1282 4143 1368 4223 bod)

209 4244 323 4325 toobl.
352 4244 424 4309 Non
447 4242 607 4308 diversum
630 4250 680 4306 est
702 4259 805 4322 genus
828 4241 1090 4322 interrogationis
1113 4241 1202 4320 illud,
1227 4260 1289 4321 quo
1305 4241 1368 4305 eol·

209 4341 410 4425 loquentium
432 4342 516 4407 alter
537 4340 583 4419 id,
613 4336 699 4418 quod
725 4340 788 4402 iam
812 4345 998 4419 perceptum
1022 4351 1086 4409 est,
1118 4347 1154 4404 ut
1184 4339 1366 4405 distinctius
