3125 5075
197 387 260 446 352
653 373 782 417 auduom
797 373 860 415 OAP.
873 371 912 412 vl.

285 556 312 615 6.
357 553 551 613 Panormus
573 550 796 632 pronominum
818 547 1034 631 personalium
1057 544 1164 612 locum
1185 544 1302 623 hebet,

196 654 256 714 aut
276 647 455 727 παθητικῶς
477 655 551 729 (per
574 648 712 728 ἔμφασιν)
735 654 794 712 aut
814 646 959 728 longiore
982 642 1206 709 enunciationa
1228 641 1318 706 interl

199 753 252 812 ota
273 750 474 827 repetuntur,
498 764 560 809 nou
583 764 676 811 secus
697 750 795 835 atque
809 744 895 823 apud
917 744 1068 818 Graecos
1090 740 1131 805 de
1147 739 1265 820 quibus
1288 739 1317 802 vi

199 843 318 909 Bernh.
342 842 430 925 Syut.
455 859 485 923 p.
509 848 580 908 276.
612 842 792 909 SioPlaut.
816 840 970 917 duilli,
994 844 1022 916 6,
1050 843 1101 904 15:
1126 843 1177 916 qui
1203 841 1281 899 mibi
1308 857 1318 900 r

198 947 285 1021 gulos
307 945 418 1004 Forum
441 946 603 1019 implevisti
625 946 655 1003 iu
679 944 803 1003 aedibus
826 944 935 1002 misero
957 941 1040 999 mibi.
1086 935 1200 1016 Amph.
1224 935 1250 1005 I,
1269 941 1297 1006 3,

199 1056 286 1118 sqq:
328 1042 415 1100 Nune
443 1042 497 1101 tibi
524 1043 600 1102 hano
633 1048 770 1117 pateram
797 1072 836 1082 —
872 1040 926 1098 tibi
954 1037 1099 1109 eoudouo,
1133 1034 1173 1097 ud
1197 1051 1226 1113 q.
1254 1031 1317 1096 lv

199 1135 294 1201 Both.
318 1138 443 1199 Omissio
465 1143 572 1201 autem
595 1138 816 1217 pronominum
842 1133 1055 1214 personalium
1078 1129 1231 1210 frequens
1255 1139 1307 1195 est

202 1235 438 1299 constructione
459 1234 631 1299 accusativi
655 1253 726 1299 eum
749 1230 913 1312 infinitivo,
937 1248 1000 1312 qua
1022 1230 1110 1294 dere
1125 1229 1188 1292 vid.
1201 1229 1316 1293 Luebk

200 1330 241 1396 de
263 1349 324 1395 usu
352 1330 404 1396 inf.
429 1331 532 1395 Plaut.
563 1351 593 1412 p.
616 1337 656 1396 24
684 1331 792 1411 ibique
815 1331 989 1395 adnotatio.
1034 1328 1087 1393 Sia
1116 1326 1221 1391 Plaut
1247 1329 1318 1407 Amp

105 1452 109 1458 ’
200 1429 226 1505 Ι,
247 1435 272 1508 l,
290 1433 367 1493 231:
391 1434 456 1506 Ego
480 1450 543 1492 sum
567 1433 652 1491 Sosia
674 1433 741 1504 ille,
766 1448 852 1506 quem
875 1440 908 1489 tu
930 1431 1038 1489 dudum
1062 1445 1128 1488 esse
1151 1429 1256 1487 aiebas
1280 1429 1318 1486 mi

290 1533 317 1591 7.
363 1525 579 1592 Memorabilis
609 1533 660 1591 est
689 1525 869 1591 coniunctio
897 1525 1068 1607 singularis
1095 1523 1259 1604 participii
1288 1541 1317 1587 cr

201 1623 318 1705 plurali
339 1625 537 1704 pronominis
564 1642 614 1706 ap.
638 1624 766 1688 Terent.
793 1625 872 1688 Eun.
900 1622 956 1702 IV,
987 1629 1016 1700 3,
1048 1630 1080 1687 7:
1100 1626 1241 1685 absente
1266 1626 1318 1684 nol

202 1721 242 1786 de
273 1722 364 1787 ouius
394 1739 492 1786 causa
519 1722 672 1787 disseruit
701 1720 849 1785 Klotzius
884 1721 917 1784 iu
940 1740 1076 1785 censura
1104 1720 1266 1800 Propertii
1296 1738 1318 1782 e

202 1820 298 1883 tionis
332 1819 607 1901 Hertzbergiauae
640 1837 710 1884 nov.
746 1817 850 1883 annal.
884 1817 993 1898 philol
1032 1818 1093 1883 vol.
1128 1822 1185 1897 49,
1225 1823 1304 1882 sect

206 1921 296 1993 1847,
319 1936 349 1998 p.
374 1923 412 1981 41
439 1937 484 1998 sq.

290 2023 318 2078 8.
362 2019 483 2078 Tertiae
505 2033 661 2097 personae
689 2014 916 2095 significandae
946 2016 1139 2081 destinatum
1168 2021 1218 2079 est
1247 2033 1318 2097 pror

203 2130 275 2175 meu
297 2116 324 2175 ia
346 2133 382 2174 eo
402 2117 443 2178 iol.
482 2113 579 2178 Cuius
603 2114 799 2192 pronominis
819 2115 970 2194 autiquae
992 2113 1114 2179 formae
1136 2120 1249 2178 extant
1266 2114 1318 2177 eti:

182 2211 289 2292 'apud
311 2211 449 2276 Ennium
472 2231 536 2274 uam
558 2212 638 2275 Anu.
663 2214 725 2275 228
747 2230 807 2293 pro
830 2232 909 2292 eam,
931 2233 997 2275 sam
1020 2214 1099 2276 dnn.
1127 2217 1196 2276 102.
1227 2216 1285 2276 165
1308 2230 1318 2292 1

203 2328 270 2370 oum
294 2311 334 2385 (v.
360 2309 510 2375 Schmidt.
535 2311 564 2374 d.
589 2327 682 2389 prun.
706 2327 736 2388 p.
763 2309 827 2388 ll),
849 2310 925 2373 item
947 2330 995 2372 sos
1016 2317 1048 2375 ot
1070 2330 1120 2373 sos
1143 2313 1184 2386 (v.
1210 2309 1319 2374 Sebmi

203 2426 235 2488 p.
262 2413 299 2472 12
323 2412 356 2472 et
376 2407 509 2472 Vahlen
533 2407 627 2471 index
651 2407 691 2471 ad
714 2406 875 2483 Ennium).
898 2409 947 2473 De
971 2417 1031 2471 usu
1047 2413 1154 2473 autem
1175 2407 1273 2473 buius
1290 2427 1318 2488 pr

160 2562 162 2567 .
203 2505 339 2571 nominis
362 2504 493 2571 afferam
516 2506 614 2571 verba
636 2505 801 2570 Schmidtil
824 2524 853 2587 p.
881 2509 933 2569 12:
964 2505 1022 2585 „In
1044 2505 1104 2570 hoc
1125 2506 1226 2587 igitur
1250 2525 1318 2587 pror

204 2605 289 2668 mine
311 2606 440 2685 proprie
461 2604 551 2668 nulla
574 2604 635 2669 uisi
651 2606 766 2669 tertiae
788 2622 945 2685 personae
968 2606 1052 2670 inest
1075 2603 1275 2686 significatio.
1301 2606 1318 2671 S

205 2720 302 2781 quum
325 2706 452 2767 veteres
475 2702 603 2782 linguae
626 2707 663 2766 ut
684 2704 821 2783 primam
844 2710 877 2766 et
899 2705 1086 2781 secundam,
1111 2705 1156 2766 ita
1179 2705 1277 2767 etium
1300 2708 1316 2768 t

205 2800 282 2863 tiam
304 2817 475 2879 personam
506 2819 577 2865 cum
599 2801 689 2864 verbi
718 2802 942 2881 coniugatione
970 2803 1203 2881 coniungerent
1226 2801 1318 2882 ideoq

205 2897 309 2962 minus
330 2897 545 2961 necessarium
569 2905 664 2977 esset,
690 2904 725 2961 ut
741 2900 838 2962 tertia
860 2917 998 2980 persona
1011 2900 1140 2980 proprio
1157 2919 1193 2964 ao
1209 2900 1314 2982 peeull

205 2995 362 3058 vocabulo
391 2993 626 3076 significaretur
652 3014 689 3061 ao
718 3015 776 3078 pro
805 3014 843 3060 eo
874 3015 970 3078 saepe
998 2998 1095 3061 etiam
1122 2999 1318 3077 pronomini}

205 3092 463 3158 demonstrativis
485 3102 663 3173 uterentur,
687 3094 806 3160 iactum
828 3103 887 3173 est,
913 3094 1038 3159 utillud
1054 3113 1229 3175 pronomen
1246 3097 1318 3161 ina'

132 3196 133 3200 ’
209 3191 326 3272 linguis
351 3192 519 3256 maximam
541 3197 668 3273 partem
690 3193 850 3272 interiret,
874 3195 905 3258 in
928 3193 999 3257 aliis
1022 3211 1098 3257 vero
1122 3194 1154 3258 in
1169 3195 1318 3275 singular·

206 3293 308 3354 usum'
322 3296 579 3354 converteretur.
624 3291 674 3355 lta
697 3291 728 3354 in
752 3292 851 3355 latina
873 3292 981 3372 lingua
1004 3292 1128 3356 accidit.
1174 3293 1271 3372 Apud
1294 3291 1317 3355 il

208 3388 290 3453 enim
313 3391 341 3450 is
363 3406 549 3468 pronomen,
571 3407 669 3469 quum
691 3389 722 3453 id
746 3390 900 3469 imprimis
923 3394 1131 3469 usurparent,
1160 3391 1188 3453 si
1211 3394 1265 3466 qai
1292 3408 1318 3471 pt

207 3503 323 3550 nomen
345 3487 549 3566 sequebatur,
573 3487 636 3551 vim
661 3486 788 3551 relativi
809 3488 1005 3569 pronominis
1028 3489 1161 3569 accepit
1206 3488 1318 3554 Perseo

207 3583 290 3647 euim
314 3591 451 3664 egerunt
471 3584 503 3663 ii,
528 3585 582 3664 qui
603 3588 630 3647 is
651 3585 737 3649 iuter
760 3585 947 3665 pronomina
970 3586 1223 3650 demonstrativa
1246 3591 1318 3651 retu

206 3685 291 3746 runt.
314 3715 358 3726 —
378 3686 441 3745 Hir
463 3683 556 3762 euim,
578 3686 642 3764 iste,
664 3686 714 3745 ille
736 3683 975 3747 demonstrandi
991 3682 1111 3747 habent
1133 3683 1205 3760 vim,
1229 3689 1257 3747 is
1272 3701 1317 3747 mu

206 3778 366 3844 hominem
389 3779 537 3860 aliquem,
561 3780 601 3845 de
625 3799 687 3861 quo
709 3780 830 3861 aliquid
851 3781 1066 3862 praedicatur,
1090 3779 1262 3862 signifieat.
1291 3782 1318 3859 Q

207 3877 268 3942 bus
290 3877 537 3955 demonstratur,
560 3882 777 3961 iapronomen
801 3879 841 3942 ad
858 3880 1076 3960 praedicatum
1093 3878 1222 3960 aliquod
1241 3878 1318 3945 refer

208 3980 242 4038 et
264 3975 350 4056 apud
373 3975 504 4041 Latinos
527 3996 589 4041 uon
606 3978 764 4042 immerito
785 3977 1027 4059 pronominibus
1049 3978 1192 4042 relativis
1213 3978 1318 4042 adnuu

211 4073 276 4137 rari
298 4092 405 4155 posse,
428 4074 476 4137 uti
499 4075 682 4141 Priscianus
696 4074 780 4151 lecit,
804 4076 889 4155 apud
913 4094 1008 4156 quem
1027 4075 1099 4141 XII.
1116 4076 1214 4140 instit.
1234 4095 1318 4156 grau

212 4178 227 4235 l
253 4171 279 4252 ξ.
305 4178 324 4237 3
346 4172 426 4237 haec
447 4173 545 4238 verba
568 4174 737 4255 leguntur:
761 4179 881 4237 Tertiae
905 4193 1053 4252 personae
1077 4178 1136 4235 alia
1158 4185 1228 4237 suut
1249 4178 1317 4236 dem

210 4274 345 4346 strativa,
369 4282 402 4333 ut
425 4274 472 4333 bio
496 4283 527 4333 et
549 4277 621 4349 iste,
648 4275 712 4336 otio
733 4274 879 4343 relatiua,
908 4278 943 4334 at
962 4276 1003 4348 is,
1033 4275 1094 4348 sui,
1122 4276 1183 4333 alia
1204 4276 1293 4334 modo

210 4372 413 4447 monstrativa,
437 4373 523 4433 modo
545 4374 682 4448 relativa,
701 4383 734 4432 ut
753 4374 822 4448 isto,
845 4375 919 4449 ipse.
963 4369 1079 4435 Differo
1099 4375 1210 4434 autem
1232 4373 1261 4432 is
1283 4387 1303 4433 a
