3125 5075
264 344 328 403 334
696 337 853 379 susannae.
868 336 932 379 car.
945 336 988 377 ιιι

264 509 303 574 iis
325 525 411 589 quae
432 506 521 573 iacis.
565 507 691 574 Phorm.
714 508 770 580 IV.
793 514 823 589 3,
847 515 905 577 32:
939 512 973 573 si
992 518 1026 572 tu
1047 510 1178 589 aliquam
1198 516 1319 586 partem
1340 516 1427 587 aequi

263 610 395 684 bonique
417 608 539 672 dixeris.
584 604 718 686 Adelph.
734 606 778 686 II,
804 614 833 686 l,
855 614 890 675 9:
912 611 957 670 Tu
979 610 1058 686 quod
1079 615 1111 669 to
1132 608 1286 684 posterius
1307 625 1427 684 purges,

263 709 349 768 huius
372 724 431 767 uon
454 705 572 766 faciam
615 704 695 771 Hoc.
716 704 776 785 111,
801 712 831 786 5,
855 710 912 772 63:
933 710 1020 784 parvi
1041 707 1183 783 pendunt
1228 704 1348 769 Heaot.
1371 703 1427 783 IV,

264 808 294 883 3,
318 807 359 868 37
369 821 376 865 :
400 805 445 864 Tu
460 803 523 866 fors
539 804 610 881 quid
624 822 672 866 me
684 804 739 866 fiat
753 808 839 881 parsi
853 809 970 882 pendis,
994 808 1062 866 dum
1081 806 1128 865 illi
1143 806 1294 866 oonsulas.
1328 802 1427 867 Andr.

262 897 323 978 ΙΙΙ,
347 904 376 978 2,
399 904 456 965 46;
485 903 545 963 Sed
567 904 784 978 parvipendo.
827 902 954 968 Phorm.
975 902 1031 981 IV,
1055 906 1084 979 3,
1107 906 1164 965 41:
1194 904 1280 977 parsi
1301 920 1337 963 re
1361 905 1431 962 tulit

263 1003 330 1062 Nou
353 1002 538 1075 sussepisse;
562 1002 714 1062 inventast
735 1020 811 1077 quae
834 1005 935 1064 dotem
957 1008 1052 1078 petat.
1095 997 1223 1062 Phorm.
1239 995 1295 1078 lv,
1319 1002 1351 1074 5,
1379 1004 1430 1062 11;

263 1105 327 1171 tua,
351 1100 474 1172 malum,
505 1098 537 1158 id
559 1115 592 1159 re
614 1097 699 1159 fert?
743 1096 809 1161 CH.
831 1104 947 1175 mopsi,
969 1100 1127 1174 Demipho.
1172 1095 1291 1161 Heaut.
1313 1095 1376 1176 ΙΙΙ,
1403 1104 1428 1173 Ι,

264 1200 321 1259 58:
355 1197 431 1258 illud
459 1198 613 1271 permagni
643 1214 676 1257 re
707 1196 788 1258 ferre
812 1201 953 1260 arbitror.
998 1194 1131 1273 Adelph.
1153 1193 1192 1273 V,
1215 1200 1246 1269 4,
1270 1199 1330 1259 25ι
1365 1198 1430 1272 Ego

263 1312 379 1372 quoque
403 1296 516 1355 amois
539 1311 585 1355 me
608 1297 702 1356 amari
725 1299 881 1372 etmapm'
896 1297 990 1371 pandi
1011 1298 1140 1372 postulo.
1185 1293 1284 1358 Andr.
1307 1292 1370 1373 III,
1401 1298 1431 1373 3,

262 1396 321 1456 42;
355 1394 467 1452 Merito
497 1400 527 1452 te
550 1410 669 1469 semper
696 1399 825 1456 maxumi
848 1395 923 1469 faci,
958 1395 1111 1457 Chremes.
1156 1390 1238 1457 Eun.
1261 1389 1289 1471 l,
1323 1396 1353 1472 1,
1376 1395 1430 1455 29:

264 1491 344 1565 Quid
366 1490 459 1567 agas?
491 1492 550 1551 nisi
572 1499 604 1551 nt
628 1499 658 1552 te
681 1494 812 1554 redimas
838 1502 958 1569 eaptum
986 1510 1074 1568 quam
1102 1509 1196 1568 queas
1217 1493 1371 1554 Miuumo:
1405 1494 1431 1553 si

262 1606 396 1664 nequeas
417 1591 555 1665 paululo,
590 1598 622 1649 at
643 1589 751 1664 quauta·
772 1609 876 1667 queas.
921 1589 1002 1654 Eun.
1027 1588 1065 1668 V,
1087 1594 1118 1669 5,
1143 1594 1197 1653 14:
1227 1590 1331 1650 Emit?
1353 1592 1430 1665 perii

263 1688 378 1748 hercle.
409 1687 542 1761 Quanti?
587 1683 679 1749 PAR.
703 1690 809 1765 viginti
830 1691 928 1750 minis.
973 1688 1089 1753 flaua
1112 1685 1139 1766 Ι,
1166 1690 1293 1764 1,103:
1329 1690 1433 1764 quanti

263 1786 422 1861 penderes.
466 1782 680 1862 Andr.V,2,
715 1790 767 1848 15:
804 1788 900 1861 Quom
929 1787 1036 1848 faeiem
1067 1788 1185 1861 videas,
1219 1787 1338 1847 videtur
1366 1803 1431 1845 esse

266 1884 415 1959 quantivis
436 1885 526 1957 preti.
572 1880 695 1959 Eunl,
715 1887 821 1960 2,14;
851 1889 913 1946 Aut
936 1904 991 1959 epo
1013 1887 1091 1947 istus
1114 1887 1168 1945 abs
1189 1891 1219 1945 te
1242 1883 1356 1945 laetum
1380 1885 1430 1942 nili

267 1982 438 2056 penderem
484 1978 618 2059 Adelph
642 1978 703 2058 ΙΙΙ,
724 1985 754 2058 4,
778 1985 812 2045 6:
835 1992 924 2060 pater
945 1986 973 2046 is
995 1985 1050 2043 nili
1071 1982 1185 2058 pendit.
1230 1979 1368 2110 Adelph.
1390 1979 1430 2053 ll,

272 2082 299 2154 l,
326 2081 379 2141 13:
404 2079 543 2139 Ceterum
566 2080 622 2140 hoe
644 2082 697 2140 nili
720 2081 817 2141 facis?

352 2178 401 2239 72.
432 2178 588 2239 Genitiosas
610 2174 761 2240 mutatae
791 2176 895 2241 Plaut.
908 2176 1023 2241 Pseud.
1039 2176 1066 2254 Ι,
1090 2181 1119 2256 2,
1144 2181 1198 2242 55:
1222 2180 1338 2252 Quibus
1362 2196 1431 2239 cun·

264 2277 322 2336 otis
346 2283 462 2337 montes
484 2278 613 2336 maxumi
635 2276 779 2337 frumenti
800 2283 871 2337 sunt
893 2276 1023 2354 [structi]
1046 2278 1135 2337 domi.
1164 2273 1292 2339 Terent
1304 2272 1431 2337 Phorrn

261 2370 286 2448 l,
310 2376 340 2447 2,
367 2375 422 2435 18:
449 2377 477 2435 is
500 2392 601 2436 senem
623 2394 680 2450 per
703 2378 850 2450 epistulas
873 2377 1017 2450 Palluit,
1042 2375 1128 2435 modo
1150 2392 1207 2435 non
1229 2376 1340 2434 montio
1362 2374 1431 2434 asari

261 2472 421 2547 pollicens.

351 2574 401 2634 73.
429 2568 459 2633 b.
485 2570 642 2632 Genitioua
656 2573 820 2645 qualitatis.
850 2568 930 2635 Cato
953 2577 1033 2636 orat.
1057 2571 1097 2636 de
1119 2586 1198 2633 mor.
1221 2566 1333 2633 Claud
1356 2567 1429 2632 Ner.

265 2671 327 2746 (ap.
351 2666 503 2732 Priscian.
521 2667 547 2746 I,
569 2685 599 2748 p.
617 2673 679 2733 244
702 2672 754 2731 isti
775 2686 835 2750 pro
851 2674 963 2742 istiasl:
986 2673 1114 2747 pecunia
1135 2689 1203 2735 mea
1224 2672 1270 2730 rei
1292 2671 1429 2745 publicae

261 2769 364 2843 prolui
387 2785 474 2842 quam
497 2769 549 2828 isti
570 2769 652 2828 modi
674 2771 717 2829 uti
740 2777 773 2829 tu
796 2788 829 2831 os
857 2771 976 2846 (prosu
1002 2785 1045 2832 aa
1072 2771 1190 2844 mapis).
1235 2765 1290 2831 Or.
1313 2765 1354 2829 de
1377 2782 1430 2826 ve·

263 2865 343 2926 stitu
368 2869 402 2927 et
423 2861 578 2928 vehiculis
599 2881 649 2945 ap.
666 2865 765 2930 Prisc.
789 2865 824 2930 T.
847 2865 873 2943 Ι,
895 2886 926 2947 p.
943 2871 1019 2931 243:
1043 2869 1119 2928 Nam
1140 2869 1338 2943 periniurium
1361 2867 1430 2945 siet,

262 2980 328 3023 oum
350 2963 425 3023 mihi
447 2964 485 3023 ob
508 2981 560 3024 eos
583 2982 681 3026 moras
705 2983 779 3041 quos
802 2968 886 3040 prius
910 2967 1001 3026 habui
1025 2965 1120 3026 honor
1143 2967 1247 3039 detur,
1269 2965 1322 3024 ubi
1345 2964 1430 3024 datus

262 3069 318 3131 est,
341 3069 403 3120 tum
425 3062 469 3120 uti
492 3079 543 3123 eos
565 3071 675 3121 mutem
699 3073 789 3137 atque
813 3065 869 3121 alii
890 3064 971 3122 modi
993 3064 1057 3125 sim.
1096 3060 1219 3141 Oratio,
1242 3062 1271 3125 si
1293 3077 1328 3125 se
1353 3058 1430 3124 eau-

263 3155 325 3222 lius
349 3156 423 3222 trib.
452 3156 555 3236 plebis
588 3158 818 3239 appellavisset
845 3177 897 3238 ap.
921 3159 1021 3223 Prisc.
1044 3160 1080 3223 Τ.
1103 3158 1129 3236 L
1151 3176 1181 3239 p.
1206 3164 1282 3223 244:
1317 3161 1430 3235 Ecquis

261 3258 307 3317 illi
329 3259 410 3318 modi
433 3275 500 3320 esse
524 3259 608 3318 vult?
653 3255 732 3321 Cato
748 3256 786 3319 R.
802 3256 839 3321 R
861 3275 887 3322 a.
907 3262 936 3322 1:
959 3259 1157 3318 Instrameati
1178 3275 1215 3318 ne
1237 3259 1343 3331 mapsa
1365 3260 1430 3316 siet.

260 3352 357 3420 Ibin:
381 3357 490 3416 Videte
512 3374 599 3432 quam
614 3356 729 3416 minimi
750 3358 942 3417 instrumenti
957 3364 1206 3431 sumptuosusque
1222 3374 1295 3432 ager
1309 3374 1349 3417 ne
1364 3357 1429 3415 siet.

261 3452 354 3515 Ennii
382 3452 487 3516 annal.
520 3452 640 3532 xviii,
670 3451 708 3517 h.
734 3457 763 3531 2,
789 3470 819 3517 v.
843 3459 921 3518 437:
956 3457 1021 3515 Neo
1049 3453 1219 3527 respirandi
1247 3453 1306 3514 fuit
1333 3456 1428 3528 copia.

260 3548 395 3630 Telephi
421 3549 458 3613 fr.
483 3554 518 3614 8:
554 3553 623 3611 dum
645 3564 692 3613 est
713 3562 851 3626 potestas
873 3553 986 3613 consili.
1032 3549 1235 3615 Euhemerus
1256 3548 1295 3615 fr.
1320 3555 1351 3628 3,
1376 3555 1430 3613 11:

261 3649 381 3724 siquid
404 3650 528 3710 liberam
554 3650 653 3710 virilia
675 3667 763 3710 sedas
789 3652 818 3710 ei
848 3658 950 3712 uatum
980 3659 1070 3712 esset.
1116 3647 1222 3714 Plaut
1249 3649 1345 3714 Truc.
1374 3648 1431 3727 lv,

260 3752 291 3825 4,
317 3751 373 3811 3οε
402 3749 545 3808 Facultas
568 3765 679 3822 operae
702 3749 742 3807 mi
765 3750 816 3808 ubi
839 3750 906 3809 erit.
952 3746 1037 3811 Trin.
1057 3745 1118 3826 ΙΙΙ,
1143 3753 1172 3826 3,
1199 3753 1251 3811 li:
1281 3751 1352 3809 huie
1378 3749 1433 3809 du·

260 3846 348 3905 cendi
375 3847 494 3906 interea
522 3846 709 3907 abscesserit
732 3846 859 3907 Lubido.
905 3842 998 3924 Capt-
1023 3843 1079 3921 lV,
1103 3848 1132 3924 2,
1161 3850 1216 3909 72;
1250 3848 1432 3907 Nominandi

261 3946 387 4004 istorum
415 3945 470 4004 tibi
496 3946 556 4003 erit
584 3944 678 4019 magis
714 3962 803 4018 quam
833 3945 944 4005 edundi
976 3946 1072 4020 eopia.
1117 3942 1210 4006 Truc.
1239 3940 1282 4021 II,
1312 3950 1343 4020 4,
1376 3948 1431 4007 19:

264 4043 359 4115 Quom
382 4043 428 4101 tui
450 4042 569 4101 videndi
591 4043 718 4116 copiast.
743 4038 835 4121 Gapt.
858 4039 896 4120 V,
919 4045 950 4117 4,
977 4045 1031 4104 11;
1065 4044 1141 4116 Quia
1162 4045 1203 4101 mi
1225 4044 1299 4102 item
1321 4052 1357 4103 ut
1378 4062 1431 4118 pa·

261 4150 364 4200 rentes
392 4142 468 4200 lueis
491 4140 545 4199 das
568 4141 672 4200 tuendi
695 4143 821 4216 copiam.
844 4137 960 4203 Pseud.
978 4136 1038 4216 iv,
1055 4144 1084 4216 7,
1101 4145 1159 4204 99:
1186 4142 1279 4214 Quem
1303 4159 1361 4216 ago
1383 4142 1433 4201 lto-

259 4239 368 4299 ms‘aem
389 4239 467 4299 aelli
488 4238 594 4298 coloris
617 4240 685 4298 novi
699 4264 743 4284 =
757 4238 812 4317 qui
827 4234 921 4299 horno
938 4234 1015 4298 mihi
1033 4235 1127 4315 plane
1150 4241 1200 4301 est
1221 4236 1268 4301 ita
1290 4236 1432 4318 ignotus,

261 4337 298 4397 ut
313 4335 356 4413 id,
379 4335 464 4415 quod
480 4333 568 4398 nullo
584 4333 690 4399 colore
705 4335 886 4414 praeditum
903 4341 961 4398 ost.
993 4332 1084 4414 Capt.
1097 4333 1158 4413 Ill,
1173 4340 1199 4410 1,
1214 4341 1269 4399 11:
1293 4339 1431 4398 Lacones
