3125 5075
505 342 653 383 nocuum
668 342 903 384 sannionum.
1221 352 1285 414 337

129 533 203 608 qnid
233 534 351 594 ridetur
377 533 529 593 &mutare
555 538 642 606 cipue
667 540 701 593 nt
726 532 845 608 qnidam
875 533 946 592 Dixi
975 548 1041 593 osse
1069 532 1152 592 vobis
1178 531 1287 593 dudum

131 632 212 692 hunc
234 630 388 691 moechum
410 632 552 703 militem,
581 628 675 707 adq.
699 626 719 692 l.
743 625 904 692 undem:
935 629 1116 697 ..nme
1136 627 1288 692 intransi-

130 725 201 790 tiva
221 725 362 804 notione,
385 728 481 787 aliam
502 745 572 795 cece,
595 728 691 786 aliam
712 728 789 800 fieri.
825 724 1028 806 Quapropter
1042 723 1189 805 sequitur
1211 742 1285 805 pur·

131 821 235 888 ticula
255 828 352 899 amoc,
374 839 456 903 qnae
479 822 578 887 verba
601 821 817 887 similitudinis
846 826 880 886 st
901 820 1168 887 dissimilitudinis
1191 822 1287 887 comi-

131 917 254 984 tatur.“

221 1034 261 1079 m.
306 1014 368 1079 Sed
391 1016 486 1081 etiarn
510 1016 675 1093 vocabulo,
699 1016 784 1097 quod
807 1014 1045 1080 similitudinem
1072 1015 1125 1082 vel
1152 1017 1290 1081 dissimi-

133 1112 304 1178 litudinem
326 1111 494 1193 significet,
517 1115 633 1179 omisso
655 1121 743 1190 aicae
764 1112 993 1195 comparationi
1015 1113 1149 1179 inscruit
1169 1114 1231 1193 ita,
1254 1118 1292 1178 ut

133 1228 244 1285 mue,
266 1216 417 1285 tamem
438 1211 490 1275 uel
511 1210 597 1277 aliud
623 1210 717 1276 huius
741 1212 869 1292 generis
891 1210 1024 1276 verbum
1046 1209 1289 1291 intelligendum

134 1307 189 1372 sit.
220 1305 257 1372 Id
279 1306 373 1372 facile
395 1326 414 1372 e
435 1313 587 1373 contextu
602 1308 773 1373 verborum
789 1308 961 1390 colligitur.
984 1306 1144 1387 (Handins
1159 1325 1189 1388 p.
1202 1310 1290 1382 472).

134 1404 243 1470 Puni.
268 1402 340 1469 cas.
362 1403 418 1484 lv,
439 1410 476 1485 4,
499 1410 550 1471 21.
576 1404 692 1471 Bacch·
715 1404 780 1485 III,
804 1409 838 1486 6,
861 1410 915 1471 20:
950 1407 1035 1468 Siout
1055 1412 1104 1467 est
1132 1407 1182 1468 iric
1204 1425 1291 1483 quem

134 1520 206 1566 osce
235 1505 360 1564 amlcnm
390 1512 474 1565 ratus
496 1521 560 1565 sn·
590 1510 679 1578 cipue
711 1508 795 1581 ipsus
829 1523 892 1567 unm
922 1505 1004 1565 mihi
1050 1500 1102 1567 stc
1131 1502 1229 1567 etium
1259 1502 1291 1566 in

133 1597 274 1664 formula
297 1617 333 1661 ac
354 1602 390 1662 oi.
434 1598 529 1663 Ennii
551 1604 651 1664 satur.
674 1599 713 1665 fr.
736 1601 795 1665 inc.
817 1600 891 1665 libri
913 1604 947 1665 2:
970 1602 1070 1661 licum
1093 1608 1230 1673 nonest,
1256 1618 1292 1661 ac

133 1698 165 1760 si
186 1714 232 1759 me
255 1699 338 1759 canis
358 1698 559 1759 momorderit.
1188 1724 1190 1732 ι

223 1811 254 1857 n.
298 1795 395 1867 Atque
417 1792 547 1873 ponitur
573 1793 670 1859 etiam
698 1799 771 1874 post
793 1793 1024 1859 adiectivorum
1049 1793 1293 1873 comparativus,

136 1908 168 1953 s.
190 1907 217 1954 c.
244 1888 336 1967 x1v‚
365 1892 436 1968 §9-
466 1889 570 1955 Plaut.
593 1888 691 1955 Merc
715 1890 755 1968 V,
787 1895 822 1968 2,
852 1895 911 1954 56:
939 1893 1063 1952 amicior
1091 1894 1165 1953 milri
1195 1894 1293 1954 nullm

136 1991 213 2052 risit
244 1993 332 2061 algae
363 1991 388 2050 is
422 1997 478 2050 ost.
523 1987 652 2052 Terent.
682 1987 781 2051 Andr.
804 1986 861 2065 lv,
891 1990 926 2065 2,
959 1993 1009 2051 15:
1043 1990 1111 2050 Non
1144 1990 1293 2065 Apollinis

136 2086 236 2160 uragu
262 2103 366 2146 cmm
395 2091 483 2160 atquc
511 2088 568 2147 noc
602 2094 818 2163 responsnmst.
870 2083 1088 2149 maculante
1123 2084 1294 2164 negatione

136 2180 288 2261 seqnitur
320 2187 408 2256 atquc
438 2188 481 2245 at.
532 2182 634 2246 Plaut
667 2180 737 2246 Cas.
765 2182 812 2260 V,
837 2187 872 2259 1,
902 2186 1009 2260 isa:
1047 2182 1111 2242 Noc
1143 2182 1294 2243 fallaciam

137 2282 316 2342 (ιείιιίὲονιιιι
346 2285 425 2342 nlius
454 2280 527 2341 iecit
554 2283 647 2341 Poeta
675 2285 764 2353 utque
797 2285 832 2340 ut
860 2282 935 2341 hacc
966 2287 1013 2339 est
1047 2277 1132 2339 fabre
1167 2278 1249 2339 iacta
1278 2298 1296 2339 a

139 2379 237 2439 nobis.

225 2490 254 2538 o.
300 2471 567 2553 Transgredimur
594 2490 677 2536 nunc
704 2470 745 2536 ad
773 2489 866 2536 usum
898 2470 1077 2552 particulae
1103 2470 1136 2535 in
1166 2469 1295 2535 coniun-

140 2569 257 2652 gendis
279 2570 455 2634 sententiis.
499 2570 608 2650 Atque
630 2569 700 2647 illc,
730 2585 825 2649 quem
847 2569 881 2632 in
903 2568 1087 2633 notionibus
1110 2568 1297 2649 copulandis

141 2683 245 2746 usquo
268 2665 373 2730 adhuc
407 2665 711 2745 demonstravimus,
738 2684 841 2732 nexus
868 2664 1073 2746 aequalitatis
1099 2664 1183 2731 idom
1212 2665 1298 2730 intar

140 2763 224 2829 duas
246 2764 423 2828 sententiaa
456 2763 560 2828 locum
590 2764 705 2844 habet,
728 2764 783 2829 ubi
805 2769 863 2829 ant
884 2761 994 2842 alteri,
1025 2779 1108 2842 quae
1140 2763 1298 2843 sequitur,

143 2859 314 2941 aequalem
336 2860 400 2923 vim
422 2866 455 2925 et
477 2860 666 2941 dignitatem
688 2860 876 2939 tribuimus,
899 2864 957 2925 aut
977 2859 1080 2924 altera
1101 2877 1174 2924 oum
1195 2859 1300 2924 altera

140 2957 243 3038 priori
264 2974 397 3022 caussae
420 2957 543 3021 ratione
566 2957 617 3022 vel
640 2959 795 3038 temporis
818 2958 1029 3022 continuitate
1053 2957 1105 3022 vel
1125 2975 1296 3038 argumen-

141 3053 276 3120 tationis
306 3053 556 3134 consequntione
587 3053 744 3118 cohaeret.
777 3053 936 3129 (Handius
963 3072 994 3133 p.
1016 3057 1104 3129 475).
1147 3053 1237 3119 Haec
1259 3052 1301 3118 ad

142 3151 415 3231 comparationem
449 3155 613 3214 externam
653 3150 755 3231 magis
793 3154 950 3229 spectant.
1006 3148 1080 3212 Alia
1114 3148 1300 3214 interiorem

141 3266 260 3313 nexum
288 3248 517 3313 sententiarum
553 3247 771 3328 comprobant.
822 3246 1007 3326 Usurpatur
1041 3244 1125 3310 enirn
1152 3251 1240 3320 mccc
1268 3245 1301 3309 in

141 3345 323 3412 adiiciendo
345 3362 394 3424 eo,
416 3344 566 3425 quodid,
589 3344 629 3409 de
652 3361 715 3424 quo
738 3348 835 3408 antea
857 3360 963 3408 sermo
987 3345 1073 3420 erat,
1097 3341 1165 3406 sive
1188 3360 1227 3406 ex
1250 3360 1302 3406 ra·

143 3442 234 3509 tions
256 3458 389 3507 caussae
414 3443 481 3507 sire
504 3442 658 3522 temporis
681 3439 904 3520 consequitur,
927 3439 1062 3518 ideoque
1084 3438 1116 3501 in
1138 3438 1179 3503 iis
1199 3439 1302 3504 locum

143 3539 252 3619 habet,
276 3556 357 3620 quae
381 3539 575 3604 necessitate
596 3537 735 3619 quadam
758 3535 979 3602 continuitatis
1001 3535 1055 3600 vel
1077 3536 1303 3615 consequutio·

142 3636 195 3703 nis
216 3640 289 3702 arte
311 3635 490 3700 cohaerent
534 3634 692 3700 Nimirum
718 3653 820 3700 nexus
846 3633 902 3700 ille
930 3633 1094 3713 proximus
1123 3649 1162 3697 eo
1184 3631 1304 3714 signifi-

144 3738 256 3810 catur,
283 3732 368 3813 quod
395 3732 501 3799 altera
521 3751 575 3798 res
597 3750 668 3798 cum
691 3732 797 3798 altera
824 3748 928 3812 aequa
957 3729 1081 3796 ratione
1103 3729 1305 3810 componitur

143 3847 207 3896 neo
230 3828 418 3911 simpliciter
439 3830 635 3910 adiungitur,
657 3828 716 3895 scd
731 3828 773 3893 ud
788 3829 925 3894 alteram
939 3826 1026 3893 illam
1041 3825 1181 3893 refertur
1195 3828 1304 3910 acqui·

144 3926 323 4010 paratione.
375 3927 428 3993 ita
453 3926 662 4007 intelligimus
699 3943 832 3992 caussae
860 3942 992 4005 nexum,
1027 3924 1085 3989 ubi
1113 3942 1154 3989 ex
1181 3923 1306 3990 duabus

145 4022 245 4089 rebus
276 4025 409 4104 agendis
435 4024 539 4089 ultera
567 4022 703 4088 alteram
730 4040 838 4088 secum
873 4021 962 4087 ducit
996 4025 1054 4085 aut
1087 4021 1117 4085 ei
1150 4021 1305 4102 originem

144 4118 301 4201 praebet:
325 4120 411 4200 quod
433 4120 587 4203 explicari
608 4124 717 4202 potest
738 4137 798 4200 per
819 4122 913 4182 etita
937 4118 1052 4191 (Hand.
1067 4135 1098 4198 p.
1114 4116 1202 4198 478.)
1227 4117 1306 4183 Cato

146 4217 252 4283 inor.
275 4234 336 4298 pro
359 4218 459 4283 Rhod.
482 4234 533 4299 ap.
556 4217 693 4297 Iordp.
718 4221 777 4295 24,
803 4220 856 4280 12:
890 4223 979 4292 atque
1007 4235 1061 4278 nos
1093 4218 1192 4278 omnic
1217 4219 1308 4292 plara

146 4318 262 4379 hab'ero
284 4319 428 4390 uolumus,
452 4325 483 4378 at
505 4319 536 4378 id
558 4318 643 4378 nobis
666 4318 786 4391 impune
809 4321 865 4376 est
910 4313 1015 4378 Plaut.
1037 4311 1152 4378 Baooh.
1175 4331 1204 4376 v,
1229 4316 1307 4378 756:

200 4414 290 4462 noune,
309 4416 420 4467 aynano.
448 4414 476 4454 n.
1056 4417 1098 4479 22
