3125 5075
203 365 262 422 182
626 355 782 396 θῦΒθΤΔΠΤ.
805 355 868 397 011).
883 354 923 395 ΙΙΙ.

200 530 275 591 ctis?
314 527 380 592 EU.
405 530 509 604 Neque
531 531 620 590 mulie
642 548 738 605 neque
760 531 911 604 inprobis
956 526 1053 591 Mero.
1076 524 1103 604 I,
1127 529 1156 600 2,
1180 529 1237 589 97:
1260 528 1361 600 sonna

201 626 312 685 enimin
335 623 499 687 mulierem.
544 624 638 690 Most.
662 625 687 702 1,
712 630 740 694 3.
763 630 820 690 49:
853 628 1007 687 mulierem
1036 626 1166 700 lepidum
1194 632 1226 685 et
1249 626 1359 698 pudico

201 725 327 797 inuenio.
372 721 466 785 Most
495 720 555 800 111,
584 726 613 800 2,
646 726 720 786 127:
755 732 785 783 te
809 741 876 785 esse
902 724 1032 783 hnmano
1057 724 1176 797 inantia
1202 725 1360 783 existumo.

202 818 295 883 Most.
319 838 348 881 u.
371 822 448 883 819:
481 822 602 896 Quanta
622 820 762 892 finonitatc
784 820 857 881 lacti
884 829 916 881 at
936 825 1050 893 quanta
1071 820 1276 881 mantuam.
1324 817 1360 896 V,

206 921 236 994 2,
261 921 318 979 27:
353 921 403 992 qui
434 927 504 978 suut
525 919 620 991 capite
641 916 774 979 candido.
818 914 948 996 Peral,
971 920 1001 995 3,
1025 919 1079 979 50:
1103 918 1180 991 Quia
1200 917 1303 989 forma
1326 918 1362 977 lc·

197 1014 275 1088 pida
298 1022 329 1073 et
351 1014 502 1075 liberalist.
548 1011 608 1090 ΠΙ,
634 1016 661 1090 1,
685 1016 740 1076 22:
775 1016 868 1089 Quom
891 1032 984 1091 parua
1004 1018 1079 1075 aaa
1100 1022 1184 1075 reate
1206 1017 1360 1090 praecipio

204 1113 294 1187 putri.
338 1108 392 1187 IV,
416 1115 445 1188 3,
470 1115 525 1174 53:
559 1113 672 1171 Forma
694 1111 859 1185 cenanda
885 1112 1039 1172 liberalem
1067 1114 1233 1173 mulierem.
1272 1108 1359 1174 Pers

201 1226 230 1272 v.
246 1211 323 1271 547:
346 1209 399 1268 Sat
414 1209 521 1284 edepol
544 1209 719 1270 concinnast
741 1208 829 1280 facte.
851 1205 906 1271 ubi
928 1206 1058 1271 dubium
1082 1215 1141 1286 est,
1164 1213 1273 1270 utrum
1297 1225 1361 1267 oon

201 1307 292 1366 cinea
313 1304 527 1368 nominativus
549 1320 591 1368 un
612 1302 772 1369 ablativus
795 1304 846 1368 sit.
891 1302 946 1384 IV,
968 1308 999 1382 4,
1023 1308 1079 1368 99:
1112 1322 1227 1366 annm
1253 1321 1359 1378 yeme

202 1420 269 1463 esse
286 1404 424 1463 arbitror.
468 1399 525 1480 IV,
548 1403 578 1479 6,
605 1405 658 1464 17;
680 1404 796 1463 Eadem
805 1410 936 1473 ,statura
982 1402 1030 1465 Da
1045 1398 1115 1466 loco
1129 1399 1219 1465 Pers.
1236 1419 1264 1464 v.
1281 1405 1359 1465 594:

201 1502 267 1577 Qno
288 1515 393 1574 aetem
415 1507 467 1560 ent
485 1518 544 1575 qna
565 1501 596 1559 in
618 1502 718 1574 patria
739 1507 812 1560 nate
832 1502 873 1561 sit
887 1507 939 1560 aut
953 1500 1059 1575 quibus
1078 1500 1264 1574 parentibus,
1288 1497 1361 1561 vide

203 1613 314 1675 supra,
345 1594 400 1659 ubi
421 1613 605 1670 conuenere
626 1593 753 1658 videtur
774 1612 836 1659 nou
860 1594 962 1661 solum
991 1594 1032 1658 ud
1055 1598 1095 1657 sit
1119 1594 1298 1675 portinere,
1327 1598 1362 1657 ut

203 1691 247 1755 sit
267 1691 328 1756 abl.
352 1691 526 1771 qualitatis,
549 1691 605 1756 sed
628 1693 669 1756 ud
690 1698 765 1753 nata
785 1696 832 1762 stt,
855 1698 892 1756 ut
913 1693 956 1756 sit
972 1689 1034 1756 abl.
1057 1691 1197 1772 originis.
1214 1690 1314 1755 Mera
1333 1707 1362 1753 v.

203 1794 238 1852 9:
261 1792 307 1851 Ibi
328 1807 427 1850 amare
451 1792 555 1864 occepi
578 1790 677 1861 form
700 1792 811 1853 eximia
832 1793 996 1851 mulierem.
1039 1788 1082 1867 Π,
1099 1793 1127 1868 2,
1149 1792 1203 1852 34;
1228 1792 1293 1851 Tun
1315 1807 1362 1849 cu-

196 1889 261 1960 pite
282 1904 357 1947 enno
380 1906 470 1961 umas,
495 1890 580 1948 homo
604 1889 815 1963 aequissume?
840 1886 883 1965 Π,
900 1892 929 1964 3,
946 1891 1001 1950 ie:
1024 1889 1174 1949 Ancillam
1197 1889 1362 1962 viraginem

201 2016 244 2026 -
259 2002 317 2044 nou
341 1986 456 2058 malum,
480 1984 579 2055 formu
599 1985 690 2047 mala.
721 1982 781 2063 ΠΙ,
800 1990 828 2063 1,
845 1986 899 2047 22:
922 2003 985 2046 nna
1004 1989 1099 2047 aetate
1120 2002 1195 2061 quae
1220 1986 1270 2045 sit.
1302 1980 1351 2045 111

204 2083 231 2156 1,
255 2085 313 2145 33:
336 2083 419 2143 Bono
442 2080 587 2142 animo's?
630 2080 690 2159 Ill,
714 2085 742 2159 3,
770 2088 822 2145 13:
853 2086 951 2144 anima
974 2082 1096 2144 loetida.
1140 2099 1169 2145 v.
1193 2084 1273 2144 595:
1303 2091 1362 2143 tait

200 2180 259 2238 etsi
278 2179 455 2252 podaqrosis
470 2179 597 2252 pedibns
618 2186 700 2239 esset
714 2181 878 2255 Eutychus.
910 2178 969 2255 ΙΙΙ,
992 2186 1023 2258 4,
1047 2183 1103 2242 50:
1128 2198 1187 2256 qne
1207 2182 1358 2255 prosapie

200 2273 259 2353 111,
284 2282 313 2352 4,
338 2280 395 2340 53:
419 2278 485 2353 Quo
501 2277 602 2347 forma
627 2294 693 2338 esse
717 2278 861 2338 aiebant?
896 2275 955 2353 ΙΠ,
980 2283 1010 2354 4,
1034 2281 1089 2340 55:
1112 2278 1269 2352 Subnigris
1292 2294 1362 2336 ocu-

202 2376 249 2447 lis,
274 2375 409 2449 oblongis
432 2376 526 2434 molis.
572 2371 631 2450 ΠΙ,
654 2378 684 2450 4,
709 2377 764 2437 58:
788 2377 840 2435 illa
856 2375 987 2448 convenis
1000 2376 1088 2435 main
1106 2375 1178 2433 mihi
1201 2375 1287 2434 uadit.
1302 2392 1362 2434 mu-

201 2491 291 2549 guum
315 2476 430 2531 malum.
455 2469 490 2549 V,
516 2473 544 2546 2,
567 2473 623 2532 49;
648 2470 743 2531 Potiu'
766 2481 801 2532 ut
822 2473 921 2532 naimo
942 2474 984 2533 sis
1005 2472 1188 2546 cramaille?
1212 2469 1250 2549 V,
1273 2477 1304 2548 4,
1328 2472 1347 2532 8

203 2573 229 2631 si
253 2578 321 2631 sunt
341 2571 459 2644 inuenio
480 2570 568 2628 mulo.
614 2566 651 2647 V,
675 2574 706 2645 4,
734 2573 786 2632 ll:
809 2572 885 2631 istac
912 2579 1021 2631 aetate.
1067 2568 1164 2632 Mero.
1187 2566 1229 2646 Π,
1256 2572 1286 2646 l,
1311 2571 1349 2631 36

203 2669 317 2744 aspicio
345 2667 445 2739 forma
467 2667 577 2724 mimia
598 2669 762 2726 mulierem.
800 2664 915 2729 Cuccil.
939 2666 1020 2730 Stat.
1043 2664 1185 2730 Plocium
1207 2664 1247 2729 fr.
1280 2671 1308 2743 1,
1338 2680 1362 2727 u

203 2768 277 2829 153:
316 2767 389 2837 Quis
417 2771 584 2824 vostrarum
613 2762 670 2824 luit
700 2765 819 2838 inteqru
848 2764 990 2826 aetatula.
1034 2762 1176 2841 1121.
1204 2766 1279 2826 161:
1315 2783 1350 2824 ex

204 2864 316 2935 templo
340 2863 452 2922 savium
476 2863 537 2920 Dat
557 2861 659 2920 innoc
682 2863 792 2922 anima.
838 2860 1005 2939 Epicleros
1025 2859 1064 2925 fr.
1090 2867 1118 2939 1,
1141 2878 1169 2923 v.
1194 2866 1251 2923 30:
1277 2864 1362 2922 Itane

207 2959 339 3032 Antipho
362 2959 513 3018 iuvenitur
529 2960 662 3031 protlnia
682 2959 749 3029 ilde.
795 2975 822 3020 v,
848 2962 902 3022 31:
926 2963 1058 3020 intanest
1072 2959 1196 3019 madida
1210 2962 1361 3020 memoria

204 3052 475 3133 Hypobolimaeus
497 3051 534 3116 fr.
549 3061 577 3132 5,
600 3072 630 3117 v.
649 3058 704 3118 79:
727 3058 803 3117 Nam
826 3057 857 3116 hi
880 3066 950 3118 suut
975 3059 1088 3118 inimici
1109 3059 1243 3131 pessumi
1264 3057 1362 3129 fronte

205 3153 317 3219 luitura,
346 3153 431 3212 corde
461 3153 547 3213 tristi.
593 3149 719 3215 Terent.
742 3151 860 3217 Heaut.
884 3152 922 3230 V,
956 3160 984 3231 5,
1016 3157 1052 3215 17
1060 3173 1067 3212 :
1104 3154 1250 3214 Rufamne
1283 3156 1361 3215 illan

200 3252 345 3326 virginem
369 3250 515 3325 Caesiam,
539 3265 643 3323 sparso
665 3267 723 3318 ore,
746 3251 861 3312 adunco
883 3252 976 3312 naso?
1021 3251 1102 3314 Eun.
1119 3249 1161 3329 ΙΙ,
1186 3255 1290 3328 1,24:
1314 3255 1362 3313 (lu-

200 3350 242 3408 cit
265 3364 366 3408 seeum
389 3366 448 3408 uua
470 3350 612 3422 virginem
636 3348 713 3408 dono
735 3352 814 3422 huic,
837 3367 944 3424 papae,
968 3351 1060 3408 Focn'e
1087 3351 1216 3410 lconntc.
1265 3349 1357 3413 Andr

201 3440 228 3523 1,
242 3448 313 3521 1,91
330 3461 414 3522 sqq..
431 3445 509 3504 forte
526 3460 611 3504 unam
629 3448 742 3520 aspicio
758 3447 1012 3507 adulescentulam
1021 3448 1133 3505 Forma
1144 3478 1187 3489 -
1199 3444 1362 3509 80.ch

203 3540 342 3602 luctasse.
388 3538 437 3604 SI.
461 3545 503 3602 Et
525 3543 614 3609 coitu,
637 3544 732 3618 Sosia,
756 3545 841 3604 Adeo
856 3545 991 3610 modesto,
1016 3549 1091 3604 auco
1113 3550 1244 3614 vestusta,
1267 3554 1303 3605 ut
1324 3548 1362 3606 nil

203 3658 304 3715 supra.
329 3655 358 3699 v.
379 3641 437 3700 95:
461 3650 491 3700 et
515 3659 573 3715 qua
595 3650 661 3702 erat
683 3642 785 3715 forma
806 3651 927 3717 praeter
950 3650 1067 3703 ceteras
1088 3643 1223 3703 Honesta
1244 3655 1274 3704 et
1300 3645 1362 3704 libe

201 3738 271 3804 ruli,
294 3738 405 3797 accedo
422 3739 459 3798 ud
474 3740 663 3814 pedisequas.
702 3736 837 3819 Adelph.
853 3735 913 3815 ΙΠ,
937 3743 965 3817 3,
982 3742 1036 3803 88;
1061 3742 1167 3800 civium
1182 3771 1225 3782 -
1240 3745 1362 3817 acutiam

202 3833 316 3896 virtute
337 3852 372 3894 ec
394 3835 461 3906 fide.
509 3836 605 3900 Andr.
622 3835 647 3914 I,
675 3843 700 3914 l,
716 3843 757 3900 42
774 3853 859 3916 squ:
884 3842 990 3898 mulier
1013 3841 1158 3914 quaedem
1182 3871 1223 3880 -
1246 3841 1362 3914 eqreoia

203 3932 406 4007 formantque
423 3936 658 4008 aetaten'ntcyra.
683 3933 763 3996 Eun.
781 3932 807 4012 1,
824 3939 852 4009 2,
876 3938 929 3997 52:
953 3939 983 3997 ls
1009 3938 1058 3996 ubi
1082 3953 1147 3996 esse
1172 3936 1249 3996 bana
1264 3936 1362 4008 sornn

201 4031 283 4090 uidet
297 4032 419 4091 nomn
434 4032 586 4108 virginem.
630 4029 758 4093 Phorm.
776 4030 813 4109 V,
831 4035 860 4109 8,
886 4034 942 4094 64:
965 4033 1075 4092 Animo
1097 4033 1181 4093 virili
1199 4035 1362 4105 promente

197 4144 256 4202 que
282 4136 315 4187 ut
342 4130 384 4189 sis
406 4146 490 4204 para.
535 4127 615 4190 Eun.
632 4126 658 4206 1,
679 4132 708 4204 2,
728 4138 763 4190 4:
786 4130 874 4188 Bono
896 4130 996 4188 anima
1018 4148 1058 4190 es.
1104 4129 1185 4193 Eun.
1201 4127 1245 4207 Π,
1262 4132 1293 4207 2,
1311 4134 1351 4193 29

198 4226 250 4283 ubi
273 4256 314 4266 -
337 4228 419 4287 videt
442 4244 487 4285 me
511 4243 577 4286 esse
601 4228 681 4285 tunm
703 4225 822 4287 nonae.
