3125 5075
540 338 551 350 ”
568 357 607 397 ua
622 356 720 399 some.
734 378 760 387 -
773 358 997 401 cosmseurvus.
1302 369 1362 431 193

198 546 332 608 Faueret
354 549 385 616 lu
415 565 472 612 me.
522 565 552 613 v.
586 551 664 613 554:
693 551 770 613 Nem
799 553 831 611 nl
862 552 905 612 itu
932 557 1023 626 esset,
1053 557 1152 613 teeum
1182 567 1299 613 orarem
1328 559 1363 614 ut

192 643 280 718 quod
294 649 424 719 pmrsses
445 648 474 708 el
495 648 567 709 mall
588 649 704 709 Fseere
725 646 854 713 luceres.
898 665 928 710 v.
944 650 1022 712 564:
1045 650 1103 711 ulai
1119 667 1186 710 eum
1200 650 1255 712 illa
1270 667 1362 723 orrum

197 759 258 818 ego
281 743 468 805 moedmsem
494 746 550 806 llbi
577 746 749 821 Occuperes
776 753 842 807 tute
870 743 963 824 [ipse]
992 762 1103 810 amare.
1156 743 1212 826 IV,
1243 750 1273 826 4,
1305 749 1361 811 78:

194 847 234 901 ut
262 849 350 917 puter
377 849 539 920 cognosset
564 844 670 904 llterss
698 844 816 917 quamdo
845 844 932 917 hoel.
982 859 1012 906 v.
1044 845 1086 908 90
1113 858 1173 924 eq.:
1208 847 1308 923 Atque
1331 846 1362 906 id
1481 867 1484 876 ·

195 938 362 1014 pollicetur
383 957 415 1001 ss
439 941 575 1003 duturum
598 959 702 1002 eurum
724 943 807 1020 milri,
828 942 914 1018 Quod
939 941 1004 1003 dom
1031 944 1139 1004 mortis
1168 944 1302 1022 quodeue
1330 946 1363 1004 iu

197 1038 304 1098 lustris
334 1037 474 1098 mmedmn
501 1047 532 1099 et
561 1056 756 1114 oomprmeem,
807 1040 837 1116 9,
874 1040 929 1103 31:
965 1059 1053 1117 quom
1089 1073 1133 1084 -
1160 1042 1360 1104 scinderetur.

195 1151 230 1196 v.
257 1136 333 1198 10⁷:
356 1137 422 1211 Ego
445 1138 490 1197 ius
513 1138 669 1198 iureudum
692 1137 792 1199 verbis
814 1137 969 1214 euneeptls
993 1139 1072 1212 dedi,
1094 1139 1244 1200 Daturum
1267 1140 1362 1202 idme

196 1231 289 1294 hodie
312 1233 429 1293 mulleri
454 1267 493 1278 -—
516 1233 608 1296 Pm'us
628 1254 719 1310 oseam
751 1252 770 1295 u
802 1252 849 1296 me
883 1235 988 1300 eoiret.
1032 1253 1061 1298 v.
1088 1237 1162 1299 1142
1185 1237 1290 1312 Neque
1307 1254 1362 1313 ego

196 1329 274 1392 huut'
295 1333 468 1392 eoumittum
491 1340 533 1410 ut,
555 1333 656 1407 siquid
684 1341 842 1409 peceatum
869 1334 934 1413 siet,
963 1335 1086 1395 l‘ecisse
1114 1333 1197 1396 dieue
1227 1334 1264 1395 de
1294 1351 1362 1396 mse

197 1429 360 1491 sententia.
404 1425 444 1508 V,
469 1433 496 1504 1,
523 1432 575 1494 12:
602 1430 816 1506 (memoravit)
838 1432 993 1493 Relieuom
1016 1433 1046 1492 id
1070 1433 1135 1492 auri
1150 1430 1264 1493 suetum
1284 1431 1363 1506 quod

196 1545 256 1602 ego
282 1529 312 1587 ei
341 1529 548 1590 stultissumus
577 1531 664 1590 homo
680 1529 892 1604 promisissem.
936 1526 1051 1592 Bacch.
1075 1546 1105 1592 v.
1137 1531 1232 1593 1190:
1256 1531 1361 1605 Egone

195 1625 252 1685 srbt'
280 1624 360 1686 lilius
386 1631 600 1714 conrumpatur
621 1644 713 1703 meus,
736 1628 778 1687 ibi
807 1625 929 1703 potem?
972 1642 1001 1690 v.
1028 1630 1124 1692 1191:
1155 1627 1242 1703 Egon
1271 1644 1360 1700 quom

195 1722 275 1783 huee
298 1741 363 1783 uum
387 1725 440 1784 illo
462 1724 587 1785 adsedet
608 1721 797 1800 iuspeoteml
841 1742 869 1788 v,
895 1727 995 1789 1193:
1027 1725 1095 1785 dum
1125 1726 1216 1786 visse.
1261 1723 1358 1789 Most.

195 1815 256 1898 IV,
285 1823 315 1897 2,
344 1823 402 1884 59:
431 1822 471 1881 Et
495 1825 653 1896 postquem
681 1825 743 1885 eius
767 1825 836 1883 hine
866 1834 955 1900 puter
978 1821 1024 1882 Sit
1045 1821 1199 1898 profectus
1222 1839 1360 1902 peregre,

196 1928 263 1980 tum
292 1925 469 1996 perpotesse
500 1919 625 1982 adsidue
655 1923 704 1982 hie
732 1924 819 1982 simul
847 1923 910 1982 Tuo
937 1938 1003 1982 eum
1033 1921 1152 1982 domino
1175 1917 1235 1996 (se.
1263 1917 1359 2010 eisd).

196 2015 269 2080 Mil.
312 2015 368 2096 lv,
391 2023 423 2096 4,
445 2020 500 2081 49;
523 2019 774 2080 Philocomasium
797 2022 953 2096 ureessitu,
975 2019 1026 2092 Ut,
1048 2019 1076 2079 εἰ
1095 2022 1176 2079 itura
1204 2019 1244 2078 sit
1263 2018 1356 2078 Athe·

196 2117 271 2191 uus,
286 2123 337 2177 eut
358 2123 457 2177 tecum
480 2115 517 2176 ud
540 2124 668 2191 portum.
720 2114 819 2181 Mero.
845 2113 909 2194 III,
936 2119 966 2193 2,
998 2118 1031 2177 7;
1059 2116 1243 2178 Adulescens
1273 2132 1359 2188 quom

194 2215 264 2282 aeis,
289 2222 350 2274 tum
380 2219 498 2288 quumst
528 2217 647 2289 sanguis
677 2217 806 2290 integer,
836 2215 892 2275 Rei
927 2222 958 2273 te
995 2215 1187 2288 quaerundae
1221 2216 1359 2275 eoureuit

196 2315 328 2388 Operam
351 2312 434 2371 dare.
479 2310 593 2376 Pseud.
617 2311 643 2381 Ι,
667 2315 697 2388 2,
722 2315 778 2375 35:
804 2330 840 2373 ue
856 2328 940 2373 mors
962 2327 1038 2387 quae
1062 2313 1112 2385 sit,
1137 2328 1249 2388 coquos
1271 2327 1358 2386 quom

193 2412 304 2472 veniel.
350 2414 380 2487 5,
405 2412 445 2473 23
467 2426 528 2489 eq.:
552 2413 680 2472 Probum
702 2417 820 2485 putrem
836 2428 903 2471 esse
919 2415 1049 2484 oportet,
1066 2409 1116 2484 qui
1132 2415 1253 2484 gnatum
1274 2426 1357 2470 suum

196 2511 275 2570 Esse
298 2509 468 2584 probiorem
490 2523 577 2585 quam
598 2511 682 2584 ipsus
704 2507 800 2580 feerit
820 2511 963 2584 postulet.
1013 2523 1041 2568 v·
1065 2506 1120 2568 68:
1152 2524 1274 2582 aequam
1300 2510 1359 2568 scis

196 2607 292 2670 fillum
325 2608 479 2669 silicinum
514 2609 614 2668 Meum
649 2607 772 2668 emere?
804 2604 863 2669 PS.
912 2601 981 2664 Ναὶ
1010 2600 1078 2683 γάρ.
1127 2601 1176 2668 s1.
1212 2605 1358 2689 Liberere

196 2722 291 2779 ouum
311 2704 403 2764 velit?
425 2720 453 2764 v.
473 2708 547 2768 151:
572 2705 637 2778 Quo
660 2722 713 2766 vos
736 2707 893 2778 oblectem,
916 2706 994 2764 hene
1017 2702 1148 2764 fabulam
1163 2702 1235 2762 dum
1257 2706 1359 2762 murts·

196 2803 290 2877 s'pum.
333 2798 524 2880 1v‚s,1s:
555 2802 657 2880 [quta
689 2821 754 2864 eum
786 2802 847 2879 his]
877 2811 977 2863 metuo
1004 2817 1042 2861 ne
1071 2801 1124 2860 ille
1154 2801 1212 2862 hue
1237 2803 1360 2876 Harpax

199 2900 330 2961 sdaeust
351 2899 533 2974 Priusquam
555 2902 625 2961 hinc
657 2901 706 2962 hie
727 2903 851 2978 Harpax
873 2902 982 2961 odlemt
997 2915 1063 2960 eum
1078 2901 1213 2960 muliere.
1258 2917 1287 2962 v.
1307 2904 1359 2962 17:

198 2998 261 3059 (lor
282 3001 441 3073 conligatis
465 3001 543 3060 assis
566 3005 707 3074 expectat
729 3016 823 3075 suum,
847 2996 881 3057 Sr'
895 3015 954 3056 nom
967 2997 1073 3058 eumer
1088 2998 1243 3058 mulierem
1259 3016 1358 3059 seeum

197 3099 302 3171 semul,
330 3098 372 3159 Ut
400 3099 550 3159 exulatum
580 3114 618 3157 ex
645 3103 769 3172 pectore
797 3094 932 3170 aufugiat
953 3111 1030 3154 meo.
1056 3097 1085 3169 ’1,
1112 3097 1150 3155 12
1173 3108 1237 3173 sq.:
1271 3097 1357 3156 Nunc

197 3211 254 3270 ego
283 3196 368 3256 illum
398 3202 498 3257 metuo
528 3212 617 3271 quom
646 3196 695 3255 hle
723 3211 782 3254 uon
806 3193 901 3260 edem,
931 3209 967 3251 ue
991 3198 1120 3252 metuam
1142 3208 1230 3265 orrum
1252 3192 1356 3255 adstet.

197 3308 227 3352 v.
260 3294 314 3355 16:
342 3294 426 3356 Leno
452 3294 505 3354 udi
533 3298 607 3354 esset
635 3294 728 3367 domi,
763 3309 810 3352 me
839 3292 920 3352 eibst
950 3305 1116 3350 arcessere.
1162 3306 1190 3352 v.
1225 3291 1263 3352 51
1295 3306 1358 3369 sq.:

195 3392 264 3451 Heu
285 3391 340 3451 tibi
363 3409 432 3452 erus
455 3408 501 3451 me
523 3392 612 3453 iussit
633 3388 714 3451 ferre
737 3388 1118 3463 Polumseheeroplsgides‚
1142 3387 1227 3464 Quod
1240 3388 1356 3450 delibe-

195 3492 250 3548 ret.
295 3485 392 3551 Peen.
415 3486 496 3568 prol.
520 3504 550 3549 v.
578 3493 633 3557 19;
656 3489 723 3549 Neu
746 3504 861 3548 sessum
885 3487 983 3555 duest,
1005 3484 1077 3544 dum
1099 3486 1207 3546 histrio
1221 3488 1251 3545 iu
1268 3505 1360 3548 soeua

195 3590 260 3649 siet.
283 3584 344 3664 Ill,
370 3592 396 3666 l,
420 3590 475 3650 31:
497 3604 586 3663 quem
607 3587 691 3648 velle.
716 3588 745 3664 3,
770 3587 827 3648 68:
858 3583 968 3645 Videre
997 3583 1133 3659 equidem
1161 3601 1213 3645 uos
1242 3587 1360 3662 vellem,

196 3702 285 3761 quom
307 3686 355 3745 lle
378 3702 482 3746 surum
503 3684 615 3753 dorm,
638 3682 692 3748 ubi
722 3700 809 3760 prom
836 3688 886 3746 est
911 3678 1088 3760 temporale
1117 3684 1151 3744 et
1185 3687 1359 3763 propterea

196 3784 325 3847 tentum
356 3796 429 3845 eum
455 3780 658 3847 coniunctius
685 3784 737 3846 eet
765 3778 983 3857 coniunctum,
1019 3774 1103 3857 quod
1135 3776 1281 3843 subiecta
1310 3785 1362 3845 est

195 3880 278 3945 lusee
301 3876 482 3944 enuncietie
505 3874 599 3943 elteri
621 3896 681 3961 per
702 3877 937 3944 coniunctivum
963 3876 1065 3936 uellem
1091 3872 1211 3941 elatee.
1241 3874 1299 3957 IV,
1329 3883 1359 3957 2,

197 3983 258 4047 59:
281 3979 360 4053 Quid
383 3994 454 4055 ergo
476 3979 605 4056 dubitus,
629 3981 701 4056 quin
723 3979 863 4039 lubenter
886 3982 939 4039 tuo
962 3992 1014 4036 ero
1038 3992 1131 4051 meus,
1155 3976 1234 4049 quod
1249 3978 1364 4052 possiet

195 4080 324 4152 Fecere,
346 4076 441 4138 lselst
462 4070 562 4137 male?
583 4073 671 4140 Pers.
695 4075 722 4154 1,
748 4079 774 4151 1,
799 4078 856 4139 27:
880 4091 948 4135 oum
970 4072 1014 4134 eis
1033 4074 1218 4150 belligerem,
1245 4075 1361 4152 Qoldm

197 4184 246 4238 ast
274 4192 342 4237 esse
369 4191 428 4236 usu
456 4174 584 4249 oneum?
612 4176 641 4253 3,
671 4176 725 4237 72:
756 4175 798 4235 Et
828 4180 859 4234 ut
887 4170 1008 4249 edfleut,
1035 4187 1123 4245 esrom
1150 4189 1187 4233 ea
1214 4178 1360 4239 monerer.

195 4264 699 4351 1142,s=s'ettev010mrm,
729 4278 763 4333 ut
785 4272 866 4332 deml
889 4272 944 4345 sle,
971 4286 1061 4343 quom
1089 4286 1144 4344 ego
1171 4275 1203 4330 te
1225 4287 1292 4332 esse
1315 4271 1362 4341 illi

196 4386 341 4433 remerare.
385 4387 415 4434 v.
438 4373 474 4434 9:
500 4372 544 4432 uti
567 4372 646 4432 domi
668 4370 733 4444 alm,
756 4385 844 4443 orrom
866 4369 910 4429 illl
933 4384 1060 4429 erueres.
1105 4364 1160 4444 IV,
1176 4368 1207 4443 3,
1223 4368 1278 4431 24:
1301 4371 1360 4433 mei

249 4469 334 4517 Helm,
347 4469 459 4520 syntaxis.
486 4471 515 4510 ΙΙ.
1112 4471 1150 4535 13
