3125 5075
452 551 549 605 ouius
562 563 832 608 sumnunruvosun.
846 585 871 596 -
891 563 1030 609 nonnum
1303 572 1344 630 25

194 742 214 814 4,
230 741 279 801 54:
298 738 364 799 Sed
379 757 467 800 nuno
490 741 670 814 quantillum
689 745 952 818 assumamini,
976 743 1173 816 Mnesiloche,
1198 742 1246 801 dio
1260 743 1343 802 mihi.

193 831 270 900 here.
291 833 333 914 V,
356 838 397 916 2,
422 841 481 902 13:
509 840 638 915 Egomet
659 842 731 901 mihi
753 840 819 903 iero
841 841 920 915 qaod
940 846 1032 902 aaut.
1077 836 1168 918 Cept.
1192 836 1222 916 1,
1246 842 1280 915 2,
1303 841 1341 901 61

195 929 402 1015 (athellena
429 938 521 1004 382l:
555 939 630 999 Tum
652 941 808 1000 maritumi
829 959 927 1000 omnes
948 940 1056 999 milites
1082 955 1155 1012 opus
1180 943 1252 998 aaut
1278 939 1342 999 tihi.

194 1027 292 1098 leand.
315 1033 365 1112 Π,
387 1038 425 1113 4,
448 1039 504 1100 23:
537 1037 616 1113 qnod
638 1056 713 1114 opus
736 1047 793 1099 est.
839 1037 968 1103 Terent.
994 1033 1128 1116 Adelph.
1151 1034 1216 1113 111,
1244 1039 1278 1113 2,
1303 1039 1343 1099 37

196 1129 341 1206 (lerizon
370 1132 407 1197 in
428 1134 501 1199 add.
526 1133 568 1200 ed
589 1133 696 1200 Sanct.
723 1153 753 1216 p.
778 1133 872 1211 798);
906 1154 941 1197 uo
969 1137 1070 1212 potius
1097 1136 1176 1207 quod
1201 1136 1239 1196 ad
1266 1136 1344 1196 hane

194 1247 244 1291 Μ
265 1249 340 1306 09148
367 1238 413 1294 eat
439 1251 531 1310 porro
556 1238 706 1311 prospice.
749 1232 828 1298 Heu.
852 1232 906 1311 IV,
930 1239 966 1311 4,
993 1237 1049 1298 43:
1087 1232 1247 1293 Remissoa
1272 1250 1346 1306 opus

195 1331 225 1390 sii
240 1331 323 1392 vohis
342 1332 510 1393 redduotoo
531 1333 659 1394 domum.
704 1329 831 1396 Phorm.
855 1330 921 1406 ΙΙΙ,
952 1336 986 1408 3,
1010 1333 1066 1393 24:
1100 1333 1252 1407 Quantum
1273 1348 1346 1404 optes

196 1431 229 1488 ut
245 1429 299 1488 tihi
322 1433 450 1505 urgenti.
493 1428 610 1495 Heaut.
627 1429 665 1511 V,
687 1433 715 1508 1,
740 1435 782 1495 29
805 1427 920 1505 (Rndd.
938 1445 968 1508 p.
986 1429 1058 1503 67);
1082 1428 1217 1505 Sponsae
1239 1433 1345 1488 omum

198 1543 292 1587 esrum
313 1533 407 1603 atque
429 1529 557 1592 arcillos
578 1547 652 1604 opas
673 1547 740 1591 esse.
786 1527 886 1592 Andr.
909 1526 952 1604 Π,
978 1530 1005 1604 1,
1030 1531 1088 1591 37:
1122 1530 1163 1590 At
1185 1533 1218 1588 tn
1240 1527 1345 1586 hercle

197 1625 262 1686 lund
282 1628 441 1702 quiequam
464 1630 545 1703 mihi,
567 1630 634 1689 Nisi
656 1646 693 1689 ee
715 1645 792 1701 puae
815 1629 857 1688 nil
881 1644 953 1700 opus
973 1630 1044 1688 aaut
1064 1628 1145 1688 solri.
1176 1621 1230 1694 IV,
1253 1625 1285 1700 4,
1312 1626 1344 1687 1:

197 1739 259 1795 puae
280 1741 355 1798 opus
376 1724 461 1796 suero
480 1726 518 1786 ed
541 1727 672 1802 nuptias.
718 1723 774 1803 IV,
809 1730 842 1803 1,
872 1728 926 1789 58:
960 1727 1001 1786 At
1028 1726 1086 1786 iam
1113 1726 1166 1783 hoo
1192 1740 1264 1796 opus
1293 1727 1343 1782 est.

197 1818 239 1883 ii.
261 1825 290 1897 2,
315 1824 372 1884 al:
394 1824 457 1883 Iam
479 1825 532 1883 hoo
553 1841 626 1897 opta
648 1829 697 1884 est.
730 1821 848 1887 Heaut.
864 1821 924 1898 ΙΠ,
948 1827 976 1900 2,
997 1827 1053 1887 47:
1076 1822 1250 1882 Videbimus
1273 1821 1346 1893 quid

198 1935 255 1992 opu
276 1921 323 1979 sit.
370 1918 504 2000 Adelph.
527 1918 582 1998 IV,
607 1926 643 1998 5,
673 1926 727 1986 ia:
761 1940 837 1998 qnae
861 1939 935 1997 opus
958 1928 1035 1983 sunt.
1082 1917 1159 1983 Heu.
1183 1915 1221 1995 V,
1245 1920 1278 1986 2,
1309 1920 1344 1980 2:

200 2018 262 2091 qnod
283 2037 360 2093 opus
382 2020 430 2079 sit.
471 2016 640 2083 Nonnullis
661 2017 739 2083 locis
759 2018 890 2083 dubium
914 2022 974 2094 est,
996 2035 1072 2081 num
1095 2013 1281 2081 nominativi
1304 2031 1345 2078 an

200 2111 315 2178 eblutivi
334 2114 431 2196 positi
453 2115 528 2193 sint,
552 2133 623 2180 oum
645 2134 705 2197 per
725 2122 864 2181 metrum
885 2114 1014 2195 quidem
1031 2113 1161 2194 utrique
1184 2129 1255 2176 esse
1271 2127 1346 2191 pos·

201 2208 257 2274 sint.
300 2210 353 2277 Sia
368 2211 471 2277 Plent.
486 2212 568 2278 Rud.
585 2213 641 2292 IV,
663 2222 694 2290 4,
718 2218 759 2280 39
782 2213 937 2288 (Perizon.
961 2212 1001 2277 ad
1025 2209 1056 2276 S.
1080 2230 1110 2292 p.
1129 2215 1201 2275 797.
1240 2207 1342 2272 Rndd.

203 2304 233 2385 ll,
251 2325 280 2387 p.
297 2312 348 2389 67,
372 2309 479 2374 adnot.
503 2314 573 2388 al):
596 2315 664 2374 Hoc
685 2332 781 2390 neque
805 2315 874 2374 istie
896 2317 981 2372 ranst
1002 2317 1034 2371 et
1054 2312 1099 2369 illi
1121 2311 1250 2371 miserae
1274 2327 1343 2383 snp-

202 2410 281 2480 peties
302 2408 390 2482 ieret,
414 2408 476 2472 rid.
492 2407 651 2490 Krueger.
673 2425 805 2491 gramm.
827 2407 883 2472 lat.
906 2426 937 2488 p.
961 2411 1034 2485 491,
1057 2406 1162 2471 adnot.
1179 2410 1209 2469 4.
1246 2404 1342 2469 Poen.

203 2499 228 2577 i,
248 2509 274 2583 9,
300 2509 377 2570 lai:
410 2517 462 2568 tna
484 2526 558 2584 opus
580 2516 628 2570 est
650 2510 779 2584 operar)
823 2506 913 2571 Pers.
935 2504 977 2584 ΙΙ,
1004 2509 1030 2584 l,
1057 2507 1109 2568 11:
1145 2504 1222 2579 Quid
1245 2505 1273 2564 ei
1293 2505 1345 2564 ho-

203 2605 259 2663 nini
281 2623 353 2679 opus
375 2609 484 2667 ullust?
521 2605 614 2672 Truc.
631 2605 670 2684 V,
693 2611 752 2670 44:
777 2609 841 2666 olio
864 2610 949 2680 opum
970 2607 1036 2665 anri
1059 2606 1150 2663 mina.
1186 2600 1285 2665 Merc.
1301 2599 1344 2675 ΙΙ,

206 2699 295 2767 ita:
331 2704 415 2763 Nihil
438 2710 523 2778 opstat
547 2708 632 2766 nobis
655 2707 782 2773 aneilla,
816 2707 874 2765 nisi
904 2722 979 2780 qnae
1008 2709 1104 2775 texat,
1140 2719 1215 2777 quae
1244 2700 1344 2760 molat.

205 2791 282 2862 llere.
309 2816 338 2860 ν.
362 2802 439 2863 423:
473 2805 547 2862 nihil
569 2805 642 2864 istoc
663 2810 756 2876 opust.
801 2800 868 2865 Mil.
892 2800 952 2875 ΙΙΙ,
979 2806 1006 2880 l,
1032 2803 1107 2863 195:
1140 2801 1192 2859 Set
1215 2798 1287 2873 quid
1310 2815 1347 2856 eo

205 2910 256 2957 uns
280 2900 344 2958 esi?
389 2895 571 2978 aurelii,
605 2906 659 2966 la:
689 2920 775 2963 nssns
807 2909 854 2962 est
876 2900 1012 2975 pecnnia.
1057 2894 1263 2973 Au1.1v,o‚
1289 2897 1345 2957 13;

205 3006 253 3054 nn
275 3015 362 3072 quarn
385 2999 425 3056 mi
449 3017 520 3072 opus
541 3004 584 3059 est
605 3000 678 3059 sito.
722 2996 819 3062 Poen.
843 2996 903 3069 ΙΙΙ,
931 3003 962 3075 1,
986 3002 1042 3059 44;
1063 2997 1168 3068 Scitis,
1192 3011 1254 3054 rem
1277 3011 1345 3053 nar·

204 3095 249 3151 nri
270 3096 368 3166 vobis,
403 3098 480 3170 qnod
502 3101 603 3157 vostro
625 3115 716 3171 opera
743 3115 816 3172 opus
837 3099 934 3161 aioth
978 3092 1074 3156 Poen.
1098 3091 1135 3169 V,
1160 3094 1189 3167 6,
1216 3094 1269 3154 16:
1304 3093 1347 3150 Et
1384 3126 1386 3130 -

204 3191 255 3249 nihi
277 3193 396 3267 quidem
421 3211 491 3252 mna
513 3195 629 3269 argenti
653 3192 723 3270 (int.
747 3214 823 3272 opus
846 3202 902 3268 est,
927 3190 1012 3273 quod
1035 3188 1235 3270 praecessit).
1271 3186 1310 3250 H.
1324 3185 1344 3250 l.

204 3282 312 3351 inetur
333 3287 496 3352 ablativus
518 3289 735 3369 verisimilior,
768 3289 918 3372 quoniam
942 3287 1118 3369 praecessit
1141 3283 1267 3366 quidem
1292 3287 1347 3347 dn·

202 3384 274 3459 ilum.
295 3385 355 3450 sed
377 3386 521 3466 proxime
544 3388 689 3468 sequitur
711 3392 867 3466 suppliciis
890 3391 1001 3450 multis.
1032 3386 1159 3450 Terent.
1176 3382 1274 3446 Andr.
1291 3381 1345 3461 lV,

203 3480 219 3551 3,
238 3488 256 3543 7
272 3500 334 3563 sa:
358 3504 437 3545 nuno
460 3504 532 3559 opus
554 3493 597 3547 est
621 3492 673 3548 hro
696 3489 773 3549 Mihi
796 3489 833 3548 ad
856 3488 934 3547 hane
958 3504 1020 3546 rem
1037 3488 1207 3557 exprompta
1229 3483 1346 3541 molitio

202 3585 272 3655 itque
295 3584 419 3642 astutia.
463 3601 491 3646 v.
515 3586 556 3648 23
581 3582 736 3655 (Perizon.
760 3584 800 3649 ad
824 3583 854 3649 S.
878 3582 921 3646 M.
945 3600 975 3662 p.
1000 3584 1061 3643 799
1090 3583 1125 3642 et
1150 3578 1183 3641 in
1211 3576 1281 3640 odd.
1306 3575 1347 3639 ed

203 3687 221 3751 p.
235 3680 323 3745 798l:
349 3681 446 3755 siquid
462 3692 518 3756 est,
544 3685 628 3757 Qnod
650 3702 716 3743 meo
738 3701 827 3758 opero
850 3700 923 3756 opus
944 3682 984 3741 sit
1005 3680 1097 3750 nobis,
1121 3674 1161 3739 ad
1184 3691 1277 3754 quem
1301 3673 1347 3735 lo·

204 3786 257 3836 nnn
279 3774 409 3841 Ramsh.
433 3778 464 3842 in
488 3796 620 3858 mamm.
644 3778 699 3843 lat.
723 3798 753 3860 p.
778 3784 839 3843 265
863 3777 967 3841 adnot.
997 3782 1007 3839 l
1034 3772 1186 3849 affirmat,
1215 3770 1346 3835 ubicun-

205 3882 249 3944 qne
262 3890 289 3936 u.
305 3894 380 3951 opus
398 3885 444 3937 est
459 3876 660 3940 aecusativus
680 3876 734 3957 qui
750 3875 869 3940 dieitur
884 3892 1020 3956 graecus
1039 3872 1072 3935 in
1089 3888 1206 3952 genere
1231 3874 1346 3932 neutro

208 3968 308 4039 positus
331 3976 381 4041 tut
403 3971 433 4036 h.
457 3971 476 4034 l.
502 3975 600 4049 quod)
624 3974 856 4053 praecesserit,
880 3971 1055 4037 ablativum
1078 3969 1124 4034 rei
1148 3967 1232 4048 poni,
1261 3964 1345 4045 quod

210 4074 254 4137 no
273 4075 463 4149 argumento
485 4070 577 4134 nisus
600 4071 716 4136 dixerit
741 4072 858 4136 nescio.

261 4238 280 4299 Ἰ
298 4239 342 4294 Sic
358 4248 436 4295 reete
456 4237 611 4294 emendavit
624 4238 750 4294 Bothius.
776 4238 867 4306 Vulgo
887 4244 983 4292 eontra
1001 4243 1133 4288 metrum:
1154 4237 1202 4285 tuo
1220 4235 1260 4283 eut
1276 4243 1349 4297 opus

216 4327 284 4463 ⁶¹ml)
297 4404 424 4459 linitores
444 4414 510 4459 ante
528 4418 599 4477 σφας
615 4402 720 4457 addunt
739 4405 800 4469 mii,
824 4400 898 4469 quod
917 4398 999 4454 etiem
1018 4397 1045 4451 in
1065 4395 1144 4451 oodd.
1164 4404 1222 4460 est,
1251 4399 1348 4447 eontra

214 4490 308 4540 aarum.
342 4486 429 4543 Recte
448 4484 530 4540 eiecit
549 4484 663 4540 Rostim
684 4500 778 4555 opuso
798 4483 887 4537 Plaut.
906 4482 933 4552 Ι,
952 4498 979 4550 p.
1002 4482 1065 4547 149,
1093 4493 1194 4532 uuonan
1212 4475 1348 4540 consulto,

214 4570 251 4613 n⁰¹¹
266 4578 372 4623 anatot.
