3125 5075
572 334 718 376 noemma
746 334 979 377 eannucuuaauu.
1289 340 1351 403 369

202 521 272 584 ΒΑ.
294 524 387 599 Quia,
413 528 437 585 si
461 525 538 587 forte
561 546 635 603 opus
659 528 698 587 sit
719 528 758 587 ad
780 545 863 587 erum
886 528 984 587 inusto
1007 527 1078 585 mihi
1101 526 1166 586 Non
1190 525 1354 600 adposisse,

201 627 237 679 nt
259 622 372 695 liquido
394 626 514 702 possin,
538 622 593 688 ubi
615 625 687 698 quio
708 622 858 688 abundat
881 620 1212 700 Eon.1v‚4,1e.17.
1236 620 1353 685 Hesut.

202 715 265 794 ΙΙΙ,
293 724 323 797 l,
348 724 404 785 96:
437 742 533 784 eo-
566 724 645 796 quia.
693 719 825 800 Adelph.
849 719 882 798 Ι,
913 724 950 798 2,
978 723 1028 783 20.
1071 718 1121 784 De
1153 721 1295 794 mnam
1324 735 1354 781 v.

201 814 286 891 §48
302 834 330 879 a.

289 934 315 979 c.
359 918 521 995 Quoniam,
552 917 763 997 compositum
792 934 830 979 ex
861 935 949 990 quom
976 918 1055 994 iom,
1090 913 1226 995 primum
1257 912 1357 979 habet

201 1011 464 1091 significationem
487 1015 694 1094 temporalem
719 1013 771 1093 (cf.
788 1015 902 1079 Donat.
926 1013 966 1078 ad
981 1012 1109 1078 Terent.
1125 1010 1259 1091 Adelph.
1275 1011 1356 1091 prol.

202 1109 305 1189 init),
336 1128 418 1192 quae
440 1111 554 1176 deinde
576 1100 671 1178 simili
694 1112 787 1177 modo
809 1116 906 1191 atque
935 1112 1076 1186 inquom
1104 1107 1263 1191 particula
1285 1105 1356 1173 fieri

203 1208 356 1288 vidimus,
392 1210 424 1273 in
458 1210 616 1276 causalem
650 1228 685 1275 se
718 1208 889 1275 convertit:
925 1208 1084 1274 nonnullis
1112 1207 1191 1273 locis
1219 1204 1355 1288 utroque

202 1303 393 1385 significatio
422 1307 766 1390 coniunctamque,
801 1312 838 1371 ut
864 1306 916 1371 vix
945 1307 1127 1374 discernere
1157 1304 1259 1387 possis
1283 1311 1356 1368 utra

203 1404 399 1482 praevaleat.
429 1406 571 1472 Lindem.
594 1406 636 1472 ad
657 1405 760 1470 Plaut.
787 1402 876 1485 Cant.
902 1403 965 1483 III,
991 1411 1026 1484 1,
1050 1408 1104 1469 30:
1128 1405 1306 1483 ,Quoniam
1329 1403 1357 1466 si

204 1505 293 1565 recte
323 1503 470 1580 coniicio,
504 1521 619 1569 causae
652 1504 812 1569 notionem
845 1522 916 1569 oum
943 1503 1097 1582 temporis
1124 1497 1355 1583 significatione

203 1600 408 1681 coniungit.“
453 1601 539 1665 Idem
568 1603 608 1667 ad
639 1601 723 1668 Trin.
752 1602 831 1683 prol.
860 1620 888 1666 v.
916 1607 953 1665 ll
987 1603 1147 1678 (emm
1175 1603 1203 1660 ei
1230 1603 1279 1676 qni
1310 1618 1356 1660 ne

204 1702 268 1758 alat
299 1703 339 1759 nil
371 1702 456 1762 video
486 1720 552 1762 esse
583 1700 716 1781 relicus:
752 1704 918 1779 „Quoniam
945 1715 1073 1762 causam
1102 1715 1173 1762 cum
1204 1695 1358 1775 temporis

205 1795 272 1858 sive
302 1798 475 1862 occasionis
506 1798 634 1863 notione
663 1799 804 1863 iunctam
836 1795 964 1862 habet“
1009 1794 1170 1861 Acidalius
1199 1793 1293 1858 adh.
1316 1792 1357 1856 l.:

206 1892 246 1971 „i.
271 1910 297 1956 e.
321 1900 498 1974 postquam.
543 1894 614 1961 Non
637 1897 719 1962 enim
741 1897 824 1961 ratio
854 1896 965 1974 datur,
994 1911 1051 1958 cur
1078 1891 1262 1957 adolescens
1286 1909 1356 1957 rem

204 1990 394 2071 perdiderit:
425 1993 482 2058 sed
504 1993 559 2057 illa
583 1995 722 2073 perdita,
745 2000 915 2076 postquam
936 1991 980 2057 nil
1003 1989 1176 2071 superfuit,
1207 1990 1237 2054 ei
1259 1986 1358 2054 filiam

205 2108 296 2154 suam
319 2090 460 2155 Luxuria
482 2092 598 2157 dicitur
620 2092 788 2157 iunxisse.“

290 2190 324 2262 α)
370 2190 552 2264 Sionifioalio
574 2193 751 2267 temporalis.
794 2188 898 2253 Plaut
911 2187 983 2253 Aul.
1005 2186 1085 2267 prol·
1107 2206 1137 2250 v.
1155 2191 1189 2252 9:
1212 2190 1242 2249 ls
1264 2205 1356 2260 quoo-

204 2289 266 2346 iom
296 2292 439 2366 moritur,
470 2290 513 2350 ita
539 2290 625 2350 avido
654 2291 772 2360 inuenio
802 2289 873 2360 init,
902 2290 1059 2362 Nunquam
1087 2288 1221 2347 indicare
1244 2286 1274 2344 id
1296 2286 1358 2345 lilio

208 2387 301 2446 voluit
323 2405 376 2447 sno
399 2382 462 2464 (Ap
484 2388 624 2460 quoniam
647 2368 738 2464 (qni),
760 2386 814 2465 Ag
829 2368 905 2464 ᾦῖἶ).
929 2381 1043 2447 Bacch.
1066 2381 1106 2462 H,
1123 2388 1152 2463 3,
1176 2386 1225 2446 58.
1249 2401 1278 2444 v.
1302 2386 1358 2446 702

207 2485 356 2560 Quoniam
389 2486 529 2560 commu
555 2469 596 2526 -’
626 2487 734 2549 vident.
785 2482 871 2548 Trin·
899 2480 929 2561 I,
959 2486 994 2557 2,
1027 2485 1085 2545 112
1124 2483 1184 2558 l=
1206 2498 1236 2545 u.
1262 2483 1357 2554 lust:

207 2585 357 2659 Quoniam
379 2587 448 2646 hinc
469 2584 638 2661 proieetnst
660 2583 731 2662 [ire]
754 2601 881 2660 peregre
904 2583 1095 2654 Charmides,
1125 2579 1165 2644 ad
1188 2595 1218 2659 q.
1241 2578 1262 2643 l.
1285 2577 1360 2642 Liu-

209 2678 304 2743 dem:
329 2685 492 2760 ‚dumam
514 2681 543 2746 h.
568 2679 588 2744 l.
610 2699 730 2747 meram
755 2677 910 2761 temporis
932 2678 1091 2743 notionem
1114 2676 1220 2756 habet,
1241 2681 1279 2740 ut
1292 2674 1360 2741 lene

209 2775 293 2838 idem
316 2780 359 2841 sit
381 2778 465 2857 quod
487 2798 592 2852 quum,
610 2785 797 2855 posquam

294 2872 327 2953 (J)
372 2876 558 2949 Siqnificato‘o
588 2881 727 2941 massalis.
771 2875 865 2941 Ennii
892 2872 1101 2955 Epicharmus
1127 2869 1165 2936 tr.
1191 2879 1226 2952 7,
1257 2890 1285 2935 V.
1311 2877 1360 2937 12.

210 2968 314 3034 Plaut.
327 2968 441 3049 Amph.
463 2969 506 3047 11,
523 2977 551 3050 u,
576 2976 647 3036 205.
671 2974 760 3037 Asin.
781 2973 807 3052 l,
824 2978 854 3052 3,
870 2977 899 3037 9.
922 2970 1018 3037 such.
1042 2990 1072 3035 v.
1094 2975 1173 3036 483:
1198 2974 1248 3037 Sic
1270 2990 1363 3046 quos·

211 3071 274 3128 iam
306 3072 348 3130 nil
384 3071 540 3145 processit.
590 3068 675 3134 Trin.
697 3069 729 3148 Ι,
753 3074 788 3145 2,
818 3074 858 3133 75
887 3071 948 3144 (=
970 3086 998 3131 v.
1024 3070 1104 3143 112).
1134 3068 1227 3133 True.
1251 3068 1298 3148 ΙΙ,
1330 3075 1362 3146 4,

210 3171 261 3229 48.
285 3164 412 3230 Terent.
436 3165 536 3231 Andr.
559 3165 607 3237 Π,
631 3172 663 3245 Ι,
689 3171 722 3230 5:
753 3170 894 3243 quoniam
922 3186 979 3228 non
1006 3174 1108 3242 potest
1133 3168 1164 3226 id
1195 3169 1261 3228 fieri
1284 3169 1360 3244 quod

209 3267 268 3337 vis,
293 3266 328 3325 ld
349 3267 424 3326 nelis
446 3267 524 3341 qnod
546 3269 651 3343 possit

296 3360 324 3424 d.
369 3365 483 3441 Quippe
505 3363 599 3428 Ennii
620 3361 723 3427 uuusl
746 3361 867 3442 LXVI,
889 3359 929 3426 fr.
946 3367 979 3426 2:
1001 3364 1114 3441 Quom
1135 3370 1253 3425 vetusta
1268 3365 1361 3424 virum

211 3479 267 3520 non
293 3470 339 3521 est
362 3464 435 3523 satis
457 3463 537 3523 bella
560 3465 674 3524 moneri
695 3461 825 3537 (Festus
842 3478 872 3540 p.
889 3458 1009 3525 25711.
1033 3463 1161 3540 „quippe
1183 3457 1363 3540 siguificare

210 3556 286 3636 quid
316 3557 348 3620 ni
374 3557 557 3623 testimonio
585 3563 636 3623 est
664 3558 788 3623 Ennius
817 3558 839 3629 Ι.
866 3557 928 3638 XI,
954 3552 1038 3623 idem
1067 3557 1087 3622 l.
1115 3555 1221 3621 XVI.“
1249 3561 1364 3619 nanae·

212 3654 384 3735 Bergkius3
419 3654 553 3721 Vahlen
581 3659 714 3723 moverit
742 3656 762 3721 Ι.
794 3656 855 3737 ΙΙΙ,
882 3655 921 3722 ir.
947 3663 980 3721 1:
1012 3658 1125 3734 Quippe
1151 3659 1249 3717 solent
1275 3675 1363 3730 reges

209 3771 311 3816 omnes
339 3756 368 3814 in
402 3756 492 3817 rebus
521 3757 658 3817 secundis
685 3755 814 3832 (Festus
841 3755 861 3819 l.
895 3773 938 3835 e,
971 3754 1027 3819 ubi
1060 3761 1166 3819 umen
1192 3753 1363 3820 Decemus:

210 3850 382 3930 „Attamen
403 3850 436 3914 in
456 3851 601 3916 versibus
622 3851 728 3932 Ennii,
750 3869 831 3933 quos
852 3853 970 3919 Festus
990 3851 1033 3917 ad
1054 3849 1234 3933 exemplum
1263 3851 1365 3916 addu-

210 3947 262 4027 cit,
283 3952 389 4026 quippo
410 3968 472 4014 non
494 3952 616 4024 quidni,
637 3951 694 4015 sed
715 3954 856 4026 quoniam
878 3946 1048 4032 significat.
1091 3946 1202 4029 Neque
1225 3965 1364 4029 unquam

210 4047 316 4121 quippe
338 4063 396 4127 pro
425 4049 531 4124 quidni
556 4045 710 4128 scriptum
736 4047 897 4129 reperias,
929 4047 987 4113 sed
1016 4049 1128 4128 quippe
1149 4045 1212 4112 ni.“
1257 4045 1361 4113 Plant

210 4143 326 4225 Amph.
350 4143 399 4216 11,
422 4150 458 4225 n,
484 4151 558 4213 113:
589 4148 703 4225 qepun
724 4166 763 4209 οι
784 4156 815 4209 m
836 4134 935 4210 nim
958 4143 1232 4226 sescuplum,
1255 4149 1283 4223 1,
1308 4150 1364 4211 13:

209 4243 324 4318 Quippe
345 4251 378 4303 tu
400 4246 472 4305 mihi
500 4247 612 4322 aliquid
626 4248 736 4322 ¹aliquo
763 4245 852 4307 modo
879 4244 1017 4306 alicunde
1047 4247 1084 4307 sb
1111 4240 1260 4321 aliquibus
1289 4246 1365 4309 cell.

212 4336 592 4420 Ironiceib.V,l,12:
627 4344 740 4421 Quippe
769 4360 824 4418 ego
858 4345 931 4408 cett
955 4341 1081 4406 Terent.
1105 4339 1231 4407 Phorm.
1259 4339 1310 4421 Π,
1335 4345 1366 4422 3,

263 4439 346 4488 Boline,
359 4441 470 4490 syntaxis.
496 4441 525 4481 ΙΙ.
1115 4447 1157 4509 24
