3125 5075
302 358 362 417 142
730 345 856 386 ΥΙΙΙΙΒΙΙΙ.
886 348 949 388 ΟΛΡ.
963 349 1011 390 xli.

299 540 396 612 secius
418 558 503 615 quum
528 540 627 599 stulte.
673 555 701 599 v.
726 541 784 599 49:
813 539 922 598 Verum
953 540 1054 598 lubere
1082 539 1139 598 hau
1164 540 1280 606 lubeat,
1308 540 1339 599 ai
1370 539 1460 608 Ιίωα,

298 641 379 699 mihi.
412 636 492 700 Rud.
516 655 543 698 v.
563 637 624 697 190
640 651 703 713 sq.:
728 637 803 694 Nam
827 637 882 696 hoc
906 638 945 695 mi
968 636 1026 695 hau
1045 638 1086 696 eit
1106 638 1203 696 labori
1226 638 1367 696 laborem
1384 638 1460 698 bunc

297 738 397 812 potiri,
423 736 456 794 st
478 753 523 795 me
547 750 618 808 erge
640 737 774 807 pereatis
798 740 850 793 unt
872 734 943 793 deos
965 734 1117 806 inpiorim.
1162 751 1191 793 v.
1221 735 1278 796 196
1291 748 1363 811 sq.:
1387 737 1458 795 Nem

297 852 343 893 me
365 834 392 893 si
415 834 525 894 iecisse
548 839 599 892 eut
629 832 763 905 parentis
791 832 883 889 scium
906 831 1057 899 Scelesta,
1082 834 1177 890 minus
1199 829 1309 907 [nunc]
1337 850 1386 892 me
1406 835 1460 891 tui·

295 948 384 992 cerer.
429 928 471 1006 11,
495 934 523 1002 2,
549 931 601 991 15:
626 929 696 987 Cum
720 929 806 988 istius
829 930 908 988 modi
930 930 1088 989 virtutibus
1111 930 1271 1004 operisque
1301 939 1395 991 natus
1411 933 1458 1007 qui

295 1031 341 1095 sit,
364 1031 439 1087 Eum
464 1027 581 1102 quidem
605 1025 642 1085 ad
666 1025 876 1085 carnuficemst
892 1027 1016 1100 aequius
1039 1044 1125 1099 quant
1149 1028 1186 1084 ad
1210 1028 1368 1087 Venerem
1391 1046 1459 1089 con·

294 1145 404 1185 meare.
450 1121 510 1202 111,
534 1126 563 1200 2,
586 1127 644 1184 48:
668 1124 764 1183 velim.
812 1124 840 1195 6,
866 1125 921 1185 39:
946 1124 1052 1181 Verum
1078 1126 1118 1181 sit
1138 1123 1234 1182 aelim.
1280 1120 1457 1201 lv,3,30:

294 1225 360 1283 Non
384 1224 472 1298 scrut,
495 1223 521 1281 er?
544 1222 677 1281 dominus
699 1220 822 1279 ueniet?
866 1237 893 1280 v.
917 1221 972 1281 4οε
998 1220 1113 1294 Quippe
1136 1237 1225 1292 quom
1248 1226 1406 1298 externplo
1429 1228 1456 1283 in

296 1324 450 1381 macellum
474 1320 573 1394 pisces
596 1318 706 1392 prolati
729 1319 816 1388 sient,
840 1319 933 1378 Nemo
955 1321 1047 1377 emar:
1080 1336 1161 1377 suum
1187 1322 1315 1393 quisque
1340 1332 1457 1395 partem

294 1420 419 1492 piscium
436 1421 541 1491 poscat
563 1417 632 1476 sibi:
663 1415 756 1473 Dicat
782 1417 811 1473 in
844 1417 917 1474 mari
946 1417 1082 1474 conmuni
1113 1422 1224 1490 captos.
1271 1414 1313 1494 V,
1340 1421 1375 1492 2,
1400 1423 1457 1481 35:

296 1515 375 1589 Quid
398 1516 470 1575 dure
494 1515 567 1573 velia
590 1515 640 1587 qui
663 1515 755 1572 istaec
779 1514 833 1570 tibi
857 1514 1015 1584 investiget
1042 1514 1232 1587 indicetque?
1256 1525 1284 1591 tt,
1310 1518 1355 1578 62
1372 1533 1456 1595 sqq:

296 1619 492 1686 spectatores,
515 1630 567 1671 vos
590 1628 705 1686 quoque
730 1613 765 1668 ad
790 1627 891 1670 cenem
914 1627 1020 1686 vocem,
1044 1609 1087 1666 Nr'
1109 1611 1233 1671 daturus
1256 1614 1297 1671 nii
1323 1616 1383 1673 sim
1406 1635 1456 1675 ne-

294 1727 351 1785 que
371 1712 415 1768 sil
437 1711 591 1784 quicquam
620 1710 744 1781 pollucti
775 1709 867 1781 domi,
902 1708 980 1768 Nive
1003 1709 1078 1766 adeo
1107 1716 1227 1768 vocatos
1258 1710 1385 1770 credam
1406 1731 1455 1773 vos

293 1824 359 1867 esse
384 1805 421 1865 ad
443 1823 546 1865 cenem
567 1804 657 1864 fores.
703 1801 789 1865 Trin.
812 1803 837 1878 Ι,
862 1808 898 1880 2,
923 1808 978 1867 96;
1004 1807 1068 1864 Non
1091 1833 1134 1845 -—
1156 1806 1341 1867 redderem?
1371 1808 1411 1870 ad
1427 1825 1453 1885 q.

292 1900 312 1964 l.
337 1901 497 1964 Lindem.:
526 1900 620 1980 „qaid
644 1918 759 1964 causae
790 1900 867 1980 fuit,
895 1910 927 1964 te
949 1901 1072 1975 iudice,
1095 1919 1232 1964 carrion
1258 1902 1455 1969 redderem?

292 1996 519 2062 Coniunctivus
548 2018 615 2061 rem
641 2004 795 2079 tanquam
824 1998 1010 2079 cogitatam,
1040 1997 1070 2059 h.
1100 2016 1127 2060 e.
1157 2016 1196 2060 ex
1219 1997 1362 2065 alicuius
1386 2021 1453 2067 sen-

294 2097 394 2160 tentia
416 2096 474 2160 hoc
497 2096 548 2160 vel
570 2095 624 2160 illo
648 2096 740 2159 modo
763 2116 797 2160 se
821 2095 990 2160 habentem
1016 2097 1214 2176 pronunciat
1262 2097 1373 2177 Igitur
1397 2119 1450 2162 non

291 2198 448 2257 redderem
473 2201 536 2259 cst:
566 2198 590 2255 si
614 2206 643 2255 te
668 2195 816 2269 audirem,
849 2214 905 2256 non
934 2194 1132 2273 reddereml‘
1179 2192 1227 2272 ΙΙ,
1251 2205 1281 2268 4,
1306 2200 1367 2258 4οτ
1398 2200 1450 2258 Hic

287 2295 422 2368 postulet
444 2294 522 2369 frugi
538 2312 618 2355 esse:
643 2313 734 2369 noges
751 2296 892 2368 postulet,
916 2291 999 2371 adq.
1023 2291 1040 2353 l.
1059 2292 1164 2355 Line:
1189 2290 1451 2370 „Coniunctivus

293 2390 369 2470 quia
391 2408 425 2454 se
448 2390 595 2455 dubitare
618 2389 798 2454 subindicat
821 2388 962 2454 sertus.“
1007 2409 1035 2453 v.
1061 2395 1114 2455 73:
1138 2393 1241 2465 Edem,
1265 2393 1331 2450 risi
1353 2395 1383 2452 ei
1403 2392 1451 2455 ille

292 2492 378 2567 votet.
424 2486 482 2551 ST.
507 2494 547 2551 At
573 2492 713 2566 polege,
742 2492 797 2548 etat
825 2494 914 2562 votet,
947 2490 1039 2550 Edim
1069 2499 1170 2565 atque.
1190 2490 1337 2550 ambabus
1370 2494 1448 2552 melis

293 2588 420 2660 expletis
443 2606 542 2646 vorem
565 2590 603 2647 Et
627 2590 702 2663 quod
728 2592 769 2648 illi
795 2593 923 2663 placeat,
942 2591 1133 2661 praeripiam
1148 2592 1367 2663 potissumum:
1395 2593 1446 2649 Ne·

293 2702 349 2760 que
373 2687 417 2744 illi
440 2685 595 2744 concedam
616 2686 770 2760 quicquam
796 2688 831 2744 de
855 2689 915 2745 vita
938 2706 1010 2746 men.
1048 2682 1102 2761 lv,
1128 2689 1154 2748 2.
1186 2692 1259 2746 tlt:
1285 2706 1375 2761 quem
1400 2708 1446 2761 ego

292 2783 342 2857 qui
367 2785 406 2841 sit
428 2784 515 2842 homo
539 2785 640 2842 nescio
663 2785 765 2858 Neque
797 2787 890 2844 oculis
922 2794 989 2842 ante
1015 2786 1090 2842 barte
1115 2787 1190 2841 dreni
1221 2802 1362 2859 uinquam
1387 2788 1445 2852 ridi,

293 2880 358 2937 eine
383 2898 484 2938 uarum
508 2881 673 2939 crederem?
718 2879 812 2944 Truc.
837 2879 864 2955 1,
891 2886 922 2956 i,
946 2886 997 2954 40,
1021 2886 1076 2942 43ε
1101 2884 1124 2939 si
1149 2881 1277 2942 faximus
1293 2914 1338 2925 —
1355 2887 1443 2944 faxim.

293 2978 322 3051 2,
345 2979 399 3038 62:
424 2979 499 3036 Dum
523 2981 603 3050 vivit,
628 2980 773 3039 hominem
799 2982 931 3049 noverim
959 2982 1007 3038 ubi
1032 2988 1190 3052 mortuost,
1215 2986 1363 3054 quiescat..
1409 2981 1443 3055 ΙΙ,

294 3077 321 3150 l,
350 3078 401 3135 ll:
426 3077 591 3136 Vorteruat
614 3095 678 3136 sese
703 3081 876 3136 aremoriee:
905 3081 1040 3149 stultast,
1065 3081 1112 3151 qni
1137 3079 1166 3134 id
1197 3079 1376 3144 admiretur.
1420 3085 1442 3157 2,

292 3177 325 3236 5:
347 3178 511 3248 Aegrotare
535 3175 636 3232 malim
659 3177 732 3236 cett.
757 3192 786 3236 v.
810 3175 866 3234 44:
899 3177 993 3234 Sanus
1016 3177 1044 3233 si
1065 3175 1197 3241 videare,
1219 3177 1335 3252 dicum,
1360 3178 1442 3255 adq.

288 3266 309 3333 l.
333 3269 479 3333 Taubm.:
514 3269 570 3348 „ld
593 3274 656 3347 est,
685 3271 712 3333 si
739 3278 900 3350 putarem,
928 3275 960 3332 te
984 3288 1093 3334 sanum
1118 3289 1204 3348 esse,
1228 3271 1388 3355 dicerem,
1415 3285 1442 3339 te

290 3366 654 3446 contumeliamdicere,
686 3369 742 3431 sed
767 3369 840 3447 quia
867 3386 925 3447 pro
949 3367 1049 3430 stulto
1072 3378 1104 3429 te
1127 3367 1243 3443 habeo,
1273 3389 1338 3435 non
1362 3391 1442 3438 curo.

289 3464 333 3528 ita
357 3464 446 3529 alibi:
476 3468 506 3526 Si
530 3468 653 3526 babeam
678 3469 757 3541 dem,
786 3463 944 3546 pro'nihil
968 3464 1070 3529 habeo
1092 3466 1174 3545 quod
1199 3466 1277 3531 dure
1302 3471 1442 3548 queem.“

288 3580 316 3626 v.
342 3565 398 3625 60:
431 3563 465 3624 st
493 3572 611 3624 ecastor
638 3566 686 3624 bic
715 3566 802 3625 homo
833 3567 927 3640 sinepi
954 3567 1080 3640 victitet,
1121 3583 1178 3623 non
1212 3556 1351 3629 censeam
1378 3574 1442 3631 Tam

289 3664 406 3723 tristem
430 3680 495 3722 esse
519 3681 616 3738 posse.
642 3667 669 3738 3,
695 3668 721 3724 3.

442 3759 475 3818 Si
497 3761 620 3836 proinde
645 3765 780 3818 ementur
802 3763 951 3833 mulieres,
976 3762 1025 3819 diu
1042 3762 1132 3836 quam
1157 3765 1267 3832 lauant,

437 3861 546 3919 Omnes
569 3864 703 3918 amantes
726 3860 915 3918 balneatores
937 3859 1019 3920 scene

287 3973 315 4017 v.
341 3958 396 4018 28:
426 3958 491 4030 Ego
522 3959 610 4030 istos,
641 3959 690 4032 qui
720 3975 797 4016 nunc
828 3976 874 4016 me
897 3958 1026 4030 culpent,
1057 3958 1282 4029 confutaverim.
1330 3965 1368 4036 4,
1397 3963 1441 4022 12:

285 4055 382 4128 eelim,
407 4057 431 4115 si
455 4054 521 4113 fieri
540 4055 643 4127 possit.
689 4056 908 4129 temetque
938 4056 992 4114 tibi
1016 4057 1171 4130 Conpendi
1200 4056 1303 4116 iecere
1326 4060 1444 4131 possim

285 4151 400 4213 fectum
413 4154 528 4226 <edepol
549 4153 643 4212 velim.
690 4154 788 4215 ute:
812 4155 900 4212 immo
924 4153 1025 4212 hercle
1048 4171 1119 4213 vero
1140 4152 1275 4214 adcubuo
1298 4158 1442 4217 mavelim.

286 4249 316 4327 6,
339 4253 379 4312 46
397 4265 458 4326 sq.:
489 4251 516 4310 si
541 4254 631 4325 plone
660 4269 697 4310 ex
725 4252 822 4310 medio
853 4254 927 4309 mari
951 4252 1069 4310 Senium
1100 4261 1178 4310 tuom
1202 4263 1311 4325 petere
1334 4256 1442 4325 iudeus,

284 4355 389 4422 petere
412 4349 470 4407 heu
487 4349 600 4423 plectit,
628 4351 686 4408 mel
710 4366 806 4407 meum
835 4345 935 4426 (wlg-
958 4361 1061 4423 petere
1088 4358 1169 4408 tuum
1198 4352 1231 4410 et
1261 4353 1369 4428 pigeut
1391 4370 1445 4412 me.
