3125 5075
280 356 341 420 105
708 350 836 392 vamur.
863 351 926 392 ΟΔΡ.
940 351 989 392 111.

278 541 329 615 tis,
352 540 479 600 materia
499 542 692 602 adiuvabant.
738 542 769 602 Si
792 542 863 617 quid
886 541 977 617 (bona
999 535 1111 618 sainte)
1133 554 1204 603 usus
1226 543 1361 619 omit,
1390 543 1439 603 oa

281 638 370 714 nique
399 637 562 709 defendas
607 633 642 700 0.
666 642 699 701 5:
729 640 844 699 Viliuus
872 639 901 699 ai
921 639 1000 698 nolet
1019 639 1097 699 maio
1119 637 1233 712 faeere,
1257 658 1324 700 noa·
1344 640 1441 718 sae'aei

277 730 342 797 lia:
378 734 414 794 Si
441 735 497 795 hoc
527 734 631 808 saciet,
660 738 755 796 minus
784 737 886 797 abab&
913 737 1065 796 ambulare
1088 742 1119 796 et
1139 736 1252 796 subdit
1273 721 1441 800 motim'et

278 830 422 891 demidii
443 832 593 892 libentius.
639 830 699 895 In:
729 835 900 894 Stramenta
921 834 949 895 ai
970 833 1107 908 darant,
1137 833 1282 898 frontem-
1299 836 1441 909 iligneam

281 928 377 1003 ieqito.
423 925 456 992 C.
482 932 517 990 6:
554 928 655 989 Siaabi
682 961 724 973 -
752 933 822 999 erit,
851 932 892 991 ibi
922 960 961 972 -
987 931 1088 995 serite.
1133 927 1167 993 d
1190 932 1226 993 8:
1261 932 1441 994 emuna

280 1026 423 1100 irriguum
446 1027 575 1100 Maedis,
598 1025 716 1086 foenum
740 1045 798 1087 non
821 1028 948 1100 deficiet,
974 1029 1003 1089 ei
1024 1045 1082 1089 non
1104 1030 1170 1097 erit,
1189 1030 1304 1089 meeum
1329 1059 1372 1073 -
1395 1030 1439 1090 de

279 1123 396 1182 mittito.
419 1119 454 1186 G.
478 1126 512 1185 9:
536 1125 627 1183 Prata
646 1125 767 1199 irrigua,
790 1126 819 1185 ei
840 1143 945 1199 aquam
968 1126 1096 1193 habebis,
1117 1128 1306 1201 potissimum
1330 1126 1438 1198 faeiiot

278 1220 433 1295 eisquam
459 1239 516 1282 uon
540 1221 669 1287 habebis,
692 1223 774 1281 sicea
796 1241 881 1297 quam
905 1225 1034 1297 plurima
1054 1222 1155 1294 saaiia.
1200 1219 1234 1286 G.
1260 1224 1318 1285 32:
1343 1225 1437 1285 Arbo-

280 1335 331 1378 res
363 1318 455 1391 facito
488 1319 531 1377 uti
561 1318 636 1378 bene
664 1321 789 1378 maritae
819 1322 881 1380 sint
906 1322 1040 1396 vitesque
1071 1323 1120 1382 uti·
1137 1349 1179 1363 -
1202 1328 1383 1381 amarentur
1408 1330 1438 1381 et

281 1416 378 1477 douai
399 1434 473 1490 opus
496 1416 560 1483 erit,
583 1415 619 1475 de
642 1416 750 1475 arbore
773 1417 961 1478 deiieiautur.
1006 1414 1041 1479 C.
1066 1420 1124 1481 39:
1147 1417 1297 1492 Cosinto,
1319 1420 1349 1479 ei
1366 1420 1435 1479 nihil

279 1512 338 1584 fiai,
371 1513 464 1573 nihilo
498 1516 593 1573 miuus
631 1524 756 1574 sumtum
788 1513 934 1585 saturant
994 1511 1028 1577 C.
1064 1516 1138 1577 146:
1175 1515 1203 1574 si
1234 1533 1296 1576 non
1328 1515 1436 1589 redae,

281 1625 407 1684 aequum
433 1611 546 1671 solvito.
598 1608 779 1673 Pontedera
807 1609 947 1674 malebat
971 1612 1085 1674 reddat
1113 1609 1208 1674 Ennii
1230 1609 1437 1691 heduphage·

280 1702 345 1768 tica
367 1723 394 1768 v.
418 1712 453 1769 4:
477 1709 555 1767 huno
578 1725 700 1784 magnus
722 1710 750 1769 ei
772 1710 830 1770 eea
850 1710 905 1767 tibi
925 1726 1017 1768 sume.
1059 1706 1164 1771 Plana
1187 1708 1274 1771 Asin.
1292 1706 1318 1785 Ι,
1335 1713 1367 1786 3,
1386 1713 1435 1772 75:

278 1801 421 1862 Remeato
437 1805 587 1877 audacter,
611 1808 775 1865 mercedem
792 1806 888 1866 sirete
909 1811 1044 1869 naneae.
1066 1803 1260 1870 Priscianus:
1285 1805 1340 1873 „Si
1363 1822 1434 1868 aon·

280 1897 402 1984 iunctio
437 1918 508 1964 cum
543 1901 641 1964 verbo
667 1901 840 1965 indicativo
868 1902 976 1966 iuncta
1002 1919 1070 1965 rem
1099 1901 1200 1982 magis
1221 1902 1435 1969 indubitatam

279 1989 386 2062 fratr
431 1996 546 2062 Pseud.
571 1996 630 2076 111,
654 2002 684 2078 a,
708 2004 765 2062 rr:
792 1998 825 2059 a·
846 2003 903 2060 me
926 2001 989 2068 aa
1010 2001 1067 2059 ea.-
1092 2002 1190 2068 saar,
1212 2006 1310 2062 aaa
1333 2006 1436 2075 semer,

279 2108 309 2153 v.
333 2088 351 2171 ᾗ
378 2092 522 2159 1.P0en.
546 2094 571 2173 Ι,
594 2099 624 2174 2,
647 2100 701 2159 86:
734 2100 773 2158 ibi
799 2100 852 2159 tibi
874 2099 931 2158 erit
957 2099 1134 2175 cordolium,
1163 2100 1279 2174 siquam
1303 2108 1435 2159 ornatam

281 2194 386 2252 melius
417 2191 496 2255 forte
526 2195 705 2268 adspexerie.
756 2193 815 2269 111,
838 2200 869 2271 4,
894 2199 949 2257 33:
984 2197 1012 2255 ei
1044 2197 1137 2272 valae,
1171 2196 1294 2269 opem
1327 2200 1435 2272 cupita

279 2285 336 2366 IV,
360 2293 388 2366 2,
412 2293 469 2353 85:
493 2291 632 2351 Profecto
656 2293 693 2351 ad
718 2294 825 2353 incitas
845 2296 981 2353 lenonem
1004 2293 1124 2369 radiosi,
1146 2294 1174 2353 ei
1196 2312 1247 2355 eas
1268 2295 1435 2356 adduxerit.

279 2401 308 2449 v.
331 2388 385 2449 88:
421 2406 503 2447 meus
532 2390 634 2449 hercle
666 2391 850 2449 conlibertus
881 2389 955 2461 saxo
984 2393 1059 2461 eris,
1087 2390 1115 2450 si
1142 2391 1171 2450 di
1193 2392 1299 2454 volent.
1346 2390 1385 2468 V,
1409 2395 1434 2466 2,

282 2487 359 2548 123;
383 2486 471 2546 Suam
494 2504 555 2546 rem
580 2488 636 2547 sibi
660 2489 770 2548 salvam
793 2489 906 2564 sistam,
929 2489 956 2548 si
977 2490 1030 2549 iiio
1053 2487 1212 2548 adamati.
1259 2486 1350 2551 Pers,
1367 2485 1394 2565 Ι,
1412 2493 1435 2565 l,

279 2586 338 2646 48:
363 2584 396 2643 Si
419 2583 488 2658 qnid
513 2584 576 2660 erit,
600 2585 651 2654 fao
672 2588 772 2646 sciam.
805 2583 897 2647 True.
915 2583 939 2659 Ι,
956 2588 985 2660 2,
1006 2588 1058 2646 18;
1081 2586 1108 2645 si
1131 2587 1209 2646 domi
1231 2588 1298 2659 erit,
1322 2605 1435 2648 meeum

279 2683 433 2742 adducam.
479 2677 604 2742 Terent.
628 2680 725 2744 Andr.
750 2682 776 2759 1,
800 2686 829 2759 2,
852 2687 892 2745 25
915 2697 998 2760 sqq:
1034 2685 1064 2742 Si
1096 2700 1218 2742 sensero
1246 2714 1289 2724 -
1322 2686 1435 2744 dedam.

279 2776 306 2857 Ι,
331 2785 359 2855 3,
383 2782 402 2839 8
425 2793 489 2854 sq:
525 2776 559 2836 Se·
579 2782 703 2839 senserit
725 2789 776 2839 eut
797 2782 824 2840 ei
846 2799 933 2855 quam
956 2782 1079 2840 lubitum
1103 2780 1194 2839 fuerit
1216 2799 1337 2840 oausam
1361 2798 1437 2854 cepe·

278 2879 333 2950 rii,
359 2878 422 2949 Quo
451 2878 515 2933 iure
544 2893 658 2950 quaque
688 2880 796 2938 iniuria
818 2880 1014 2953 praecipitem
1037 2880 1067 2936 iu
1090 2880 1250 2952 pistrinum
1272 2878 1375 2936 doeio!
1397 2910 1436 2920 -

281 2971 360 3036 Cam
383 2970 420 3034 R.
444 2970 480 3033 R.
505 2987 531 3032 e.
560 2977 589 3033 1:
629 2975 710 3034 Scito
744 2976 822 3034 idem
856 2995 958 3050 agrum
993 2977 1071 3050 quod
1105 2977 1266 3041 hominem,
1301 2977 1434 3050 quamuis

279 3079 477 3146 quaestuosus
501 3073 568 3148 siet,
593 3075 617 3132 si
640 3080 830 3148 sumptuosus
854 3076 918 3150 erit,
941 3075 1108 3145 relinquere
1122 3091 1180 3133 non
1196 3076 1329 3132 multum.
1354 3069 1388 3134 C.
1406 3076 1435 3134 3:

281 3167 315 3227 Si
339 3170 448 3228 oletum
473 3170 579 3229 bonum
604 3171 736 3244 beneque
759 3168 900 3246 frequens
924 3174 1094 3246 cultumque
1115 3172 1185 3237 erit,
1217 3182 1354 3244 trapetoa
1386 3171 1435 3230 bo·

280 3284 344 3338 uos,
367 3268 477 3342 privos,
500 3268 629 3341 impares
653 3286 719 3328 esse
742 3273 860 3340 oportet.
906 3264 939 3329 C.
969 3272 1021 3329 12:
1045 3268 1207 3328 confibuies
1231 3269 1363 3342 ligneas,
1388 3270 1436 3343 qui

279 3364 403 3425 arbores
436 3368 622 3440 comprimat,
655 3367 684 3425 si
715 3367 902 3428 disiiasoent.
947 3362 1051 3427 Plaut
1082 3362 1148 3427 Mil.
1180 3362 1221 3440 ΙΙ,
1251 3368 1279 3439 5,
1309 3367 1366 3427 43:
1405 3376 1435 3424 te

280 3479 422 3534 nusquam
456 3463 585 3529 mitium,
618 3463 679 3521 aiei
712 3463 766 3522 das
798 3464 944 3523 firmatam
978 3463 1075 3522 fidem.
1120 3459 1217 3524 Mera.
1244 3459 1305 3538 ΙΙΙ,
1334 3468 1358 3539 l,
1383 3466 1436 3525 28:

280 3559 356 3619 Eum
386 3560 429 3617 sei
450 3560 591 3634 carabeis,
614 3561 782 3633 perberaei.
828 3558 924 3622 Poeu.
948 3557 1008 3637 ΙΙΙ,
1030 3566 1059 3637 4,
1085 3562 1138 3622 2οε
1174 3559 1208 3618 Si
1230 3562 1338 3619 saierii
1358 3564 1435 3633 leno,

281 3673 391 3717 censen
423 3658 569 3715 hominem
591 3657 805 3730 interroqemr)
854 3655 892 3733 V,
915 3664 945 3734 4,
970 3660 1028 3721 38;
1066 3658 1099 3716 ld
1122 3675 1191 3733 ego,
1220 3659 1280 3716 aiei
1309 3659 1436 3733 quiddi

279 3759 331 3812 aut
353 3761 497 3827 parentes
520 3754 629 3825 faxint,
651 3755 701 3828 qui
725 3772 852 3829 sperem,
877 3756 955 3816 haud
978 3758 1050 3815 seio.
1096 3754 1224 3817 Terent
1248 3754 1348 3817 Andr.
1365 3754 1390 3832 Ι,
1411 3760 1436 3828 l,

282 3853 358 3912 128;
394 3850 428 3910 Si
458 3860 583 3927 propter
611 3868 740 3912 amorem
771 3871 892 3913 uxorem
920 3854 999 3912 riolci
1028 3854 1151 3928 ducere,
1182 3854 1226 3911 Ea
1248 3854 1378 3926 primum
1401 3854 1436 3913 ab

279 3950 332 4010 ilio
356 3948 621 4008 animadvertenda
644 3950 789 4011 iniuriest.
835 3947 917 4011 Eun.
940 3947 984 4026 ΙΙ,
1011 3954 1035 4027 l,
1060 3953 1115 4013 24:
1138 3951 1250 4009 miram
1272 3952 1305 4007 ai
1322 3970 1376 4025 ego
1392 3969 1436 4010 me

279 4048 410 4121 turpiter
440 4048 527 4106 hodie
558 4049 606 4107 hio
636 4048 711 4107 dabo
735 4048 808 4106 Cum
840 4064 906 4107 meo
930 4048 1083 4122 decrepito
1107 4049 1163 4106 hoo
1186 4050 1334 4110 eunucho.
1378 4045 1436 4122 ΙΙΙ,

283 4146 310 4219 l,
335 4147 391 4205 51:
424 4143 576 4216 Siquando
599 4147 654 4205 illa
677 4146 753 4204 dicet
774 4145 961 4205 ‘Phaedriam
985 4148 1069 4205 Intro
1093 4147 1242 4204 mittamus
1268 4149 1436 4206 commissa·

353 4369 374 4434 Ι)
394 4370 439 4424 Sic
457 4371 556 4436 Both.;
575 4373 621 4440 Ap
640 4370 764 4433 comede,
785 4370 829 4439 ep
849 4386 952 4436 censeo,
972 4379 1036 4438 poet
1055 4381 1168 4423 senseat.
