3125 5075
436 377 525 417 CASL'S
541 378 811 421 sunsraurlvouuu.
824 399 848 408 -
863 379 1000 419 aecum.
1216 383 1278 444 289

183 593 186 620 ‚
214 565 243 612 r.
263 547 404 615 Taum.
431 549 518 615 Asiu
541 551 568 630 Ι,
593 557 621 632 l,
643 556 699 616 82:
736 556 802 616 Nisi
826 552 896 630 quld
918 560 951 614 tu
973 569 1065 629 porro
1086 569 1207 612 uxorem
1227 551 1278 613 de-

183 645 321 712 rdereria.
362 645 461 712 Poen.
485 645 523 727 V,
547 653 577 728 2,
602 653 678 714 102:
701 653 818 727 Ecquid
839 653 998 712 meministi
1018 659 1100 712 tunm
1122 658 1278 725 par-onium

183 743 262 806 dne?
301 741 374 809 Aul
389 741 434 824 II,
452 749 480 825 l,
496 749 551 810 31:
575 751 652 825 quod
674 759 705 809 te
729 751 811 810 iubet
833 767 927 823 soror,
951 745 1005 812 ubi
1028 765 1067 812 ex
1090 763 1279 827 praegresso

183 846 317 907 tinente
337 840 517 906 addendum
540 847 592 908 cst
613 846 721 918 facere.
757 844 827 909 Aul.
844 844 886 926 11,
904 849 933 924 2,
949 848 1003 910 22:
1025 848 1138 921 paucis,
1162 848 1278 921 Euclio,

190 939 270 1018 qnod
298 947 331 1002 ta
352 943 421 1003 uolo
443 943 489 1002 Do
511 945 659 1003 communi
686 961 720 1004 re
748 947 903 1020 appellere
930 961 997 1005 meo
1024 951 1055 1005 at
1083 951 1142 1004 tue.
1187 942 1278 1007 Truc.

199 1039 232 1116 2,
252 1041 312 1102 49;
346 1040 418 1101 Post
445 1040 476 1099 id
503 1056 558 1116 ego
585 1058 703 1100 monum
730 1047 761 1102 te
785 1043 916 1103 inliciam
939 1042 1111 1118 quadrupli,
1137 1041 1278 1104 venefica.

183 1151 250 1216 gro.
275 1133 511 1200 Corniculoriae
533 1152 563 1198 v.
588 1140 617 1215 5,
640 1153 670 1216 p.
693 1141 771 1201 479:
805 1141 847 1199 Te
870 1141 1013 1213 obsecro,
1042 1139 1142 1215 Lyde,
1169 1141 1280 1213 pileum

183 1251 229 1294 uu.
277 1229 434 1297 Caecilius
457 1231 600 1297 Plocium
622 1229 660 1296 fr.
686 1237 714 1310 1,
735 1251 764 1296 u.
791 1237 851 1300 149
877 1242 939 1315 (ap.
965 1233 1046 1300 Gell.
1070 1232 1112 1314 ΙΙ,
1135 1238 1204 1313 23),
1226 1235 1281 1301 obi

183 1345 223 1394 ex
245 1329 289 1392 de
310 1346 410 1394 uxore
432 1328 592 1410 loquitur:
613 1332 648 1391 id
666 1350 712 1391 me
734 1334 844 1407 mouit.
867 1330 956 1396 Idem
978 1331 1015 1395 fr.
1040 1331 1282 1415 Hypobolimaei

183 1423 276 1492 ehiui
291 1443 342 1506 ap.
358 1425 440 1490 Gell.
456 1425 526 1506 XV,
545 1433 594 1507 Ι4,
611 1433 644 1492 5:
669 1430 733 1506 Ego
754 1431 829 1491 illud
851 1433 949 1493 minua
972 1434 1065 1493 nihilo
1088 1433 1190 1508 exigor
1211 1452 1281 1509 por·

183 1543 242 1587 nm.
272 1522 354 1586 Non.
380 1527 450 1602 106,
471 1528 512 1588 23
537 1529 658 1604 ,semor
678 1543 737 1606 pro
760 1546 780 1587 a
801 1545 847 1587 me
868 1529 1025 1602 eapitur?
1062 1526 1190 1591 Terent.
1205 1527 1282 1593 Heu.

205 1623 238 1700 3,
259 1624 314 1684 24:
348 1631 378 1684 le
401 1629 489 1699 atque
513 1627 589 1687 alios
611 1632 730 1700 partum
760 1632 793 1685 ut
820 1629 935 1686 celaret
962 1645 1053 1688 suom.
1099 1624 1232 1706 Adelph.
1257 1626 1283 1698 l,

183 1723 228 1784 i3:
251 1721 301 1780 Eo
322 1737 359 1779 ne
382 1737 428 1780 me
451 1723 531 1781 celet
554 1722 725 1783 consuefeci
744 1721 846 1783 filium.
884 1721 982 1787 Andr.
998 1720 1057 1801 ΙΙΙ,
1080 1729 1109 1801 4,
1134 1726 1168 1787 6:
1191 1727 1282 1802 quue

183 1835 200 1878 u
221 1825 360 1878 metuens
381 1835 432 1878 vos
454 1821 558 1894 celavi,
580 1819 660 1893 qood
672 1820 870 1879 nuucdicum.
893 1818 972 1884 Hoc.
987 1819 1042 1898 IV,
1058 1827 1088 1899 4,
1104 1825 1159 1885 23ε
1182 1825 1283 1884 Nosne

201 1917 320 1976 celatum
343 1924 404 1974 ten
428 1916 497 1975 din?
540 1914 658 1980 Heaut.
682 1915 736 1996 lv,
763 1922 791 1994 l,
816 1921 870 1981 31:
903 1936 982 1980 nnuc
1011 1920 1067 1980 hoc
1094 1928 1124 1979 ie
1147 1922 1282 1982 obsecro.

183 2011 223 2076 lr.
246 2010 285 2089 V,
315 2016 344 2089 3,
371 2015 426 2076 28:
455 2014 523 2074 Hoc
543 2015 631 2076 modo
653 2020 680 2075 te
702 2015 836 2076 obsecro.
882 2013 963 2077 Eun.
986 2012 1024 2090 V,
1047 2019 1077 2092 8,
1101 2021 1158 2079 54:
1187 2019 1285 2079 Unum

183 2129 217 2172 on
238 2112 298 2170 hoc
320 2125 373 2170 vos
395 2129 457 2173 oro.
501 2108 600 2173 Andr.
615 2107 641 2188 1,
664 2116 692 2189 5,
717 2115 773 2174 54:
799 2113 884 2186 Quod
907 2129 961 2187 ego
982 2131 1039 2189 per
1061 2115 1138 2175 hauc
1161 2122 1190 2174 te
1214 2115 1285 2175 dex-

183 2225 205 2268 n
225 2225 290 2271 oro.
330 2203 388 2286 ΙΙΙ,
412 2211 441 2283 3,
467 2210 519 2270 16:
543 2210 574 2269 id
596 2227 650 2270 oro
671 2218 713 2270 to.
758 2227 787 2272 v.
811 2212 868 2271 24:
892 2211 922 2268 id
945 2215 976 2270 te
999 2227 1060 2272 oro.
1098 2208 1224 2274 Phorm.
1247 2209 1285 2289 l',

183 2309 236 2370 21:
268 2305 363 2366 lerme
384 2305 487 2365 eadem
511 2308 622 2381 onmia,
653 2307 735 2380 Quae
759 2314 823 2366 tute
846 2307 955 2367 dudum
979 2325 1078 2369 coram
1101 2327 1147 2368 me
1168 2312 1285 2369 incusa-

183 2419 225 2464 ns.
266 2399 349 2465 Eun.
372 2398 431 2479 ΙΠ,
455 2405 484 2481 2,
509 2407 537 2467 3.
559 2410 595 2468 4:
630 2404 748 2480 Ecquid
778 2422 832 2465 nos
859 2421 941 2465 amas
971 2406 1017 2465 De
1046 2405 1167 2466 fidicina
1189 2405 1286 2466 istac?

183 2498 260 2579 cV,
286 2504 315 2579 l,
337 2502 394 2563 40:
418 2501 527 2561 Verum
551 2504 607 2563 hoc
630 2507 657 2564 te
677 2518 778 2561 morico
800 2518 901 2563 anum
939 2500 1035 2565 Andr.
1051 2499 1089 2580 V,
1109 2505 1139 2580 4,
1158 2505 1211 2566 15:
1234 2502 1286 2563 ha·

183 2617 264 2675 ipro
291 2601 345 2660 illa
374 2616 406 2659 re
430 2601 512 2661 illum
542 2602 621 2678 quod
643 2617 779 2660 moneam
808 2601 911 2675 probe.
948 2597 1065 2663 Hcaut.
1089 2597 1131 2679 ΙΙ,
1155 2604 1184 2678 3,
1209 2602 1286 2663 112;

183 2696 338 2771 licnlumst,
362 2704 393 2756 te
407 2697 484 2757 iehuc
497 2715 543 2756 me
557 2699 727 2769 admonere,
750 2697 890 2770 Clitipho.
933 2694 1010 2760 Hec.
1028 2694 1065 2776 V,
1080 2703 1110 2775 4,
1128 2702 1161 2762 9:
1183 2700 1287 2773 Egone

183 2812 234 2871 pro
256 2795 314 2855 hoc
334 2796 439 2855 nuntio
453 2795 525 2867 quid
538 2795 663 2856 omen?
685 2790 726 2856 ed
747 2810 776 2872 q.
795 2792 813 2854 l.
833 2791 1073 2858 Schmiederus:
1099 2794 1139 2873 „i.
1161 2811 1187 2857 e.
1212 2793 1288 2873 quid

184 2888 346 2969 idonem,
378 2889 574 2955 Graecorum
597 2907 700 2967 more,
733 2908 761 2952 v.
786 2907 815 2968 g.
840 2885 892 2951 οἶά
914 2913 947 2951 σε
967 2890 1119 2970 ποιῆσω.“
1160 2890 1286 2955 Phorm.

194 2990 225 3057 8,
247 2991 302 3052 54:
335 2988 503 3064 Arrectum
530 2989 609 3065 quod
630 2989 722 3049 habes
745 2989 943 3050 conductum
972 2993 1006 3050 te.
1051 2988 1131 3052 Eun.
1154 2987 1235 3068 prol.
1258 3006 1286 3050 v.

186 3088 320 3149 :Habeo
336 3089 396 3148 alin
411 3090 512 3160 multe,
537 3104 612 3162 quoe
628 3103 706 3145 nunc
723 3087 949 3160 condonabitur,
972 3082 1012 3148 ad
1034 3102 1062 3164 q.
1087 3085 1106 3148 l.
1127 3105 1155 3150 v.
1176 3084 1288 3166 intpp,

192 3178 440 3247 Schmiedcrum.
485 3181 601 3247 Heaut.
625 3180 662 3258 V,
687 3185 716 3258 2,
741 3186 798 3245 59:
833 3185 937 3258 Neque
969 3200 1015 3242 me
1040 3186 1195 3259 quicquam
1218 3202 1287 3244 con·

183 3280 376 3341 hediuras?
419 3279 501 3343 Eun.
525 3277 551 3358 l,
580 3285 609 3357 2,
641 3283 697 3342 70:
730 3280 764 3338 ld
788 3281 892 3339 omabo
916 3280 1018 3340 adiuta
1040 3298 1096 3340 nne.
1141 3278 1239 3342 Andr.
1264 3278 1288 3356 Ι,

191 3380 265 3441 130:
292 3379 335 3437 Ec
356 3396 434 3437 nunc
463 3380 494 3437 ld
514 3396 637 3453 operam
661 3378 707 3439 do.
751 3375 795 3453 II,
823 3379 850 3453 l,
874 3380 908 3437 7:
937 3379 1054 3451 Quanto
1078 3379 1184 3437 satiust
1207 3385 1237 3437 te
1261 3378 1291 3437 id

183 3490 207 3535 ra
226 3493 361 3551 operam,
385 3477 435 3549 qui
457 3476 546 3536 istum
571 3492 701 3536 amorem
724 3492 761 3533 ex
784 3476 882 3534 animo
905 3492 1051 3536 amoveas.
1097 3474 1178 3536 Eun.
1195 3471 1237 3551 ΙΙ,
1261 3479 1290 3551 3,
1344 3552 1347 3560 Ι

187 3592 195 3631 :
225 3574 297 3634 Scin
321 3572 392 3647 quid
415 3589 469 3646 ego
493 3582 523 3632 te
545 3572 701 3634 uolebam?
745 3568 844 3633 Andr.
867 3569 927 3647 III,
956 3574 984 3646 3,
1007 3577 1041 3634 4:
1077 3573 1147 3648 quid
1176 3580 1205 3632 te
1235 3590 1288 3648 ego

183 3670 231 3731 ln.
275 3666 446 3746 PhornaI,
470 3673 499 3746 2,
527 3672 598 3731 101:
620 3668 779 3740 Numquid,
803 3670 891 3742 Geta,
913 3670 1061 3731 aliodem
1084 3669 1148 3730 vis?
1193 3667 1289 3732 Andr.

183 3762 245 3845 ’,2,
271 3770 328 3831 50:
363 3769 439 3827 Nam
470 3774 576 3842 gnatus
604 3766 682 3840 quod
708 3766 889 3839 pollicitust,
923 3767 1002 3826 haud
1033 3767 1184 3828 dubiumst
1210 3768 1291 3839 mihi,

189 3867 278 3939 nolit,
316 3866 386 3941 quin
416 3882 483 3925 eum
512 3865 619 3923 merito
642 3864 753 3937 possim
780 3880 895 3936 cogere.
941 3861 1074 3942 Adelph.
1098 3861 1156 3940 111,
1180 3867 1211 3940 4,
1234 3867 1292 3925 44:

183 3962 222 4023 od
242 3966 290 4024 ins
312 3979 364 4024 vos
387 3962 477 4037 cogit.
522 3960 620 4023 Andr.
641 3958 666 4035 Ι,
691 3962 720 4035 2,
746 3963 801 4023 33:
824 3962 866 4018 nil
889 3977 934 4019 me
958 3959 1048 4021 fallis.
1092 3957 1227 4038 Adelph.
1254 3957 1293 4036 V,

188 4062 243 4125 49:
267 4061 355 4134 Quod
375 4061 444 4119 illos
466 4066 513 4120 aot
535 4066 619 4119 aetas
641 4064 736 4117 ucuet.

221 4162 270 4222 53.
310 4156 456 4220 Alterum
487 4172 589 4235 genus
618 4151 792 4233 duplicium
815 4152 1069 4216 accusativorum
1094 4161 1145 4218 cst
1172 4171 1292 4232 corum,

183 4268 271 4317 orum
297 4258 432 4333 uterque
455 4251 486 4316 in
515 4252 644 4333 passive
665 4251 901 4314 constructione
923 4250 954 4313 in
976 4251 1203 4316 nominativum
1226 4270 1295 4317 mn-

183 4364 233 4413 llr.
278 4348 359 4415 Cato
381 4349 418 4413 R.
442 4349 479 4413 R.
502 4346 620 4429 prael:
650 4351 692 4409 lit
713 4352 808 4410 virum
830 4350 938 4409 bonurn
961 4367 1026 4409 cum
1049 4352 1227 4429 laudabunt,
1250 4354 1295 4413 ita

196 4449 275 4500 nouae,
291 4452 404 4502 syntaxis.
434 4452 451 4490 r.
1042 4456 1080 4513 19
