3125 5075
496 381 583 420 CASUS
598 380 865 421 SUBSTANTIVORUM.
879 403 904 410 -
919 383 1023 421 ABLAT.
1300 397 1357 452 109

207 560 253 622 lo:
274 558 321 617 Ibi
343 562 534 618 fumeorum
556 557 804 631 inpudentissima
826 560 960 619 oratiost.
984 557 1061 623 Hec.
1085 557 1128 637 ΙΙ,
1154 563 1181 628 l,
1203 562 1254 623 41.
1277 558 1303 637 1,
1329 565 1357 637 2,

205 657 253 720 to:
274 657 367 716 etiam
389 659 463 716 mm.
487 651 613 716 Phorm.
636 650 661 729 l,
684 658 713 725 4,
738 658 770 715 7:
797 656 873 714 Tum
894 659 1038 732 temporis
1060 659 1132 718 mihi
1154 664 1296 733 pnnetnm
1319 660 1358 719 ad

202 753 273 816 tane
295 771 362 814 rem
384 762 441 825 est,
464 750 506 814 ad
526 766 618 829 quem
640 748 745 814 locum
763 748 1003 819 Rnddimannns
1025 771 1055 834 p.
1069 757 1130 819 316
1153 751 1248 819 doeet
1269 754 1359 835 geni·

203 849 300 914 tivum
327 853 470 926 temporie
498 867 518 912 a
547 846 750 930 substantivo!
765 857 928 926 peneum,
972 868 1034 914 non
1063 870 1083 914 n
1116 858 1178 912 tum
1207 851 1357 931 pendere.

201 945 300 1027 Saepe
323 954 389 1010 mm
415 947 618 1029 coniungitur
638 964 707 1012 cum
724 944 1026 1027 relativaparticula
1048 969 1149 1026 quum,
1172 953 1205 1013 et
1219 948 1356 1029 primum

203 1045 328 1125 quidem
352 1045 416 1115 ita,
443 1050 482 1111 nt
503 1045 588 1109 notio
612 1043 765 1123 temporis
788 1049 943 1109 servetur.
988 1044 1040 1111 Sic
1062 1045 1157 1110 Ennii
1179 1045 1357 1110 Telamonis

204 1140 239 1207 fr.
261 1147 291 1221 3,
314 1162 345 1206 v.
370 1146 448 1208 361:
471 1162 538 1205 eum
558 1146 656 1219 genui,
680 1149 742 1203 tam
764 1148 924 1206 morituros
947 1147 1028 1206 scivi.
1065 1142 1169 1207 Plaut.
1192 1143 1280 1207 Pers
1297 1143 1357 1219 ΙΙΙ,

205 1246 232 1318 1,
249 1244 300 1305 ts.
348 1239 448 1306 hiere.
472 1240 532 1319 IlI,
556 1246 584 1319 2,
609 1247 641 1303 7:
679 1246 740 1300 tam
761 1251 877 1316 qaornst
900 1246 1018 1318 sangnis
1041 1246 1166 1319 integer.
1189 1239 1248 1314 ΙΙΙ,
1272 1244 1300 1319 2,
1324 1245 1356 1305 9;

208 1358 284 1416 peon
307 1342 369 1402 seis
392 1343 450 1400 iarn
475 1358 577 1413 senex,
604 1345 666 1399 tum
687 1340 716 1398 in
740 1342 832 1401 otium
854 1342 895 1402 Te
920 1345 1068 1402 conloces.
1105 1337 1220 1403 Bacch.
1244 1336 1304 1416 III,
1326 1343 1356 1415 4,

207 1441 256 1501 20;
277 1440 358 1500 Tum
379 1457 468 1513 quom
488 1439 581 1498 nihilo
603 1441 670 1513 plus
694 1435 746 1513 [ad
768 1457 850 1499 snam
874 1458 936 1499 rem
960 1438 1040 1515 illut]
1065 1438 1185 1499 referet.
1215 1435 1307 1500 Truc.
1332 1434 1357 1506 l,

205 1539 301 1610 288:
325 1539 391 1598 Hoc
409 1539 495 1598 nobis
515 1538 616 1596 vitium
641 1545 846 1614 maxnmnmst‚
868 1556 954 1612 quom
977 1556 1117 1611 amamus,
1140 1541 1201 1596 tum
1216 1537 1356 1611 perimus.

207 1631 303 1697 Oasin.
316 1633 343 1712 Ι,
355 1653 385 1697 v.
400 1639 455 1697 51:
479 1636 572 1711 Quom
587 1636 626 1694 mi
639 1634 713 1695 haee
725 1635 864 1695 dicentur
876 1636 965 1709 diota,
983 1640 1044 1696 tum
1060 1644 1101 1710 tn,
1117 1633 1250 1707 furcifer,
1265 1635 1358 1707 Quasi

206 1750 263 1794 mus
284 1735 316 1792 in
339 1734 438 1794 medio
461 1734 576 1808 pariete
601 1735 769 1793 vorsabere.
792 1730 906 1796 Bacch.
930 1730 956 1811 Ι,
979 1735 1007 1798 2.
1032 1735 1087 1796 37;
1114 1734 1207 1808 Quom
1231 1733 1355 1803 videbis,

206 1836 263 1890 tem
284 1834 372 1893 scies.
395 1827 485 1908 Capt.
507 1827 561 1907 IV,
589 1833 619 1907 2,
649 1834 683 1892 5:
705 1848 792 1904 quom
815 1833 954 1904 scibitnr,
980 1864 1017 1874 -
1043 1836 1105 1890 tum
1126 1862 1168 1871 —
1191 1831 1355 1905 inridebor,

207 1926 243 1991 td
264 1944 293 2008 q.
307 1925 330 1992 1.
347 1927 418 1990 vide
440 1926 580 1990 Lindem.
604 1923 693 2007 Capt.
717 1926 742 2005 Ι,
766 1930 796 2003 2,
822 1931 871 1992 39.
895 1932 952 1992 4οε
976 1931 1053 1990 Tum
1073 1929 1199 2004 deniqne
1223 1929 1357 1988 homines

211 2035 306 2087 nostra
329 2028 531 2103 intellegimus
553 2027 640 2098 bona,
667 2029 770 2103 Quom,
800 2030 927 2102 quaein
951 2034 1099 2102 potestate
1123 2028 1292 2099 habuimus,
1321 2044 1358 2087 ea

209 2127 362 2185 emisimus.
388 2121 478 2203 Capt.
495 2121 538 2201 II,
558 2126 587 2200 2,
604 2125 660 2188 3οε
682 2126 760 2184 Tum
781 2127 873 2199 igitur
895 2127 923 2185 ei
939 2142 1026 2199 quom
1041 2127 1071 2183 in
1087 2127 1170 2186 Aleis
1194 2133 1239 2185 est
1261 2128 1358 2200 gratia

210 2229 296 2282 mnu.
334 2220 462 2285 Terent.
485 2219 608 2284 Phorm.
632 2219 675 2298 ΙΙ,
700 2226 727 2295 l,
756 2225 809 2284 ll:
835 2223 928 2295 Quam
952 2223 1052 2283 obrem
1075 2224 1178 2296 omnis,
1201 2241 1288 2295 quom
1310 2241 1357 2284 se·

210 2321 315 2380 eundae
338 2339 388 2381 res
412 2330 480 2380 sunt
501 2338 649 2393 maxume,
683 2324 745 2380 tum
773 2338 908 2379 maxume
931 2321 1071 2380 Meditari
1100 2338 1199 2380 secum
1227 2330 1357 2397 oportet,

211 2437 260 2493 qno
282 2425 374 2494 paeto
397 2418 552 2478 advorsum
575 2436 743 2478 eemmnam
767 2417 876 2478 ferant.
899 2402 1022 2481 Deinde
1038 2421 1143 2480 autem
1166 2435 1284 2477 oum-
1297 2424 1359 2480 tum

211 2531 298 2594 saepe
329 2514 425 2580 etiam
455 2513 535 2579 duas
564 2513 802 2579 enuntiationes
828 2513 875 2579 ita
902 2514 987 2580 inter
1014 2532 1048 2579 se
1077 2512 1288 2596 coniungunt,
1323 2521 1360 2581 nt

211 2612 356 2691 temporis
385 2610 574 2693 significatio
603 2612 705 2676 minus
732 2619 892 2693 appareat
922 2619 955 2677 et
977 2618 1013 2677 ut
1034 2611 1102 2677 iere
1133 2614 1216 2706 idem
1239 2610 1360 2694 signifi·

210 2716 276 2773 cent
296 2729 335 2774 ac
356 2718 385 2771 et
404 2745 447 2755 -
469 2718 496 2772 et
518 2709 568 2776 vel
590 2718 650 2771 tom
671 2744 713 2754 —
735 2730 834 2786 qaam.
871 2710 923 2776 Sic
944 2710 1047 2775 Plant.
1077 2711 1169 2776 Truc.
1193 2710 1247 2788 IV,
1274 2719 1300 2791 l,
1325 2717 1358 2778 6:

212 2808 278 2869 Osos
300 2812 358 2871 hoe
380 2812 438 2870 iam
461 2815 613 2886 volupest,
643 2816 704 2870 tom
725 2813 804 2871 istnc
828 2813 917 2872 nimio
946 2830 1069 2888 magnae
1099 2813 1249 2873 melliniae
1276 2814 1357 2873 mihi.

209 2905 285 2970 hieu.
317 2904 379 2985 Ν,
408 2910 442 2984 2,
470 2911 545 2971 103;
582 2911 676 2986 Quom
703 2910 798 2969 virum
832 2915 894 2969 tum
922 2928 1042 2971 uxorem
1077 2911 1106 2969 di
1139 2929 1189 2971 vos
1219 2911 1356 2985 perdant.

207 3001 328 3070 Terent.
367 3003 466 3067 Andr.
489 3003 515 3083 Ι,
542 3010 567 3082 l,
592 3009 647 3069 69:
685 3009 778 3083 Quom
799 3008 830 3066 id
852 3009 923 3067 mihi
945 3010 1101 3085 placebat,
1130 3013 1192 3069 tum
1219 3028 1277 3070 nno
1304 3027 1356 3071 ore

208 3121 303 3164 omnes
326 3107 424 3165 omnia
445 3106 530 3164 Bone
558 3105 657 3165 dicere
680 3114 711 3166 et
732 3106 855 3167 laudare
885 3104 1021 3167 fortunas
1050 3124 1140 3166 meas.
1179 3104 1305 3170 Phorm.
1331 3106 1355 3187 I,

206 3205 234 3277 l,
258 3205 319 3265 1οι
341 3219 427 3275 quom
450 3203 522 3261 mihi
544 3220 648 3278 paveo,
672 3209 734 3264 tum
755 3205 888 3278 Antipho
909 3221 956 3264 me
979 3205 1131 3264 excruciat
1153 3206 1251 3266 animi.

287 3302 380 3360 Tune.
417 3297 531 3363 Naevii
552 3298 672 3364 Hector
693 3297 897 3381 proficiscens
919 3297 957 3363 fr.
983 3305 1009 3363 l.
1054 3298 1147 3362 Ennii
1169 3301 1271 3365 annal.
1295 3302 1354 3368 ino.

210 3395 289 3459 sedis
311 3393 424 3475 fragm.
449 3400 499 3460 78.
531 3397 643 3462 Annal.
666 3397 686 3462 l.
708 3396 747 3477 V,
770 3395 810 3462 fr.
835 3404 864 3461 4.
892 3396 1007 3469 ‚Plaut
1031 3394 1120 3477 Capt.
1142 3396 1197 3476 IV,
1221 3403 1249 3476 2,
1275 3404 1355 3466 107:

209 3494 257 3555 Set
277 3497 444 3571 Stalagmus
467 3499 570 3572 quoius
594 3505 660 3558 erat
676 3503 745 3558 tuno
759 3501 898 3573 nationis,
921 3515 1008 3573 quom
1032 3497 1100 3556 hine
1116 3496 1244 3572 ebitf¹⁵)
1267 3496 1354 3566 Pers.

212 3607 235 3654 s.
259 3596 335 3656 730:
361 3594 445 3653 Turno
467 3596 584 3670 qnando
607 3598 717 3657 abiero.
740 3594 835 3660 Most.
859 3614 887 3660 v.
912 3598 984 3659 743.
1009 3597 1078 3657 752.

286 3692 382 3752 Nune.
416 3689 529 3754 Naevii
550 3692 660 3757 Danae
682 3691 720 3758 fr.
744 3699 772 3758 4.
796 3691 835 3759 fr.
857 3693 917 3758 inc.
938 3711 1016 3758 eom.
1040 3699 1069 3772 3,
1091 3711 1120 3757 v.
1147 3698 1215 3759 109.
1261 3695 1353 3760 Ennii

208 3784 403 3852 Euhemerus
429 3787 467 3853 fr.
493 3795 521 3863 7,
545 3796 594 3856 34.
623 3789 803 3856 Telamonis
825 3789 863 3856 fr.
890 3797 917 3869 l,
940 3809 967 3853 v.
993 3794 1064 3856 355.
1093 3789 1241 3874 Thyestis
1262 3792 1300 3857 fr.
1325 3801 1353 3873 5,

210 3899 235 3947 1.
251 3889 320 3951 394.
345 3884 583 3953 Pancratiastes
604 3886 643 3953 fr.
667 3894 702 3955 3:
727 3893 883 3965 Quonam
904 3909 950 3951 me
974 3891 1079 3954 ducis?
1102 3890 1213 3954 Annal.
1228 3890 1248 3954 l.
1264 3890 1291 3971 I,
1312 3890 1351 3955 f.

211 3983 255 4060 34,
276 4001 305 4047 v.
328 3987 379 4050 39.
401 3981 439 4048 fr.
465 3988 514 4049 56.
545 3985 565 4051 l.
589 3985 660 4066 VII,
683 3988 723 4051 fr.
750 3993 797 4052 17.
838 3986 1104 4058 l.Vlll,fr.17.
1139 3986 1160 4052 l.
1182 3987 1239 4068 IX,
1261 3987 1298 4054 fr.
1322 3995 1352 4070 8,

210 4093 235 4138 t·
256 4084 325 4146 315.
348 4081 369 4147 1.
392 4081 431 4159 ll,
455 4080 492 4145 fr.
517 4089 546 4161 5,
569 4104 597 4150 u.
615 4090 684 4150 340.
708 4086 729 4150 l.
752 4084 841 4162 XIV,
861 4084 899 4150 fr.
924 4089 957 4149 6:
981 4088 1069 4147 Nune
1091 4095 1138 4149 est
1159 4090 1208 4148 ille
1233 4090 1305 4151 dies.
1328 4086 1349 4153 l.

214 4247 276 4257 -..-..
283 4253 403 4261 ῇ--ι--ο

272 4315 307 4380 ²⁸)
324 4316 405 4387 Vulg.
425 4314 502 4370 altit.
523 4313 589 4369 Ate
607 4315 801 4370 Fleckeisenus
821 4330 909 4370 exere.
928 4315 1016 4370 Plaut.
1026 4334 1052 4386 p.
1069 4320 1109 4385 10,
1128 4316 1202 4384 quod
1219 4334 1350 4387 praesens

214 4408 268 4450 esse
283 4400 380 4454 statuit
398 4414 450 4454 neo
468 4404 637 4454 contractum
655 4414 689 4453 ex
706 4399 783 4452 obiit.
