3125 5075
206 374 267 448 104
440 428 443 451 ζ
518 421 521 426 ,
644 366 773 408 manue.
805 366 869 407 esa.
883 365 932 407 111.

200 558 260 637 lari
281 556 354 633 uolo,
383 555 418 615 Su'
447 557 527 615 hune
542 572 667 628 possum
689 559 742 618 illo
765 560 848 618 mille
869 573 1015 617 nummum
1039 556 1210 630 Philippum
1234 555 1366 616 dmum·

201 657 324 727 ducere,
356 651 410 715 ubi
437 654 465 713 u·
493 669 555 714 uou
583 650 719 717 multum
747 654 840 718 abest
866 649 1078 732 sparticum
1086 648 1364 731 interrogationis

200 748 256 828 IV,
280 753 309 827 2,
334 753 388 813 55:
412 750 446 810 Si
468 752 603 811 stimulos
626 754 734 826 pugnis
756 750 864 825 coedis,
888 752 1023 811 manibus
1046 752 1113 826 plus
1136 749 1222 809 dolor.
1247 746 1289 826 V,
1307 751 1364 813 36:

200 850 251 909 Nil
273 842 418 925 φλυαρεῖν
440 849 554 922 satiust,
578 849 673 921 miles,
696 850 723 909 si
744 856 774 910 ie
797 850 891 909 umeri
907 849 1050 923 postulas.
1088 864 1116 911 e·
1139 851 1199 910 44:
1224 848 1317 907 Nune
1338 844 1366 906 ai

201 948 278 1006 hane
306 962 371 1005 esse
400 953 498 1005 teeum
520 962 635 1019 sperus,
663 948 723 1007 ulis
744 950 832 1022 opusl
852 947 916 1006 auri
940 948 1019 1005 mine
1041 943 1100 1012 (sie
1121 941 1234 1019 Goell,
1256 939 1365 1006 iroeh.

203 1045 298 1113 tete).
344 1040 471 1105 Terent.
499 1040 596 1103 Andr.
620 1039 646 1118 Ι,
670 1045 699 1119 3,
724 1047 756 1107 5:
793 1042 826 1102 Sl
856 1045 939 1103 illum
960 1044 1106 1115 relinquo,
1134 1042 1198 1101 eius
1221 1042 1306 1101 vilse
1330 1041 1367 1098 o·-

200 1157 276 1201 meo:
312 1140 360 1199 siu
389 1141 531 1217 opitulor,
564 1140 650 1199 huius
678 1143 781 1201 minas.
826 1136 869 1215 ΙΙ,
896 1143 922 1217 1,
947 1143 1000 1201 22;
1036 1139 1070 1198 Si
1093 1139 1122 1197 id
1152 1138 1239 1211 suuis,
1272 1138 1363 1198 hodie

201 1243 384 1311 postremum
416 1255 462 1297 me
489 1237 577 1297 vides.
623 1234 705 1299 Eun.
729 1234 789 1313 III,
815 1241 842 1313 l,
864 1242 903 1299 47
927 1252 989 1314 sq:
1024 1236 1109 1304 Solu,
1138 1235 1286 1311 siquando
1311 1236 1365 1294 illa

202 1336 380 1395 mentionem
412 1333 578 1394 Phaedriae
609 1334 698 1393 Fooil
730 1343 781 1395 aut
813 1336 840 1394 si
874 1335 989 1410 uuum,
1027 1344 1057 1394 le
1093 1341 1126 1393 ut
1159 1334 1237 1392 male
1272 1330 1363 1391 urat?

202 1429 240 1510 V,
265 1434 293 1508 2,
318 1434 357 1493 26
381 1442 443 1506 sq:
467 1449 533 1490 nam
555 1432 583 1491 si
605 1448 660 1506 ego
683 1432 771 1508 digua
795 1433 850 1492 hue
874 1430 1141 1491 contumeliosum
1161 1446 1309 1495 maxume,
1332 1435 1363 1488 at

202 1538 235 1589 tu
258 1530 401 1604 indiguus
431 1530 481 1605 qui
511 1528 628 1589 luceres
659 1534 767 1589 lamen.
813 1526 918 1592 plaut.
946 1526 1038 1606 Epid.
1064 1525 1119 1602 ΙΙΙ,
1142 1534 1172 1602 4,
1198 1529 1253 1588 26:
1293 1528 1362 1587 Nou

204 1627 310 1701 edepol
332 1626 400 1693 seio,
423 1628 584 1686 Molestum
607 1644 644 1685 au
668 1643 725 1686 uon
750 1634 806 1699 est,
829 1627 889 1686 uisi
910 1628 937 1686 si
958 1626 1033 1685 dieis
1055 1627 1123 1699 quid
1148 1628 1230 1685 velis.
1265 1621 1361 1685 True

201 1720 239 1801 V,
263 1739 291 1786 v.
316 1726 374 1786 31:
409 1725 485 1782 Nam
516 1740 690 1797 quamquam
718 1722 837 1799 bella's,
872 1731 924 1782 tuo
953 1722 1070 1798 mulo’s,
1100 1723 1159 1781 uisi
1187 1723 1283 1807 sitite
1307 1738 1363 1794 eqo

201 1822 295 1896 aliqui
322 1816 474 1893 paudus)
534 1817 663 1882 Terent.
688 1818 786 1883 Andr.
809 1817 835 1896 l,
863 1825 892 1893 5,
925 1824 973 1881 14:
1013 1821 1196 1894 Repudiatus
1227 1823 1361 1892 reputor:

201 1917 540 2000 quam'obren12372ue'si
570 1918 598 1977 si
630 1919 659 1977 id
695 1922 745 1977 est.
791 1915 852 1990 ΠΙ,
878 1923 909 1993 4,
941 1920 993 1981 19;
1028 1919 1145 1977 Mirum
1179 1917 1212 1974 m'
1246 1917 1363 1975 domiso

75 2089 89 2110 ι
202 1997 487 2091 nominaui:
520 2016 636 2075 mirum
662 2015 696 2073 m
722 2016 798 2075 usne
828 2014 908 2076 ome
954 2012 1007 2090 Ν,
1035 2016 1065 2087 4,
1094 2017 1148 2076 33;
1182 2015 1304 2073 urorum
1330 2013 1363 2071 m·

202 2112 298 2173 eredis
321 2112 399 2188 quod
422 2113 479 2172 isle
506 2113 594 2174 dieat.
638 2108 756 2174 Heaut.
781 2107 836 2190 lv,
861 2117 887 2188 l,
911 2115 965 2174 50:
988 2114 1097 2170 mir-um
1118 2114 1151 2169 m‘
1173 2115 1228 2172 illa
1250 2112 1364 2172 saluasl

205 2217 237 2271 et
259 2228 313 2286 ego
330 2211 420 2284 perii.
466 2207 570 2271 Plaut.
594 2207 691 2274 Poen.
714 2207 771 2286 IV,
795 2214 823 2286 2,
847 2214 902 2273 93:
936 2211 1034 2269 Proba
1056 2212 1210 2269 materiem
1230 2208 1363 2273 dutum

203 2310 328 2383 probum
352 2307 472 2368 adhibes
500 2306 626 2368 fabrum.
671 2305 709 2384 V,
733 2309 763 2383 2,
786 2309 826 2369 87
850 2321 912 2385 sq:
944 2306 978 2366 Si
1000 2309 1092 2379 ilasi,
1113 2315 1259 2367 tesseram
1284 2307 1362 2366 Cou-

204 2406 284 2467 ierre
316 2406 343 2465 si
371 2406 416 2464 uis
436 2406 629 2480 hospitalem,
660 2422 761 2466 eseam
784 2406 882 2465 attuli.
928 2401 1013 2465 Trio.
1036 2401 1078 2471 ΙΙ,
1101 2410 1130 2479 4,
1157 2407 1234 2465 114;
1268 2405 1363 2463 Plane

200 2504 355 2579 periimus,
385 2503 454 2562 Nisi
480 2503 550 2578 quid
580 2519 635 2577 ego
657 2503 863 2564 eoumiuisoor.
915 2499 1043 2564 Terent.
1067 2498 1165 2563 Andr.
1189 2497 1250 2578 ΙΙΙ,
1277 2503 1305 2576 1,
1331 2504 1364 2562 7;

204 2605 337 2668 actumst,
359 2601 504 2673 siquidem
526 2602 600 2660 haee
624 2619 694 2661 vera
710 2602 875 2675 praedicat.
908 2597 1036 2661 Phorm.
1060 2597 1101 2675 Η,
1129 2604 1155 2673 l,
1179 2602 1235 2660 65:
1260 2616 1365 2658 verum

208 2702 235 2759 si
257 2703 411 2773 cognatnsl
433 2715 580 2771 maxume,
610 2700 675 2757 Nou
705 2698 767 2770 suit
788 2716 911 2757 neeesse
935 2700 1055 2757 habere.
1102 2694 1217 2767 (Rudd.
1244 2711 1275 2772 p.
1301 2699 1362 2758 357

206 2795 290 2857 hune
318 2793 422 2857 locum
453 2792 590 2856 afferens
612 2793 701 2856 dicit:
737 2796 792 2863 „Si
815 2811 872 2872 pro
895 2797 1030 2867 quamuis
1057 2794 1161 2856 rarius
1189 2793 1363 2856 indicativo

206 2889 402 2964 adiicitur.“)
448 2887 681 2968 Nonnunquam
710 2891 793 2955 tales
821 2891 1016 2970 sumptiones
1047 2908 1179 2968 prorsus
1208 2896 1284 2954 sunt
1317 2891 1363 2952 in·

207 2992 274 3051 sur
303 2987 559 3051 enunciationum
589 2987 761 3052 causalium
798 2987 930 3060 (Etzler.
958 3006 987 3066 p.
1018 2986 1101 3066 165),
1136 3004 1235 3065 quare
1266 2988 1364 3052 eliam

211 3086 243 3148 iu
278 3084 544 3149 obtestationibus
577 3092 739 3165 ponuntur
773 3086 815 3165 (v.
843 3086 1000 3166 Krueger.
1031 3083 1290 3165 Uulsuiudmuqeu
1322 3085 1363 3164 ll,

206 3200 237 3261 p.
265 3185 348 3258 131).
394 3182 446 3247 Sic
475 3182 592 3246 Heaul.
617 3182 787 3269 V,·-.‘1,45:
822 3191 862 3246 ut
892 3203 929 3245 ne
952 3186 1025 3244 illud
1060 3186 1136 3244 haud
1164 3188 1308 3258 inultum,
1338 3187 1365 3245 ss'

205 3283 281 3358 vivo,
305 3281 404 3341 ierem
435 3280 477 3359 (io
501 3280 583 3357 muln
607 3280 647 3357 io
669 3278 753 3358 lobs),
779 3282 855 3344 item
886 3281 982 3344 Andr.
1007 3279 1032 3357 1,
1057 3287 1086 3357 5,
1111 3286 1149 3343 57
1167 3298 1253 3359 sqq:
1277 3283 1312 3343 Si
1334 3293 1363 3343 u

206 3383 236 3439 iu
266 3383 398 3453 germani
424 3380 527 3442 fratris
557 3383 649 3441 uilem
675 3385 741 3442 loeo
765 3382 833 3442 Siue
864 3385 938 3441 haee
969 3389 998 3439 te
1029 3382 1122 3439 solum
1152 3399 1273 3454 semper
1295 3381 1365 3452 serii

207 3480 334 3537 maxumi
357 3477 415 3537 Seu
444 3481 498 3538 tibi
526 3482 674 3552 morigera
696 3480 757 3551 fuit
783 3483 812 3538 iu
837 3483 925 3540 rebus
948 3479 1097 3553 omuibus,
1128 3480 1168 3536 Te
1194 3480 1245 3538 isti
1269 3481 1362 3538 virum

208 3575 244 3632 do
274 3576 372 3648 (menn
405 3576 539 3651 oubam).
576 3608 613 3618 —
649 3575 751 3638 Pluut.
780 3577 867 3638 Asin.
891 3575 928 3653 V,
953 3579 981 3653 2,
1006 3581 1064 3639 92:
1099 3577 1194 3650 siquid
1224 3608 1266 3617 -
1296 3576 1364 3648 feeit

208 3676 312 3747 volup,
342 3675 446 3749 Neque
474 3692 578 3734 novom
607 3692 702 3749 neque
726 3678 830 3734 mirum
857 3676 935 3747 seuit.
979 3672 1076 3735 Mere.
1097 3670 1156 3748 ΙΙΙ,
1184 3677 1211 3747 l,
1235 3677 1276 3734 32
1303 3688 1362 3750 sq:

208 3772 332 3829 Animus
355 3770 466 3837 redimi,
491 3770 525 3830 Si
546 3790 660 3831 meeum
683 3779 819 3833 serualur
840 3772 923 3832 fides.
970 3770 1064 3833 Poen.
1088 3768 1148 3846 ΙΙΙ,
1175 3774 1201 3844 l,
1225 3774 1282 3832 23:
1307 3771 1364 3830 Sed

210 3868 438 3941 siproperauas
461 3873 569 3944 magis,
601 3871 701 3930 Pridie
731 3889 785 3930 nos
816 3878 845 3929 te
867 3872 1026 3929 advocatos
1057 3870 1113 3927 huc
1137 3869 1258 3928 duxisse
1281 3886 1363 3942 opor-

209 3965 275 4026 tuit.
299 3962 336 4040 V,
353 3971 382 4040 4,
399 3968 453 4029 23:
477 3970 522 4025 Au
546 3985 616 4027 uero
639 3972 754 4041 pulcra,
779 3978 808 4027 ue
832 3969 966 4039 obsecro,
994 3966 1105 4031 Videre,
1127 3966 1153 4024 si
1177 3985 1236 4025 non
1252 3968 1363 4026 esttibi

210 4063 256 4120 illi
280 4081 312 4121 os
336 4063 455 4122 oblitum
479 4064 623 4142 iuligine?
667 4062 760 4126 Truc.
788 4061 823 4137 V,
848 4083 875 4125 v.
900 4069 928 4124 7.
953 4068 987 4125 8:
1012 4066 1108 4139 siquid
1125 4065 1249 4136 peccaui
1272 4067 1362 4138 prius,

215 4214 423 4225 ’.μ’-,αι-

283 4294 302 4354 ⁵)
325 4292 370 4345 Sic
387 4291 511 4345 Bothius.
525 4292 597 4359 ΔΘρ
616 4293 666 4341 uisi
685 4297 712 4338 tu
732 4305 794 4352 ego,
815 4289 873 4344 siue
892 4306 928 4341 es.
966 4290 1047 4353 Aeg:
1070 4292 1136 4342 Nam
1153 4305 1307 4356 quamquam
1326 4297 1362 4337 est

210 4377 279 4426 bella
296 4377 365 4424 malo
384 4385 428 4424 tuo
447 4375 497 4423 nisi
516 4383 542 4422 tu
563 4389 611 4438 ego
632 4375 692 4437 aliq.
712 4373 775 4436 (ltu,
794 4373 820 4424 h.
840 4387 863 4427 e.
883 4373 1003 4428 adventu
1022 4375 1056 4427 ad
1075 4383 1103 4426 te
1122 4381 1202 4437 meo).
