3125 5075
215 338 234 399 2
539 333 684 373 no'rlouns
699 332 882 372 naanmcanl.
910 332 972 371 CAP.
988 332 1036 370 v11.

214 520 322 586 Tertia
349 521 482 601 pluralis
507 528 577 582 aurat
602 521 641 585 ib.
671 527 768 586 satur.
797 522 856 587 inc.
883 522 938 586 lib.
965 519 1076 601 fragm.
1107 524 1162 584 10:
1208 521 1353 594 Quaerunt

210 625 241 682 in
265 624 363 697 scirpo
385 622 464 684 soliti
491 622 568 695 quod
597 622 696 681 dicore
727 623 842 682 nodum.
889 621 937 683 Ad
960 622 1101 680 Plautum
1128 617 1213 697 qnod
1236 618 1353 695 attinet

213 718 291 783 nihil
313 717 409 783 habet
431 715 621 788 offensionis,
644 716 727 796 quod
751 716 782 779 in
806 717 1055 797 interrogatione
1079 715 1159 779 Rnd.
1183 713 1244 788 ΙΙΙ,
1268 723 1299 791 4,
1323 718 1354 777 16

213 816 417 881 dictumest:
442 818 527 890 Quid,
551 819 575 876 si
599 816 762 891 attigeret,
787 813 840 878 ubi
863 813 956 879 facile
980 819 1053 893 post
1073 816 1146 887 quid
1164 818 1274 876 mente
1290 812 1356 876 addi

212 918 320 994 potest
342 917 405 975 erit.
448 912 570 977 Deinde
594 912 655 976 huc
678 911 817 991 pertinet
840 916 908 975 bene
931 930 1001 976 cum
1030 910 1175 990 sequenti
1199 910 1312 973 dativo
1330 910 1356 973 in

212 1027 357 1075 sermone
387 1010 540 1075 convivali
571 1009 658 1073 Pers
689 1009 726 1088 V,
759 1016 785 1086 1,
815 1014 868 1074 2οε
915 1015 992 1072 Bene
1024 1013 1105 1082 mihi,
1138 1011 1216 1069 bene
1248 1012 1357 1069 amicae

210 1128 303 1184 meae,
320 1108 360 1171 ad
376 1125 405 1186 q.
420 1106 439 1169 l.
453 1108 604 1172 Gronau:
631 1107 797 1186 „Breviter
812 1108 938 1184 dicitur,
953 1106 1115 1171 intellecto
1132 1104 1246 1183 situel
1263 1109 1357 1180 cedat,

211 1206 262 1271 vel
285 1204 429 1269 eveniat.“
476 1205 558 1270 etv.
576 1209 633 1271 22:
655 1209 736 1268 Bana
759 1208 844 1267 nobie
859 1208 1002 1267 omnbus.
1046 1224 1073 1266 v.
1092 1208 1144 1267 23:
1169 1207 1251 1265 Bene
1269 1207 1358 1267 vobis.

210 1322 237 1366 v.
256 1310 310 1367 24:
350 1307 484 1365 Benaci
508 1308 556 1380 qui
579 1307 691 1365 invidet
714 1306 795 1376 mihi,
819 1312 850 1364 et
872 1306 899 1364 ci
921 1307 971 1379 qui
995 1306 1050 1364 hoc
1074 1303 1183 1379 gaudet
1208 1302 1358 1380 [mecuml.

210 1402 356 1481 Denique
377 1400 534 1465 formulae
560 1404 669 1464 miram
696 1405 737 1470 at,
766 1407 803 1464 ut
823 1400 936 1480 Amph.
963 1399 989 1477 l,
1016 1405 1042 1477 l,
1069 1403 1142 1463 163:
1188 1403 1309 1462 Mirum
1331 1402 1358 1460 ni

210 1503 258 1563 hie
280 1519 326 1560 me
350 1502 434 1577 quasi
456 1519 625 1561 muraenam
648 1518 788 1561 exossare
812 1502 932 1574 cogitat,
957 1498 996 1561 al.
1014 1505 1045 1562 ot
1059 1502 1167 1558 mirum
1183 1502 1268 1573 quin.
1313 1498 1356 1562 Ad

208 1598 332 1677 reliqua
369 1597 453 1675 quod
490 1595 615 1676 attinet,
653 1603 739 1661 extat
776 1595 815 1658 de
852 1594 911 1659 hac
948 1615 982 1659 re
1020 1595 1147 1675 copiosa
1184 1595 1354 1676 disputatio

210 1693 375 1759 Ritschelii
399 1695 571 1775 prolegom.
603 1694 642 1758 ad
665 1693 882 1756 Trinumnrum
906 1712 935 1773 p.
963 1697 1138 1770 los—114,
1162 1694 1256 1758 cuius
1278 1710 1350 1773 quae

210 1806 333 1857 summa
367 1798 426 1871 est,
461 1792 570 1871 paucis
604 1808 766 1871 exponam.
822 1793 927 1869 Atque
961 1791 1000 1854 de
1037 1792 1133 1854 tertia
1166 1791 1290 1868 quidam
1318 1796 1347 1852 et

210 1891 349 1955 secunda
370 1907 507 1970 persona
528 1889 696 1969 singularis
718 1887 796 1952 haec
818 1888 932 1952 habet:
960 1888 1058 1967 ,Nam
1074 1905 1136 1967 quo
1154 1889 1181 1951 is
1199 1889 1344 1959 (Plautnsl

208 2005 354 2052 sermone
377 1986 479 2050 utitur
500 1986 541 2051 ad
563 1988 647 2052 vitae
671 2004 762 2051 usum
786 2003 982 2050 communem
1005 1986 1189 2066 composito,
1215 1986 1256 2051 ab
1273 2004 1308 2050 eo
1323 1990 1350 2048 ot

212 2092 254 2147 est
274 2088 307 2149 et
336 2104 365 2147 es
386 2085 475 2150 verbi
498 2085 707 2162 omissionem,
735 2102 805 2148 cum
835 2103 854 2148 a
876 2083 979 2164 poetis
1008 2090 1076 2146 turn
1099 2103 1118 2147 a
1141 2083 1349 2165 scriptoribus

208 2182 459 2262 frequentatam,
493 2182 654 2248 sciendum
688 2184 739 2246 est
772 2181 898 2245 omnino
933 2198 1003 2246 esse
1037 2181 1171 2245 alienam
1209 2199 1270 2247 nee
1296 2180 1350 2246 nisi

209 2282 378 2346 rarissimis
394 2281 630 2346 condicionibus
645 2280 821 2361 probatam.
851 2279 894 2342 Et
908 2278 1040 2344 alterius
1056 2278 1181 2359 quidem
1198 2297 1349 2360 personae

210 2378 353 2458 exempla
374 2380 535 2459 negotium
558 2396 712 2457 nusquam
735 2376 906 2446 facessunt,
928 2383 964 2440 ut
984 2377 1097 2456 quibus
1120 2378 1229 2458 exigui
1244 2377 1350 2444 circuli

211 2477 387 2542 adiectione
409 2498 438 2541 es
461 2478 578 2557 ubique
602 2476 688 2541 nulla
710 2492 808 2556 opera
830 2474 1049 2541 restituatur.“
1095 2474 1146 2539 Sic
1168 2477 1301 2557 scripsit
1315 2476 1348 2540 ad

209 2574 288 2640 hanc
305 2594 445 2639 normam
462 2574 652 2639 Ritschelius
668 2573 764 2638 Mera.
781 2573 835 2650 lv,
851 2582 880 2650 4,
901 2578 951 2636 12:
972 2595 1044 2650 quos
1060 2579 1138 2636 iuter
1154 2579 1243 2638 iudex
1259 2577 1349 2637 dotu's

206 2691 265 2755 pro
287 2673 371 2753 vulg.
396 2675 492 2746 datus,
520 2673 693 2752 eodemque
717 2673 809 2737 modo
833 2671 1032 2735 scribendum
1056 2679 1105 2736 est
1128 2672 1220 2753 Epid.
1244 2673 1300 2752 IV,
1324 2678 1347 2746 t,

206 2777 261 2836 26:
288 2773 387 2846 Quid?
409 2773 446 2831 ob
470 2790 572 2831 eamne
596 2791 656 2831 rem
681 2773 756 2832 hanc
780 2774 888 2847 emisti,
911 2774 980 2846 quia
1002 2779 1081 2832 tuam
1103 2783 1222 2849 gnatam
1237 2774 1347 2834 rota’s?

205 2874 239 2932 et
253 2868 291 2945 V,
307 2874 337 2946 2,
352 2875 408 2932 45:
433 2869 494 2928 eur
515 2871 586 2929 dare
609 2869 727 2930 ousu's?
751 2871 785 2932 et
807 2867 915 2932 multis
938 2867 1008 2932 aliis
1031 2868 1117 2933 loeis.
1161 2869 1250 2933 ldem
1268 2871 1348 2933 ualet

205 2964 238 3028 in
261 2966 357 3029 tertia
378 2982 523 3045 persona,
546 2965 599 3030 ubi
622 2965 778 3030 sexcentis
801 2966 878 3030 locis
899 2972 948 3029 ast
968 2966 1018 3030 rel
1041 2973 1119 3029 onst
1138 2969 1347 3032 revocandam

208 3070 267 3142 est,
306 3063 420 3143 quibus
458 3062 581 3127 librarii
618 3070 728 3128 contra
763 3063 946 3128 Plautinum
983 3081 1103 3128 morem
1139 3085 1177 3126 es
1215 3066 1266 3128 vel
1303 3085 1346 3128 rm

207 3161 387 3242 vulgarunt.
447 3159 498 3226 Sic
535 3161 624 3251 Rud„
655 3160 709 3240 IV,
747 3169 781 3240 4,
824 3166 860 3227 31
901 3164 962 3225 iarn
999 3171 1075 3227 ante
1109 3163 1346 3230 Fleckeisenun

205 3257 388 3341 Geppertns
419 3259 574 3324 restituit:
618 3261 730 3351 §tillo
760 3269 790 3321 te
818 3264 1005 3336 conprimere
1035 3264 1154 3323 solitast
1183 3279 1243 3342 pro
1265 3262 1345 3343 vulg.

204 3363 318 3423 solitus.
363 3357 469 3422 Etiam
495 3352 674 3443 Ampr,
705 3363 732 3437 l,
763 3362 802 3422 23
834 3364 944 3421 contra
975 3359 1100 3423 codices
1137 3366 1180 3420 est
1207 3361 1346 3425 additum

202 3461 252 3522 est
284 3475 303 3520 a
335 3455 557 3521 Fleckeiseno:
611 3454 684 3530 Ibo,
720 3467 751 3517 ut
785 3476 979 3534 cognoscam,
1015 3459 1147 3534 quisquis
1179 3469 1235 3519 ost.
1283 3460 1344 3539 [est]

202 3558 379 3631 Amphitruo
423 3558 472 3617 hio
516 3555 632 3631 quidem
678 3573 746 3616 erus
791 3573 891 3629 meus,
936 3555 1011 3617 item
1048 3574 1067 3618 a
1104 3555 1281 3620 Ritscbelio
1317 3564 1346 3622 et

201 3649 407 3717 Fleckersuuo
436 3650 550 3716 Pseud.
580 3649 633 3726 IV,
664 3655 692 3727 2,
723 3656 777 3717 38:
824 3656 897 3713 Nam
932 3654 1019 3713 hodie
1049 3655 1171 3714 Sicuoni'
1198 3662 1346 3720 necessest

201 3766 249 3812 me
271 3767 345 3812 essa
389 3747 501 3829 Pergit
523 3749 731 3814 thschalius:
777 3749 952 3828 „Exempta
974 3767 1050 3814 esse·
1066 3767 1167 3830 pauca
1191 3753 1344 3830 videntur,

200 3846 317 3927 quibus
354 3845 394 3910 ad
430 3845 620 3913 rhetoricum
658 3865 760 3928 genus
795 3847 980 3925 accedatur,
1025 3847 1057 3911 in
1089 3865 1152 3926 quo
1184 3853 1344 3930 propriam

203 3945 263 4010 sibi
294 3943 401 4009 sedem
429 3945 556 4010 omissio
586 3947 673 4012 verbi
696 3944 823 4010 habet.“
868 3945 957 4009 Inter
979 3961 1062 4024 qaae
1080 3947 1217 4026 primurn
1241 3951 1345 4030 posuit

201 4045 321 4120 fatam,
346 4041 429 4121 quod
451 4043 610 4110 nonnullis
633 4044 711 4111 locis
725 4044 879 4110 Plautinis
895 4044 1020 4126 legitur,
1044 4062 1177 4127 quorum
1194 4046 1243 4125 iis,
1267 4064 1343 4128 quos

201 4141 310 4206 attulit
336 4138 541 4213 assensum,
567 4143 640 4207 addi
669 4148 776 4224 potest
806 4144 902 4208 etiam
933 4144 1028 4208 Poen.
1058 4144 1095 4224 V,
1124 4151 1153 4222 2,
1179 4150 1255 4209 107:
1299 4153 1342 4209 Aa

198 4244 307 4300 monui
330 4239 419 4300 sunt?
464 4235 532 4302 fla.
578 4242 710 4312 Factum,
738 4245 816 4320 qaod
843 4262 899 4321 eqo
924 4261 1013 4320 aegra
1041 4246 1107 4305 tall.
1151 4242 1244 4308 Idem
1268 4262 1342 4309 usas

200 4337 362 4416 reperitur
391 4334 476 4417 apud
501 4336 683 4404 Terentium
711 4337 793 4404 Eun.
822 4338 876 4420 IV,
902 4347 932 4420 4,
960 4344 1000 4406 39
1029 4358 1091 4422 sq:
1126 4350 1209 4404 taam
1233 4354 1340 4406 maan
