3125 5075
200 367 264 426 384
631 355 758 397 PRONOH.
773 354 837 396 ΟΔΡ.
851 354 890 395 Vl.

201 535 285 595 rent.
316 529 444 595 Phorm.
468 528 528 609 ΙΙΙ,
555 537 581 610 l,
607 537 661 594 17:
690 532 736 592 De
760 533 823 593 eius
847 531 973 592 consilio
995 546 1062 591 sess
1084 528 1351 604 velleiaeereqaoa'

200 632 240 690 ad
266 632 344 690 hane
366 648 429 689 rem
452 633 569 694 attinet.
613 629 776 694 Audacius
798 627 919 693 dietum
942 630 993 691 est
1013 626 1096 691 Eun.
1119 625 1163 705 Π,
1190 632 1275 707 1‚5:
1298 631 1351 705 Ege

196 745 315 803 quoqne
346 746 405 788 uua
426 746 534 803 pereo,
564 728 642 801 qaod
663 730 768 789 mihist
793 729 907 801 carius,
936 723 968 789 h.
992 742 1019 789 e.
1042 723 1097 805 qui
1119 722 1197 788 mihi
1218 741 1291 789 sum
1311 743 1351 791 ca

202 824 283 902 rior,
307 823 355 887 uti
378 823 613 905 interpretatur
628 826 783 890 Donatus.
813 822 939 889 Deinde
961 821 1001 887 ad
1024 821 1214 902 explicanda
1237 827 1351 893 nomint

199 921 377 1000 abstracta,
407 921 452 985 sic
475 922 603 987 Terent.
630 922 747 987 Heaut.
775 921 913 1001 1,1‚s:
950 923 1005 981 Vel
1035 925 1129 983 virtus
1159 930 1212 985 tua
1241 946 1289 988 me
1315 930 1351 989 res

201 1022 353 1095 vicinitas,
387 1022 472 1098 Quod
494 1041 547 1098 ego
570 1024 601 1082 iu
622 1025 792 1098 propinqua
814 1028 900 1098 parte
923 1022 1071 1081 amicitiae
1093 1029 1182 1097 puto,
1217 1026 1307 1085 Facit
1328 1041 1351 1086 ιιι

200 1125 231 1178 te
255 1119 398 1179 audacter
420 1138 564 1181 moneam.
610 1116 690 1181 Tum
712 1134 809 1198 saepe
831 1117 878 1181 ita
898 1122 1082 1197 usurpatur,
1109 1123 1147 1181 ut
1169 1127 1298 1199 spectet
1318 1123 1351 1187 ad

202 1214 394 1279 sententiam
418 1215 659 1297 enuntiationis,
682 1232 763 1295 quae
786 1220 844 1279 aut
865 1215 1027 1279 antecedit
1048 1220 1105 1280 aut
1127 1218 1286 1299 sequitur.
1309 1220 1351 1286 Sit

200 1310 304 1376 Plaut.
328 1312 393 1377 Mil.
417 1312 476 1393 ΙΙΙ,
505 1321 530 1393 l,
556 1319 632 1378 154:
666 1318 752 1376 Nunc
781 1316 861 1388 quod
888 1318 992 1390 oeeepi
1020 1324 1195 1390 opsonatum
1225 1339 1351 1396 pergam

201 1410 255 1474 Aa.
278 1410 334 1488 IV,
362 1418 387 1489 1,
413 1417 467 1476 51:
501 1414 585 1490 Quod
611 1416 665 1474 illa
692 1424 791 1474 autem
819 1416 938 1474 simulat
958 1416 1042 1489 quasi
1065 1417 1194 1489 gravedo
1219 1419 1350 1493 profluat

204 1512 271 1570 Hoc
294 1530 331 1571 ne
357 1513 399 1571 sie
423 1510 524 1585 faeiat,
546 1536 590 1563 =
612 1509 818 1589 quodantem
835 1510 953 1574 attinet
974 1509 1098 1589 adhoc,
1122 1512 1210 1590 quod
1227 1514 1350 1580 simulet

201 1604 296 1672 Cura.
318 1607 361 1686 ΙΙ,
388 1612 495 1687 1‚35:
530 1610 613 1687 Quod
635 1611 679 1669 eis
709 1610 869 1685 respondi,
903 1627 940 1670 ea
966 1628 1067 1670 omues
1092 1619 1174 1672 stant
1203 1618 1350 1675 sententia

202 1704 274 1770 Cas.
295 1704 338 1785 ΙΙ,
364 1711 392 1785 5,
417 1711 450 1769 3:
476 1710 569 1782 Quam
592 1710 680 1767 istam
704 1725 826 1783 operam
849 1725 868 1767 a
889 1725 935 1766 me
958 1711 1104 1782 inpetres,
1128 1712 1209 1783 quod
1232 1714 1351 1788 postulas

204 1802 234 1867 h.
259 1821 286 1865 e.
312 1804 405 1867 istam
429 1817 557 1883 operam
587 1825 607 1867 a
628 1792 896 1883 me‘impetrare).
941 1803 1034 1884 Epid.
1057 1804 1082 1884 l,
1107 1811 1136 1886 2,
1161 1812 1220 1872 28:
1258 1812 1350 1885 Empta

205 1905 358 1978 ancillast,
392 1903 469 1976 qood
498 1910 561 1964 tute
593 1904 631 1963 ad
663 1921 710 1963 me
733 1905 851 1964 litteras
874 1906 1091 1965 Missieulabas.
1137 1904 1212 1970 Aul.
1237 1904 1292 1986 IV,
1313 1909 1349 1974 10.

203 2004 259 2064 39:
291 2002 356 2077 Ege
380 2009 424 2075 te,
455 2003 576 2076 Euclio,
600 2004 646 2061 De
671 2003 730 2062 alia
753 2020 787 2061 ra
810 2004 967 2062 rescivisse
991 2000 1051 2081 (sie
1074 2001 1232 2068 Fleckeis.
1261 2020 1350 2068 exera

204 2098 308 2161 Plaut.
338 2116 369 2179 p.
391 2101 445 2170 tt)
474 2102 590 2175 censui,
626 2100 704 2173 quod
730 2100 768 2160 ad
794 2100 861 2159 med
890 2102 1007 2160 attinet.
1052 2097 1143 2179 Capi.
1165 2099 1227 2181 ΙΙΙ,
1257 2109 1287 2181 4,
1308 2107 1351 2165 et:

205 2199 315 2258 Filium
339 2206 419 2258 tuum
444 2199 525 2271 quod
551 2199 698 2258 redimere
722 2216 754 2259 se
777 2200 833 2271 ait,
867 2199 898 2257 id
927 2215 964 2258 ue
993 2200 1124 2273 utiquam
1154 2202 1227 2260 mihi
1254 2204 1351 2277 placat

204 2294 298 2374 Epiri.
324 2294 361 2375 V,
387 2300 414 2374 Ι,
440 2300 495 2359 32:
520 2297 605 2372 Quod
620 2297 738 2372 quidem
755 2314 832 2356 nuuc
848 2297 949 2355 veniat
964 2298 992 2355 iu
1010 2304 1137 2356 mentem
1154 2299 1237 2357 milri.
1271 2295 1351 2360 Most

207 2392 264 2472 IV,
289 2385 317 2472 3,
344 2397 395 2457 18;
425 2396 525 2454 Minas
550 2395 748 2471 quadraginta
770 2396 930 2469 accepisti,
954 2396 1031 2467 qaod
1053 2397 1154 2456 seiam.
1200 2394 1282 2460 Meu.
1304 2391 1351 2471 ΙΠ,

210 2497 239 2571 2,
265 2496 319 2558 35:
344 2495 410 2553 Non
436 2494 543 2568 edepol
568 2511 623 2568 ego
646 2502 685 2566 te,
709 2494 787 2566 quod
809 2494 914 2565 seiam,
946 2510 1072 2568 unquam
1097 2499 1166 2554 aute
1190 2495 1269 2556 hune
1290 2496 1351 2555 dieu

209 2595 288 2653 Vidi.
335 2589 461 2653 Terent.
486 2590 545 2654 Ad.
569 2589 624 2668 IV,
649 2595 678 2667 5,
710 2596 742 2654 7:
775 2594 842 2651 Nou
874 2593 1009 2665 equidem
1039 2594 1128 2665 istas,
1162 2594 1242 2665 quod
1267 2596 1351 2663 seiam

207 2689 239 2754 h.
264 2709 290 2752 e.
315 2693 467 2767 quantum
490 2688 628 2751 memini.
673 2686 750 2751 Hee.
774 2687 833 2766 ΠΙ,
858 2692 887 2767 2,
912 2694 945 2752 3:
974 2690 1058 2766 Quod
1080 2698 1118 2762 te,
1142 2693 1312 2765 Aesculapi,
1332 2697 1351 2749 et

207 2796 250 2862 te,
275 2789 372 2861 Salus,
396 2788 505 2862 nequid
529 2790 569 2847 sit
590 2788 677 2847 huius
701 2805 762 2847 oro.
808 2785 887 2850 Eun.
909 2784 969 2864 ΙΙΙ,
997 2791 1024 2863 l,
1050 2790 1105 2849 10:
1130 2790 1186 2862 Qui
1210 2790 1297 2848 habet
1319 2805 1351 2848 sa

211 2891 287 2958 lem,
327 2886 411 2961 Quod
437 2888 551 2945 intest
580 2881 621 2960 (h.
646 2901 673 2947 e.
698 2882 797 2948 salem
819 2883 959 2960 habere).
1005 2883 1121 2948 Heaut.
1150 2884 1210 2964 Ill,
1240 2888 1346 2963 3,123

210 2986 246 3044 In
270 2992 403 3057 tempore
427 2984 465 3042 ad
492 3001 557 3043 eam
585 2985 667 3056 veni,
701 2983 778 3056 quod
806 3000 904 3043 rerum
928 2986 1086 3044 omniumst
1108 2986 1239 3044 Primum
1269 2982 1350 3057 (qaod

210 3078 242 3142 h.
267 3097 294 3143 e.
318 3078 350 3141 iu
374 3085 515 3159 tempore
537 3076 668 3158 venire).
714 3080 773 3144 Ad.
796 3080 822 3159 Ι,
848 3086 875 3160 1,
901 3084 955 3144 18:
990 3083 1074 3159 Quod
1104 3082 1287 3143 fortunatum
1314 3084 1351 3142 ist

210 3187 335 3257 putant,
366 3180 496 3240 Uxorem
520 3198 676 3254 numquam
699 3180 803 3254 habui,
833 3178 852 3241 i.
875 3197 902 3244 e.
925 3196 1054 3242 uxorem
1077 3177 1206 3242 habere.
1252 3178 1351 3242 Heaut

209 3275 270 3354 ΠΙ,
300 3280 326 3354 l,
349 3277 406 3338 86:
440 3278 525 3353 Quod
553 3279 674 3338 sensisti
700 3279 769 3339 illos
792 3295 838 3337 me
860 3280 994 3353 incipere
1018 3278 1139 3352 fallere,
1163 3279 1199 3338 ld
1220 3286 1254 3338 ut
1274 3284 1351 3338 matu

213 3383 282 3438 rent
304 3375 415 3435 faeere.
460 3372 538 3438 Hec.
561 3371 621 3452 ΙΠ,
643 3379 674 3452 4,
698 3378 753 3439 23:
783 3377 868 3452 Quod
889 3379 1031 3437 constitui
1057 3394 1104 3436 me
1131 3377 1221 3437 hodie
1244 3389 1351 3437 eouran

212 3484 312 3536 turum
335 3492 411 3546 eum,
435 3474 501 3532 Nou
525 3491 623 3548 posse.
669 3470 727 3535 Ad.
749 3469 787 3551 V,
813 3478 842 3550 5,
866 3477 921 3536 58:
944 3475 1107 3534 Prodidisti
1129 3483 1161 3535 et
1183 3483 1214 3535 te
1238 3483 1268 3534 et
1289 3474 1351 3531 illan

214 3575 353 3633 miseram
376 3579 406 3630 et
428 3580 562 3646 gnatum,
586 3570 802 3646 quodquidam
825 3574 855 3631 iu
879 3580 909 3632 te
932 3572 1003 3646 fuit,
1029 3596 1074 3624 =
1099 3576 1265 3650 quantum.
1307 3563 1351 3633 Ad

216 3668 276 3747 ΙΙΙ,
302 3673 330 3743 5,
355 3673 386 3731 l:
417 3671 508 3729 lstam
531 3670 609 3742 qood
630 3677 716 3745 potes
739 3671 801 3729 Fae
824 3673 980 3732 consolare
1002 3694 1045 3723 =
1067 3675 1237 3748 quantuni,
1268 3683 1351 3748 queat

215 3766 267 3830 vel
296 3769 454 3845 quatenus
481 3764 594 3841 (Rudd.
628 3783 658 3846 p.
683 3769 755 3844 354,
786 3765 892 3830 adnot.
924 3771 989 3843 25).
1032 3766 1113 3832 Eum
1137 3765 1180 3844 ΙΙ,
1210 3772 1238 3846 l,
1264 3770 1284 3831 8
1310 3781 1351 3844 sq.

216 3869 326 3928 Munus
349 3873 483 3926 uestrum
506 3871 611 3926 ornato
633 3866 747 3942 verbis,
782 3865 861 3938 quod
880 3869 1009 3941 poteris:
1043 3875 1074 3926 et
1104 3869 1188 3926 illum
1216 3867 1351 3927 aemulus

218 3964 305 4038 Quod
328 3965 451 4037 poteris,
475 3966 512 4024 ab
535 3983 571 4025 ea
590 3965 775 4039 pellito,(=
796 3968 954 4041 quatenus
977 3962 1009 4027 id
1029 3960 1177 4043 poteris).
1222 3962 1300 4027 Hec.
1314 3957 1351 4025 ΙΙ]

222 4065 250 4140 1,
276 4065 312 4121 7;
345 4062 421 4121 Nam
442 4062 523 4135 quod
544 4072 651 4139 potero
673 4063 812 4122 adiutabo
834 4079 944 4123 senem.
988 4060 1026 4139 V,
1052 4066 1078 4138 l,
1102 4066 1159 4127 34:
1186 4064 1316 4124 Meritus
1335 4059 1351 4121 d

217 4177 267 4218 me
289 4165 345 4232 est,
375 4159 454 4232 qaod
476 4179 582 4235 queam
604 4162 649 4220 illi
671 4167 705 4219 nt
727 4161 918 4224 commodem.
962 4158 1120 4224 Dicuntur
1142 4158 1242 4224 etiam
1265 4158 1306 4224 ab
1327 4157 1351 4221 in

219 4256 278 4319 itio
302 4255 455 4321 orationis
479 4257 583 4335 posita
605 4259 683 4331 quod
696 4260 732 4327 ai,
754 4260 833 4331 qaod
846 4259 888 4328 ai,
911 4259 989 4333 qaod
1007 4259 1133 4326 adeam,
1155 4258 1238 4332 qaod
1258 4274 1351 4332 apsqu

221 4370 305 4432 quae
328 4358 416 4418 reete
438 4354 484 4418 ita
508 4354 646 4435 explicat
667 4354 827 4436 Reisigius
848 4374 880 4437 p.
905 4360 981 4434 368,
1014 4360 1051 4418 ut
1078 4356 1158 4430 qaod
1183 4374 1257 4421 cum
1282 4371 1351 4435 prat
