3125 5075
493 377 581 417 CASUS
600 373 868 415 stnsrart'rtt'onuu.
883 394 907 403 —
916 374 1053 412 ACCL'SAT.
1307 377 1368 432 265

220 569 333 630 nunqua
355 551 502 614 adhibere
524 551 600 614 ceti.
616 547 676 626 ΙΙΙ,
694 553 722 626 l,
738 552 796 612 21:
819 550 873 610 Pol
889 551 933 610 ita
947 549 1035 610 decet
1047 551 1125 612 iruuc
1141 551 1252 614 facere.
1275 543 1369 612 Mati.

214 647 238 728 1,
256 653 284 728 ι,
306 651 349 714 ot)
370 663 436 730 sq:
467 649 566 710 Decet
587 663 634 708 mc
656 665 757 708 amare
780 656 813 708 et
835 655 865 708 te
889 647 1124 726 bubulcitarier,
1157 655 1208 718 Me
1230 655 1369 714 victitare

214 749 327 824 pulcra,
356 753 390 810 tc
409 751 530 812 miseris
550 749 655 812 medis.
701 747 844 818 Poeni,
868 752 897 826 2,
921 747 977 808 91:
1010 747 1202 812 Meretricem
1225 752 1369 827 pudorem

216 863 311 924 perere
335 863 422 924 mage
444 847 534 908 decet
555 865 642 923 quatu
664 865 842 923 purpuram,
876 848 1032 923 Magisque
1060 850 1249 912 meretricem
1275 850 1369 924 pudo·

217 961 381 1021 remquam
400 961 508 1006 aurum
528 961 636 1022 gerere
659 945 814 1007 coudecet.
859 941 955 1008 Poen.
971 941 1031 1020 ΙΙΙ,
1052 951 1081 1022 3,
1105 951 1164 1011 61:
1186 947 1293 1022 Neque
1313 963 1369 1006 nos

217 1041 322 1104 lertari
342 1059 441 1118 nequa
463 1042 619 1104 dehortari
637 1043 726 1104 decet
746 1044 903 1104 Hominem
926 1045 1129 1118 peregrinum.
1158 1041 1272 1122 Amph.
1288 1039 1370 1120 proi.

218 1155 242 1202 r.
259 1143 316 1204 ³52
347 1139 426 1200 Nam
447 1142 560 1202 iniusta
581 1141 619 1201 ab
640 1141 728 1202 iustis
749 1141 908 1215 impetrari
929 1158 988 1201 ueu
1010 1143 1108 1202 decet.
1156 1138 1253 1203 Paeti.
1277 1139 1315 1217 V,
1337 1143 1369 1218 4,

221 1239 265 1300 ii:
282 1237 325 1300 Ut
338 1237 449 1298 doceat
463 1257 517 1300 nos
532 1237 634 1300 fucare
656 1239 827 1313 quidquem,
850 1236 927 1312 quod
943 1239 1029 1300 hemo
1053 1239 1207 1314 qnisquam
1230 1239 1368 1300 inrideat

223 1331 304 1398 lost.
320 1331 378 1411 IV,
394 1337 426 1412 2,
444 1339 497 1400 19:
521 1353 590 1398 essa
604 1343 638 1396 ut
652 1335 780 1396 addecet
794 1335 928 1410 Nequam
951 1336 1094 1409 irorniues,
1116 1337 1160 1395 ita
1175 1344 1251 1397 sunt.
1279 1333 1368 1399 Pera.

221 1427 249 1508 i,
267 1435 296 1510 2,
320 1435 379 1496 55:
411 1435 456 1494 'l'a
481 1434 555 1494 mihi
581 1433 662 1494 dicto
689 1449 757 1494 esse
785 1433 954 1492 audientem
982 1435 1118 1494 addecet.
1165 1431 1262 1496 I'oen.
1287 1430 1313 1508 1,
1338 1435 1368 1510 2,

222 1531 281 1594 115:
302 1533 380 1592 llam
402 1531 521 1606 quidem
537 1530 645 1605 edepol
660 1531 776 1590 lucrum
798 1547 898 1590 amare
923 1533 1034 1590 nullum
1050 1539 1212 1590 amatorem
1230 1531 1365 1592 addecet.

220 1623 396 1692 liertoiaria
416 1643 449 1707 p.
470 1631 544 1705 482,
575 1643 603 1688 v.
627 1629 660 1690 5:
704 1629 840 1688 Poiiucte
863 1628 1017 1704 prodigum
1040 1645 1107 1688 esse
1131 1637 1292 1688 amatorem
1315 1630 1368 1689 ad-

222 1727 304 1788 decet.
326 1723 423 1790 Trite.
445 1723 490 1802 ΙΙ,
513 1728 541 1800 1,
567 1727 619 1788 ta:
642 1726 836 1787 Meretricem
859 1727 953 1786 sentis
976 1728 1102 1786 similem
1125 1728 1272 1786 coudecet
1290 1741 1366 1787 esse.

219 1819 318 1888 Pseud
356 1821 384 1900 Ι,
407 1826 438 1900 3,
464 1826 541 1886 1315:
584 1825 665 1884 'seue
688 1829 852 1883 amatorem
875 1841 941 1884 esse
965 1825 1115 1884 inventum
1138 1826 1258 1884 induem
1281 1825 1365 1898 quasi

222 1939 323 1984 emam
344 1921 485 1996 nacerat,
509 1919 563 1984 ubi
584 1917 762 1999 praecessit
776 1919 879 1992 prades
902 1917 974 1982 Cas.
997 1919 1022 1996 Ι,
1051 1926 1080 1984 l:
1103 1923 1170 1982 lieu
1193 1922 1265 1980 milri
1281 1921 1369 1982 licere

219 2037 299 2080 naam
321 2035 369 2080 otc
390 2035 455 2080 rem
478 2020 582 2092 solum,
606 2025 640 2078 ut
661 2019 737 2091 uolo,
764 2017 865 2090 Loqui
887 2026 975 2094 atque
999 2020 1128 2092 copitorc
1157 2021 1222 2080 sine
1246 2019 1296 2078 ted
1319 2037 1366 2078 ar-

220 2117 304 2178 iiro?
325 2113 417 2180 Aaiu.
439 2113 483 2189 ΙΙ,
500 2121 531 2191 Ι,
554 2118 607 2178 15:
631 2116 708 2189 Quoi
729 2131 886 2190 uumquarn
910 2135 971 2176 rem
995 2133 1042 2176 rue
1065 2135 1152 2177 uuam
1181 2119 1254 2177 iicet
1276 2119 1368 2178 semel

219 2219 382 2294 praecipere
403 2211 472 2275 iuri
499 2209 570 2276 Cas.
592 2209 652 2280 111,
676 2216 706 2288 5,
728 2215 786 2274 61:
811 2213 910 2274 redire
933 2231 979 2273 me
1003 2215 1083 2274 intro
1107 2225 1137 2274 at
1155 2217 1255 2274 liccat.
1280 2211 1367 2278 Pers.

220 2309 247 2392 l,
269 2319 295 2392 l,
318 2317 376 2376 21:
423 2313 552 2385 Quieta
575 2311 796 2370 iicetiiberam
817 2328 864 2370 me
887 2313 1039 2386 ampiecti.
1084 2307 1165 2374 itud.
1193 2309 1287 2388 11,4,
1315 2315 1368 2374 12:

222 2411 275 2474 loa
295 2415 373 2474 iicet
394 2421 426 2471 te
448 2411 493 2471 sic
514 2407 665 2484 placidula
693 2409 803 2469 bellam
834 2409 912 2468 belle
942 2407 1087 2484 tangere?
1130 2406 1233 2470 Piaui.
1256 2407 1368 2487 fragm.

224 2513 339 2587 tadi:
364 2511 453 2571 Licet
474 2525 527 2570 roa
549 2507 632 2569 abire
655 2508 814 2569 curriculo.
848 2502 941 2584 Epiri
969 2503 993 2583 Ι,
1017 2508 1047 2585 2,
1073 2509 1127 2570 13;
1150 2509 1224 2569 llam
1245 2507 1315 2583 quid
1337 2515 1367 2570 te

223 2608 298 2685 icitur
318 2609 440 2671 rettulit
461 2606 632 2667 Beueiieum
654 2622 731 2678 esse,
754 2602 795 2667 ad
818 2620 846 2681 q.
870 2601 890 2665 i.
915 2604 1045 2668 Donat:
1071 2640 1131 2683 „-
1144 2604 1221 2685 quid
1237 2604 1367 2684 profuit,

224 2704 286 2783 quid
305 2702 483 2769 interfuit.“
507 2700 600 2765 Cure.
614 2698 670 2780 IV,
686 2706 716 2775 3,
732 2704 786 2765 23:
810 2703 881 2777 qnid
897 2703 992 2764 refert
1008 2722 1055 2765 me
1072 2703 1180 2764 iecisse
1193 2705 1312 2781 regibus
1328 2706 1369 2767 Ut

223 2806 453 2867 uiobocdirent.
475 2798 569 2863 Truc.
591 2796 634 2875 ΙΙ,
655 2806 687 2873 4,
710 2804 768 2863 40:
794 2803 912 2876 quoire
935 2802 965 2861 id
982 2809 1011 2863 te
1028 2802 1207 2862 adsimulare
1230 2802 1369 2863 rettulit?

223 2896 295 2967 Pers.
316 2898 376 2979 IV,
398 2902 430 2979 6,
456 2906 511 2963 ie:
532 2900 609 2973 Quia
630 2901 740 2959 ettiuet
761 2916 817 2959 uos
840 2901 928 2959 scire.
961 2898 1049 2962 Asia.
1072 2896 1133 2977 ΙΙΙ,
1156 2902 1185 2975 2,
1209 2905 1265 2965 34;
1288 2902 1368 2963 Ede-

219 3005 259 3073 tol
278 3018 382 3064 senem
402 3000 618 3059 Demaenetum
640 2998 772 3073 lepidum
797 2997 888 3057 inisse
912 2998 1007 3070 uobis,
1030 2995 1072 3059 ad
1091 3012 1121 3075 q.
1137 2995 1157 3060 i.
1173 2996 1367 3065 i'airuerius:

218 3099 309 3173 ‚sicut
328 3098 455 3172 scilicet,
477 3096 624 3168 sericeis,
652 3095 827 3155 nimirem.“
872 3092 968 3157 Stich.
995 3093 1051 3171 tv,
1079 3100 1106 3171 l,
1126 3098 1182 3157 ts:
1220 3099 1369 3161 Videlicet

214 3212 330 3269 parcum
352 3196 446 3257 inissa
467 3197 550 3255 iiluna
573 3211 685 3255 seuera
730 3190 830 3255 Stich.
852 3190 906 3270 lv,
934 3199 961 3270 i,
984 3196 1039 3256 51:
1070 3194 1219 3256 Videlicet
1241 3216 1367 3273 ueqnarn

212 3292 299 3359 luisse
321 3299 408 3357 illurn
433 3295 667 3355 adulescentem.
691 3292 832 3355 Fortasse
854 3308 925 3355 cum
948 3309 1013 3356 acc.
1036 3308 1062 3354 c.
1085 3290 1139 3357 ini.
1162 3291 1366 3358 coniunctum

210 3386 300 3459 Trite.
322 3390 383 3455 ΙΙΙ.
401 3396 431 3467 2,
450 3394 503 3453 12:
525 3393 694 3453 Parasitum
716 3398 747 3451 te
769 3390 899 3453 tortasse
923 3392 1033 3451 dicore.
1057 3388 1188 3453 Salmas.
1213 3390 1363 3471 explicet:

205 3490 432 3571 ,romeon
454 3488 565 3567 inquit,
587 3489 674 3568 petis
695 3504 736 3550 an
758 3486 935 3567 parasitum
958 3486 1123 3553 habeam.“
1157 3487 1249 3569 Epid.
1272 3486 1315 3566 ll,
1337 3492 1367 3568 2,

207 3594 283 3657 113;
304 3590 356 3653 Ad
377 3589 574 3664 quadraginta
595 3587 725 3659 sortasse
744 3604 809 3647 eam
825 3606 913 3661 posse
927 3592 984 3648 emi
1000 3590 1129 3650 minuma
1145 3592 1248 3650 ruinas.
1269 3586 1367 3652 Mera.

202 3682 260 3767 lv,
281 3695 314 3767 4,
336 3690 395 3751 42:
418 3688 559 3747 Fortasse
582 3687 667 3747 iilam
689 3695 720 3747 tc
742 3687 891 3747 mirarier.
916 3683 1006 3765 Capt.
1029 3684 1055 3763 Ι,
1072 3690 1101 3763 2,
1125 3690 1182 3750 68:
1205 3690 1268 3749 iloc
1284 3688 1368 3748 ilium

204 3806 252 3849 rue
277 3794 396 3849 mutare
415 3783 532 3847 confido
554 3782 636 3861 iore,
672 3780 729 3847 ubi
750 3799 816 3847 acc.
854 3800 879 3846 c.
908 3781 963 3847 int.
1001 3784 1121 3863 pendet
1141 3802 1161 3848 a
1183 3785 1255 3857 sore.
1300 3780 1366 3847 Mil.

206 3882 265 3963 ΙΙΙ,
288 3890 320 3961 3,
345 3886 403 3949 52:
430 3884 477 3945 Εο
499 3886 634 3959 potuerit
657 3880 749 3960 [rem]
772 3881 900 3957 lepidius
927 3887 978 3959 poi
1001 3886 1076 3944 lieri.
1120 3880 1312 3947 Iliischeiius
1335 3880 1368 3943 in

209 3979 446 4063 prolegomenis
466 3980 509 4043 ad
529 3978 749 4043 Trinummum
771 3996 802 4059 p.
829 3983 899 4057 11³,
921 3978 989 4043 coil.
1014 3998 1044 4059 p.
1070 3984 1131 4044 325
1152 3985 1250 4059 negat
1272 3978 1366 4043 Plau·

208 4088 275 4143 tum
302 4078 452 4144 emittere
486 4096 547 4141 esse
572 4076 605 4141 in
633 4076 870 4141 constructione
900 4077 1073 4141 accusativi
1101 4096 1172 4142 cunr
1200 4075 1365 4157 infinitivo,

209 4178 265 4241 sed
284 4176 345 4241 hoc
366 4192 431 4239 uon
452 4192 564 4239 rernm
587 4192 659 4239 esse
681 4191 721 4236 en
742 4172 867 4251 multis,
898 4192 980 4253 quae
1003 4192 1103 4254 supra
1124 4175 1231 4257 posui,
1261 4192 1366 4238 exeru-

212 4273 270 4353 piis
295 4273 425 4355 probari
451 4278 567 4355 potest
612 4272 740 4338 Trabea
772 4270 810 4336 ir.
838 4272 897 4337 inc.
925 4270 988 4337 lab.
1014 4278 1049 4337 2:
1088 4278 1153 4352 Ego
1180 4278 1363 4351 voluptatem

215 4376 298 4435 animi
332 4376 454 4437 nimiam
490 4390 635 4435 summum
672 4390 740 4435 esse
776 4390 911 4435 errorem
945 4376 1085 4436 arbitror.
1132 4369 1246 4437 cnecil.
1285 4370 1364 4437 Siai.
