3125 5075
515 351 553 389 na
568 352 663 392 ieonis.
678 374 699 382 -
719 353 941 392 contnncnivne.
1243 360 1300 420 143

141 531 440 603 CorrexitBothine
462 541 596 619 propter
609 548 756 605 metrum.
789 544 837 620 Ap
859 545 917 603 lieu
937 560 993 618 pm
1016 542 1107 611 laud,
1128 539 1146 603 i.
1164 559 1191 604 e.
1214 538 1300 621 aaa).

141 637 171 711 7,
197 635 254 696 16;
277 638 355 711 qnod
377 636 442 715 dee,
466 638 598 699 devorat
642 637 698 717 IV,
725 644 751 716 l·,
776 643 809 702 2:
839 640 894 700 Oui
921 657 976 714 ego
1005 657 1083 699 nnnc
1110 646 1162 699 ant
1188 640 1301 699 dictum

140 739 193 791 ant
219 732 334 794 iactum
359 736 464 795 mellus
493 754 580 811 qnam
608 739 717 798 Veneri
744 738 853 797 velim?
896 754 925 800 v.
954 739 988 799 9:
1021 738 1048 797 ai
1078 754 1136 796 non
1164 751 1299 810 perenm,

139 832 232 904 plane
248 832 392 904 nemetim
416 829 476 909 (sic
492 830 631 897 Goeller.
653 833 791 897 maxime
814 832 854 896 ad
877 832 1012 913 vestigia
1027 832 1180 896 codicum.
1215 830 1296 896 Nam

140 928 214 1006 Apg
236 932 416 1003 paneuriem.
459 928 530 1009 &pg
551 936 737 1007 panenrient
762 930 859 1010 Vulg.
882 928 1052 1009 inteream).
1084 934 1112 1002 2,
1137 933 1191 994 29:
1216 932 1299 990 Mor-

138 1032 228 1085 tnmn·
245 1027 354 1086 hercle·
371 1045 432 1101 me,
455 1046 540 1102 qnam
563 1031 592 1089 ld
613 1032 734 1103 patim,
755 1031 901 1091 mavelim.
934 1046 961 1090 v.
986 1032 1027 1091 30
1058 1030 1170 1089 Malim.
1193 1046 1219 1086 v.
1239 1030 1296 1089 33:

138 1126 210 1197 quia
235 1126 287 1199 pol
316 1126 460 1184 mavelim.
506 1143 535 1187 v.
561 1131 616 1189 54:
644 1129 820 1203 Oenoanda,
852 1146 898 1186 me
926 1145 983 1187 nan
1007 1126 1172 1196 laetarum,
1196 1126 1297 1187 verbio

137 1221 250 1287 iurem,
278 1221 305 1281 ai
333 1222 410 1283 velit.
457 1227 493 1299 3,
519 1228 550 1286 1:
585 1227 690 1302 Egone
717 1227 772 1286 tibi
801 1227 878 1285 male
909 1225 1006 1284 dicam
1033 1233 1083 1283 ant
1114 1223 1188 1283 adeo
1218 1224 1294 1282 male

137 1317 250 1377 velim?
294 1316 331 1394 V,
356 1336 383 1381 v.
408 1323 461 1382 32:
486 1323 607 1394 Quidvis
630 1322 714 1384 iace:
745 1342 800 1398 ego
821 1323 970 1396 naamam
999 1317 1060 1398 (sic
1082 1317 1185 1393 Boin,
1209 1317 1293 1398 vulg.

137 1431 193 1487 ego
209 1414 324 1489 amitt.)
350 1414 449 1481 Plaut.
474 1418 500 1481 F
502 1436 599 1497 ragm.
616 1418 728 1483 Cistell
760 1438 790 1499 p.
806 1425 879 1495 477,
896 1438 923 1481 v.
941 1423 997 1481 31:
1021 1420 1186 1478 Adhinnire
1203 1435 1297 1491 equu-

137 1515 197 1572 lam
215 1514 328 1586 poesim
350 1533 405 1590 ego
427 1518 513 1589 hane,
537 1520 564 1578 ai
585 1518 672 1579 delur
694 1522 759 1579 tela
781 1522 846 1580 soli.
876 1515 978 1579 Plaul.
1002 1514 1129 1594 Fragn.
1147 1512 1237 1576 Caec.
1260 1528 1293 1590 p.

136 1613 210 1682 478,
234 1626 262 1672 v,
288 1615 321 1674 7;
351 1614 438 1684 Plnre⁸
468 1618 565 1676 altero
594 1623 694 1692 tanto,
718 1624 829 1692 quanto
864 1621 927 1677 eius
957 1614 1064 1673 fundus
1099 1621 1160 1680 est,
1197 1612 1296 1672 aelim

136 1723 163 1766 v.
188 1711 222 1771 9:
249 1710 341 1768 Velim
369 1720 398 1769 le
427 1714 566 1773 arbitrari
604 1714 723 1777 iactum.
770 1711 884 1776 Caecil.
913 1712 992 1775 Stat.
1026 1708 1230 1773 Demandati:
1260 1710 1292 1768 Si

135 1824 274 1881 nmquam
297 1810 450 1883 quisquam
475 1812 562 1882 vidit,
587 1830 671 1886 quem
695 1816 849 1886 catapulta
870 1820 921 1871 aut
944 1812 1053 1871 balista
1075 1807 1168 1868 iterii.
1200 1803 1291 1869 Caec.

135 1899 217 1963 Stat.
239 1901 404 1981 Epieleros
427 1903 464 1968 fr.
487 1909 519 1968 2:
549 1912 594 1967 An
626 1909 680 1967 nbi·
696 1928 748 1970 vos
772 1911 852 1982 silis,
882 1911 924 1968 ibi
951 1908 1104 1968 consilinm
1132 1904 1292 1964 madeat?

135 1996 228 2062 Caec.
258 1998 303 2063 St
333 2001 474 2066 Fallacia
502 2001 539 2065 fr.
569 2009 597 2079 7,
627 2024 655 2067 v.
687 2012 742 2068 51:
776 2007 863 2065 velim
893 2007 1046 2080 paulisper
1080 2010 1111 2061 te
1147 2002 1293 2076 opperiri.

134 2093 228 2159 Caee.
262 2096 307 2162 St.
332 2098 601 2179 Hypobolimeaus
627 2100 664 2165 ir.
690 2108 724 2165 5:
756 2105 830 2163 Nam
862 2106 891 2161 hi
922 2109 989 2162 sunit
1018 2102 1129 2159 inimici
1159 2101 1295 2173 pessumi·

134 2194 236 2254 fronte
260 2197 366 2268 hilaro,
390 2201 480 2258 corde
504 2201 600 2274 tristi,
628 2203 707 2275 Quos
737 2183 833 2275 neque
860 2208 893 2259 nt
923 2199 1090 2273 adprendas
1121 2213 1216 2270 neque
1245 2197 1290 2255 nti

132 2294 267 2353 dimittas
288 2295 373 2354 seiae.
419 2293 533 2359 Caecil.
559 2294 638 2360 Stat.
662 2295 840 2360 Nanclerus
868 2293 905 2358 fr.
930 2301 963 2358 5:
991 2297 1156 2367 eilinguas
1186 2293 1295 2351 decenn

134 2391 288 2464 Habeam,
314 2395 361 2452 vix
387 2393 521 2469 habeam,
552 2398 624 2456 satis
653 2406 682 2456 le
714 2399 762 2471 qui
792 2397 917 2455 laudem.
963 2391 1078 2456 Caecil.
1110 2391 1197 2456 stat·
1219 2389 1294 2454 Plo·

134 2487 218 2551 cium
243 2484 281 2551 ir.
310 2493 337 2566 l,
360 2507 388 2552 v.
408 2494 468 2554 144
484 2507 549 2571 sq.:
574 2496 656 2567 Quae
673 2496 730 2555 nisi
742 2496 840 2554 dotem
857 2495 964 2567 omnia,
989 2494 1071 2567 Quae
1086 2492 1171 2565 nelis,
1188 2491 1287 2553 habet.

133 2605 163 2648 v.
191 2589 265 2649 148:
292 2594 336 2649 An
354 2609 428 2664 quae
445 2593 516 2650 milii
532 2593 673 2668 quidquid
696 2597 806 2669 piacet,
830 2610 866 2652 eo
881 2594 997 2666 privat,
1021 2599 1167 2651 servatam
1182 2588 1292 2649 eelim?

132 2683 276 2753 Plocium
299 2684 335 2748 ir.
361 2690 416 2748 ll:
441 2691 530 2748 Vives
552 2698 586 2749 nt
602 2692 707 2763 possis,
729 2693 847 2765 qnando
869 2708 927 2749 non
951 2690 1017 2764 quis
1040 2697 1073 2747 ut
1095 2689 1174 2748 aelia.
1211 2683 1292 2765 Syn-

132 2780 249 2860 ephebi
271 2781 307 2845 ir.
336 2789 366 2846 l:
765 2794 771 2803 '

306 2884 339 2941 In
364 2900 463 2944 amore
487 2901 576 2944 suave
599 2893 645 2944 est
668 2903 780 2944 summo
804 2903 974 2960 summaque
996 2886 1106 2958 inopia,

309 2982 464 3040 Parentnm
489 2983 598 3041 habere
622 2999 740 3041 avarum
764 2984 936 3056 inlepidum,
960 2985 988 3040 in
1007 2985 1116 3041 liberos

307 3078 472 3151 Difficilem,
496 3082 545 3154 qui
570 3088 598 3139 te
623 3096 678 3137 nee
701 3088 780 3137 emet
803 3098 858 3139 nee
882 3082 1001 3140 studeat
1023 3083 1076 3140 tui.

301 3179 363 3234 Ant
385 3186 416 3235 tn
439 3180 521 3236 illum
545 3176 641 3235 leuem
665 3176 757 3247 sallas
780 3185 831 3235 ant
853 3194 907 3251 per
930 3179 1034 3236 literas

301 3271 433 3334 Avertaa
455 3277 574 3349 aliquod
599 3292 702 3333 nomen
732 3280 784 3333 ant
805 3292 860 3349 per
884 3276 1031 3334 servolum

303 3369 456 3431 Perculiae
479 3373 631 3446 pavidum,
659 3379 809 3446 postremo
832 3389 850 3430 a
872 3389 965 3445 pareo
986 3380 1072 3446 patre

306 3469 390 3541 Quod
413 3486 523 3545 suniae,
546 3479 657 3545 quanto
680 3469 804 3542 dissipes
825 3470 982 3529 libentius!

128 3561 186 3625 nbi
212 3562 399 3627 coniunctivi
423 3566 527 3641 fallas,
552 3574 679 3641 avertas,
704 3569 866 3642 percutias,
891 3585 988 3626 sumas
1005 3562 1195 3628 coniunctivi
1212 3566 1288 3626 sunt

130 3658 338 3739 hypothetici,
363 3680 390 3726 v,
415 3662 600 3726 Putschium
623 3664 655 3725 in
678 3662 779 3727 Iahnii
803 3663 907 3726 annal.
935 3665 1026 3740 1835,
1051 3662 1110 3726 vol.
1129 3665 1166 3722 71
1185 3667 1219 3722 et
1235 3665 1286 3739 72,

131 3763 211 3822 sect.
235 3765 264 3822 4.
286 3759 399 3825 Caecil.
424 3759 503 3825 stat.
528 3760 586 3824 ine.
611 3759 672 3824 fab.
697 3760 734 3824 fr.
762 3767 814 3824 15:
837 3762 923 3822 deum
952 3759 1130 3839 (Amorem)
1155 3762 1203 3836 qni
1227 3777 1284 3819 non

130 3877 275 3919 nummum
294 3865 387 3934 patet,
407 3864 468 3921 Ant
491 3863 612 3920 stultum
629 3870 679 3919 aut
702 3879 801 3921 rerum
825 3877 890 3921 esse
914 3861 1082 3934 imperitam
1106 3859 1284 3918 existumem,

128 3954 300 4020 Iuventius
323 3954 359 4020 fr.
382 3963 393 4020 l
421 3957 480 4021 inc.
504 3954 583 4019 fan:
608 3959 715 4033 gandia
738 3959 838 4020 Suam·
860 3975 961 4018 omnes
985 3956 1292 4027 hominesemsernm

128 4057 161 4115 in
185 4073 275 4115 nnnm
298 4058 405 4129 lotum,
428 4058 539 4116 Tamen
564 4073 629 4116 mea
651 4061 806 4129 exsuperet
825 4057 949 4116 laetitia.
995 4052 1122 4116 Terent.
1147 4052 1244 4138 Andr.
1260 4048 1289 4129 Ι,

132 4156 161 4230 1,
185 4155 240 4216 39:
263 4158 307 4213 ita
329 4154 478 4227 facillume
495 4155 565 4213 Sine
581 4154 692 4214 invidia
714 4155 830 4214 laudem
845 4153 981 4213 inveniet
1003 4160 1034 4211 et
1056 4153 1166 4212 amicos
1182 4166 1284 4224 pares.

127 4267 158 4314 v.
187 4255 260 4314 131:
292 4253 372 4313 Vera
400 4251 575 4327 obiurgandi
603 4269 694 4312 eausa
714 4253 769 4324 ait,
800 4254 827 4312 ei
853 4251 979 4323 deremet
1025 4253 1053 4317 5,
1075 4253 1133 4311 24:
1163 4247 1286 4323 Aliquid

127 4352 277 4427 saeerem,
304 4358 339 4411 nt
367 4352 423 4411 hoc
446 4368 483 4410 ne
506 4350 646 4413 iacerem.
692 4346 739 4426 11,
765 4352 799 4424 1,
827 4352 881 4411 10:
909 4349 953 4407 Tu
979 4348 1006 4407 ai
1035 4349 1084 4407 hie
1110 4347 1165 4414 aie,
1195 4348 1287 4405 aliter
