3125 5075
203 325 261 382 102
631 313 786 354 SUBSTANT.
802 313 864 354 CAP.
878 314 919 354 ΙΙΙ.

200 487 243 566 ΙΙ,
260 492 290 566 2,
307 492 363 551 23;
386 505 442 564 pro
456 494 589 549 monstro
604 490 787 563 extemplost,
812 492 928 565 quando
944 492 994 564 qui
1009 489 1096 549 sudat
1116 488 1226 547 tremit.
1265 481 1353 564 Capi.

200 584 258 662 ΙΠ,
286 590 311 663 1,
335 588 385 649 24.
423 582 499 648 cist.
522 582 548 662 Ι,
574 589 601 664 1,
624 589 682 649 98:
707 590 732 649 si
754 606 844 663 ames,
868 588 1030 662 extempulo
1051 586 1160 646 Melius
1183 586 1229 645 illi
1252 586 1353 656 multo,

201 703 287 762 quem
309 702 401 758 ames,
425 686 572 759 consulas,
599 703 686 761 quam
708 705 740 747 re
763 694 843 747 tuae.
879 684 994 749 Bacch.
1010 682 1053 760 ΙΙ,
1076 686 1105 760 3,
1130 684 1185 744 70:
1209 683 1355 756 Quoniam

204 784 345 857 extemplo
365 800 384 842 a
405 788 494 858 portu
516 784 560 842 ira
583 802 636 844 nos
659 803 818 845 cumauro
842 785 950 846 vident.
973 779 1085 846 Bacch.
1099 798 1128 843 r.
1142 781 1213 843 263.
1238 776 1355 842 Pseud.

201 880 256 958 IV,
281 885 310 958 7,
336 883 404 944 104.
431 876 513 943 Men.
530 878 572 959 ΙΙ,
595 883 625 958 2,
647 884 697 945 67.
721 880 805 944 Men.
822 899 850 944 v.
866 885 939 945 482.
963 877 1057 942 Most.
1074 877 1111 956 V,
1140 884 1165 954 l,
1189 881 1238 940 22.
1266 874 1355 940 Pers.

201 977 226 1056 1,
251 986 279 1056 3,
303 982 353 1040 41.
382 996 409 1040 v.
433 980 483 1040 84.
512 975 570 1055 IIl,
593 984 623 1057 3,
648 983 697 1043 30.
723 978 821 1044 Merc.
843 979 869 1059 Ι,
896 984 922 1057 1,
946 981 996 1042 67.
1025 975 1121 1040 Marc.
1145 973 1225 1055 prol.
1248 992 1277 1036 v.
1302 976 1356 1037 61:

203 1078 275 1138 Sese
298 1077 437 1149 extemplo
460 1095 496 1136 ex
518 1078 641 1151 ephebis
663 1086 818 1154 postquam
841 1079 1005 1139 excesserit
1026 1079 1100 1139 cett.
1117 1071 1231 1137 Bacch.
1247 1069 1304 1149 IV,
1327 1076 1356 1149 9,

205 1179 260 1238 54:
295 1175 435 1247 eetemplo
458 1176 508 1235 ubi
531 1176 671 1251 oppidum
693 1193 910 1252 expugnarero.
954 1171 1102 1253 Inprimis
1132 1169 1285 1250 frequens
1308 1174 1358 1233 est

206 1269 383 1335 coniunctio
396 1290 482 1345 quom
494 1274 642 1347 extemplo,
658 1271 741 1353 quod
754 1272 951 1337 Graecorum
963 1270 1136 1351 respondet
1147 1266 1210 1330 ἐπεὶ
1218 1261 1355 1347 τάχιστα.
1379 1317 1381 1322 .

207 1367 260 1435 sic
276 1367 362 1432 Asin.
380 1367 421 1445 ΙΙ,
444 1375 473 1448 4,
497 1373 551 1434 36:
574 1373 665 1433 Aibat
679 1372 816 1444 reddere,
839 1389 926 1445 quom
941 1370 1081 1445 extemplo
1096 1369 1244 1430 redditum
1265 1375 1356 1442 esset,

203 1464 233 1531 h.
260 1485 286 1531 e.
315 1471 352 1530 ut
380 1468 525 1546 primum.
570 1466 636 1532 Mil.
659 1466 713 1546 IV,
737 1476 767 1547 4,
791 1472 849 1531 40:
881 1471 974 1545 Quoto
1002 1469 1142 1542 extemplo
1169 1467 1228 1527 orit
1254 1466 1357 1534 hoe²¹i

202 1565 322 1627 factum.
370 1566 463 1630 Most.
487 1564 534 1644 ΙΙ,
560 1571 592 1642 1,
618 1569 671 1630 18:
705 1569 804 1629 Aedes
837 1585 923 1641 quom
952 1568 1092 1641 extemplo
1124 1575 1193 1627 suut
1220 1574 1356 1643 paratae.

202 1661 298 1727 Most.
314 1683 342 1728 v.
363 1667 458 1728 1064:
483 1682 569 1739 quom
591 1666 732 1739 coempto
754 1684 864 1727 vocem.
908 1663 1005 1728 Mero.
1022 1662 1064 1742 ΙΙ,
1087 1667 1115 1740 2,
1139 1668 1189 1727 24.
1212 1663 1300 1727 Trin.
1316 1662 1357 1742 ΙΙ,

206 1765 232 1839 1,
253 1765 303 1825 16;
326 1780 412 1837 quma
434 1764 576 1836 coempto
598 1767 661 1825 eius
684 1766 772 1825 saviis
795 1767 950 1839 perculsus
975 1770 1028 1824 est.
1073 1761 1157 1825 Trio.
1174 1760 1235 1840 ΙΙΙ,
1256 1766 1285 1837 2,
1303 1766 1356 1827 99:

203 1878 290 1935 quom
304 1862 445 1935 extemplo
460 1879 562 1922 arcum
578 1869 610 1923 et
623 1862 795 1937 pharetram
815 1864 854 1921 mi
870 1869 901 1920 et
920 1863 1045 1937 sagittas
1066 1879 1230 1938 sumpsero.
1266 1858 1357 1939 eope

203 1956 258 2034 lv,
282 1961 311 2036 2,
333 1961 368 2021 6:
403 1961 497 2035 Quom
525 1961 665 2033 extemplo
687 1960 725 2018 ad
747 1959 843 2020 forum
867 1961 1028 2034 advenero,
1063 1977 1163 2020 omnes
1186 1962 1356 2036 loquentur.

205 2051 295 2134 Capt.
312 2054 353 2135 Π,
373 2061 401 2134 3,
415 2060 469 2118 74;
486 2075 571 2130 quan
583 2058 722 2130 extenplo
737 2076 803 2120 meo
819 2076 834 2117 e
852 2066 1014 2132 conspectu
1026 2059 1218 2133 apscesseris.
1242 2053 1357 2119 Pseud.

202 2148 262 2230 ΙΙΙ,
287 2156 316 2229 2,
343 2158 396 2217 15;
419 2172 505 2229 quom
526 2157 666 2231 extemplo
688 2158 809 2215 veniunt
831 2157 1008 2216 conductum
1030 2174 1164 2230 coquom.
1202 2151 1285 2217 aud.
1303 2150 1355 2230 ΙΙΙ,

204 2254 232 2329 3,
256 2255 311 2315 4οε
350 2255 466 2329 Quippe
498 2271 584 2327 quom
612 2256 752 2328 extemplo
779 2256 809 2313 in
836 2256 993 2314 macellum
1015 2255 1113 2328 pisces
1135 2254 1247 2328 prolati
1270 2254 1356 2313 sieut.

204 2346 318 2414 Caecil.
342 2349 420 2415 Stat.
444 2349 586 2415 Plocium
608 2348 645 2414 fr.
670 2355 699 2427 2,
722 2368 751 2413 v.
778 2353 848 2413 160.

290 2452 339 2511 24.
378 2448 407 2513 b.
442 2451 602 2510 domares
629 2451 726 2509 medii.
771 2447 843 2511 Huc
873 2447 1014 2527 pertinet
1041 2447 1130 2512 locus
1157 2463 1207 2525 ap.
1231 2444 1359 2510 Terent.

206 2546 303 2611 Andr.
328 2546 354 2626 1,
381 2553 407 2625 1,
432 2553 485 2609 77:
515 2550 621 2608 Ferme
644 2550 675 2608 in
698 2550 803 2609 diebus
827 2550 939 2622 paucis,
963 2550 1068 2621 quies
1091 2549 1164 2607 haec
1188 2554 1359 2622 actumst,

204 2647 326 2721 Chrysis
350 2648 447 2706 vicina
474 2648 547 2707 haee
571 2648 711 2722 moritur,
745 2645 774 2708 h.
804 2664 830 2709 e.
861 2644 893 2707 in
923 2643 1034 2708 diebus
1064 2643 1174 2723 paucis
1201 2647 1276 2723 post
1304 2659 1373 2731 eos·

206 2741 284 2819 dies,
302 2741 416 2821 quibus
431 2741 509 2806 haec
523 2747 597 2807 acta
612 2750 694 2821 sunt,
712 2748 747 2807 ut
762 2743 908 2808 Ruddim.
926 2740 1061 2821 explicat
1077 2759 1106 2820 p.
1120 2745 1191 2819 290,
1208 2740 1317 2805 adnot.
1329 2744 1358 2806 8.

290 2843 339 2903 25.
374 2858 400 2904 c.
422 2840 582 2903 Adlatioos
601 2845 720 2904 habitus
735 2839 907 2921 (temporis).
945 2840 1077 2904 Praeter
1097 2838 1283 2917 ablativum,
1307 2837 1360 2918 qui

205 2935 324 3001 indicat
346 2938 413 3003 sive
435 2946 560 3003 certum
582 2940 740 3019 quoddam
765 2941 832 3005 eius
855 2942 1064 3016 momentum,
1098 2938 1129 3001 in
1159 2937 1245 3016 quod
1273 2938 1382 3023 actio·

206 3036 360 3113 quaedam
383 3036 434 3100 vel
457 3055 509 3103 res
523 3037 640 3117 incidit,
664 3039 828 3117 pertinent
848 3036 910 3102 huc
925 3035 1076 3100 nonnulla
1091 3034 1254 3113 adverbia,
1278 3052 1360 3115 quae

206 3138 280 3196 sunt
299 3133 429 3200 ablativi
452 3142 484 3201 et
506 3137 677 3201 etiamnum
700 3144 870 3200 servarunt
889 3133 1022 3198 formam
1048 3132 1187 3210 ablativi,
1212 3139 1249 3196 ut
1262 3140 1360 3203 nocta

205 3236 289 3296 hodie
311 3235 356 3309 (et
378 3231 520 3312 similia),
542 3239 667 3312 vesperi,
690 3237 756 3297 tert
779 3234 833 3309 (e),
853 3252 949 3301 mooe,
970 3230 1083 3296 deinde
1105 3230 1170 3295 alia
1191 3229 1273 3295 alins
1296 3228 1360 3295 ior·

204 3348 285 3409 mae,
308 3339 344 3396 ut
366 3335 499 3408 quondo,
522 3340 596 3402 tom,
618 3340 700 3402 taor,
726 3353 805 3395 roano
826 3336 859 3396 et
880 3331 1033 3409 derivato,
1054 3347 1150 3409 porro
1173 3329 1194 3392 ii
1216 3327 1359 3406 ablativi,

207 3430 262 3508 qui
284 3431 409 3511 proprie
432 3449 493 3494 non
516 3436 656 3509 tempus,
683 3430 739 3494 sed
763 3448 846 3509 rem,
872 3447 954 3510 quae
981 3429 1012 3492 in
1033 3428 1117 3492 idem
1139 3431 1266 3505 tempus
1289 3444 1360 3491 cum

206 3527 325 3592 aliare
348 3527 399 3593 vel
420 3531 546 3593 actione
567 3528 686 3603 incidit,
711 3525 878 3609 significat,
903 3530 1201 3601 mesocampum,
1223 3542 1287 3604 quo
1311 3543 1360 3588 re·

203 3623 327 3690 ferendi
350 3632 425 3690 sunt
448 3627 544 3691 etiam
565 3625 711 3706 ablativi,
745 3627 800 3705 qui
823 3625 919 3706 vulgo
941 3624 1089 3688 dicuntur
1116 3625 1252 3686 aosotua.
1298 3623 1360 3687 De·

204 3723 300 3803 nique
330 3724 425 3788 etiam
451 3724 645 3806 praepositio
675 3728 710 3786 io
730 3724 814 3788 haud
835 3741 909 3788 raro
938 3741 1008 3787 cum
1031 3720 1179 3786 ablatim's
1206 3720 1360 3800 temporis

207 3822 418 3903 coniungitur.

290 3920 408 3985 Fabius
424 3920 532 3986 Pictor
554 3938 605 4001 ap.
622 3920 739 4002 Egger.
763 3939 794 4000 p.
814 3923 888 3982 107:
911 3937 943 3979 eo
965 3920 1012 3979 dle
1035 3921 1188 3980 verberari
1209 3921 1359 3995 piaculum

205 4028 260 4082 est.
306 4017 506 4084 octoas.
530 4037 556 4084 c.
581 4023 613 4082 2:
645 4020 766 4080 fundum
789 4020 886 4081 eodem
908 4018 955 4076 die
976 4050 1019 4060 —
1042 4021 1218 4078 circumeat:
1253 4020 1360 4079 sinon

275 4247 310 4311 ²⁸)
342 4249 386 4304 Sic
403 4248 599 4304 Fleckeisenus
618 4248 645 4301 in
665 4249 748 4317 praei.
775 4247 816 4301 ed.
837 4247 926 4301 Plaut.
946 4248 966 4312 Ι,
992 4264 1018 4315 p.
1038 4250 1071 4298 27
1098 4256 1279 4313 transponere
1302 4244 1359 4298 vult

206 4328 288 4382 verba
305 4331 356 4384 hoc
375 4334 433 4386 erit.
1186 4358 1188 4361 ·
