3125 5075
209 373 250 436 58
655 367 784 408 1811Βῦ1.
809 367 875 409 cnl’.
889 368 916 408 1.

207 556 337 615 randum
370 554 485 618 credas.
530 553 648 620 Heaut.
675 556 703 632 I,
735 562 760 635 1,
788 560 845 621 81:
883 554 942 619 Illa
973 563 1057 617 aetas
1090 556 1184 631 magis
1217 553 1260 613 ed
1291 554 1362 613 hooc

206 654 317 715 utendo
349 654 491 718 1110110001.
535 652 663 718 Phorm.
693 653 720 734 I,
747 660 779 734 4,
811 660 868 718 47:
906 658 943 717 ad
982 654 1198 715 defendendam
1234 652 1360 715 noxlm.

206 748 251 827 Π,
278 757 304 827 1,
331 755 387 815 10;
410 756 538 813 animum
561 762 594 814 ut
617 770 760 828 nequeam
784 754 825 813 nd
845 754 1032 828 cogitandum
1053 753 1215 812 instituere.
1260 751 1360 812 11361

206 851 259 910 illa
287 851 327 909 ad
353 851 507 911 dicendam
536 869 656 912 cansam
685 852 776 914 adest.
821 849 860 928 V,
885 855 914 928 3,
938 854 990 914 35:
1026 851 1091 910 Nou
1116 850 1295 910 satietatem
1314 856 1360 908 est

206 948 248 1009 od
267 950 457 1010 narrnzdom
478 950 526 1010 hic
550 952 643 1010 10011.
688 948 795 1012 Etiam
819 965 890 1013 cum
912 963 1022 1027 praep.
1041 944 1361 1024 intcr'couiungitur,

207 1044 263 1110 ubi
286 1044 363 1110 item
386 1044 541 1126 gerundio
563 1044 633 1109 sole
647 1045 731 1109 nctio
751 1044 947 1126 designatur,
970 1062 1034 1108 non
1047 1048 1184 1123 tempus,
1207 1041 1362 1121 temporis

209 1134 293 1207 euim
326 1139 515 1223 significatio
544 1142 630 1208 inest
661 1144 694 1206 iu
722 1143 793 1222 ipsa
822 1142 1068 1223 praepositione.
1119 1139 1214 1205 Ennii
1235 1137 1277 1203 lr.
1301 1139 1360 1203 inc.

204 1238 275 1304 libr.
300 1244 332 1303 2:
356 1245 437 1303 inter
451 1245 628 1318 ponendum.
659 1240 761 1306 Plaut
786 1240 931 1319 Oist.1V,
955 1246 984 1319 2,
1009 1244 1065 1305 55:
1089 1243 1256 1301 interram
1272 1256 1363 1314 ngen-

206 1340 393 1403 damietam.

297 1441 324 1500 5.
346 1440 488 1500 Abtntioo
510 1438 656 1518 gerundii
680 1456 738 1518 per
761 1436 945 1517 sequidem
969 1434 1047 1499 nihil
1069 1432 1261 1515 prohibebat
1281 1451 1363 1513 quo-

206 1534 311 1598 minus
332 1536 535 1600 accusativus
559 1535 742 1614 adderetur,
765 1553 828 1615 qno
851 1553 929 1600 casu
944 1535 985 1598 ad
1000 1534 1094 1598 aliam
1109 1532 1266 1597 actionem
1282 1532 1362 1595 adii-

206 1639 344 1697 ceretur.
397 1632 502 1698 Causa
531 1634 612 1699 enim
642 1640 675 1698 et
701 1635 948 1698 instrumentum
976 1634 1247 1708 adiumentumvc,
1280 1648 1362 1711 quac

206 1729 380 1795 relationes
402 1730 540 1797 ablativo
554 1749 632 1797 casu
649 1729 920 1812 significabantur,
942 1750 1005 1795 nou
1022 1739 1147 1794 tautum
1165 1728 1198 1791 in
1214 1747 1249 1791 re
1265 1728 1360 1806 inest,

207 1829 264 1894 sed
286 1828 371 1895 haud
393 1848 467 1919 raro
490 1830 668 1895 actionibus
690 1830 769 1894 alias
791 1830 933 1895 actiones
956 1835 1012 1893 aut
1034 1847 1086 1893 res
1109 1826 1252 1891 adiuvari
1274 1832 1309 1890 et
1324 1827 1361 1890 iis

209 1932 360 2006 tanquam
395 1928 498 1993 causis
533 1925 615 1992 effici
649 1928 801 1994 videmus.
837 1928 1023 2003 (Weissenb.
1053 1945 1081 2006 p.
1116 1928 1197 1988 1161.
1253 1923 1360 1989 Nihilo

206 2025 311 2089 miuus
342 2030 449 2090 tamen
472 2026 535 2091 duo
559 2030 681 2090 tautum
705 2028 851 2109 exempla
874 2048 891 2092 0
913 2026 1026 2106 priscis
1050 2024 1261 2105 scriptoribus
1284 2023 1361 2087 mibi

205 2128 391 2203 suppetunt,
416 2123 469 2188 ubi
491 2124 551 2189 boc
572 2123 691 2189 factum
716 2144 786 2191 esse
809 2126 945 2203 videtur,
968 2125 1067 2189 Naev.
1084 2122 1239 2204 Appellae
1262 2121 1302 2187 11.
1329 2128 1358 2186 l:

205 2226 252 2283 cui
276 2242 342 2298 cepo
364 2225 480 2284 edendo
503 2228 606 2287 oculos
635 2230 712 2287 alter
734 2227 869 2303 profluit,
898 2224 954 2287 scd
982 2241 1022 2285 ne
1048 2222 1108 2286 boc
1131 2222 1257 2301 quidem
1282 2222 1359 2285 sat-is

205 2325 328 2385 certum
359 2328 422 2399 est,
457 2339 529 2385 cum
557 2342 622 2398 cepe
647 2329 704 2404 1111
730 2341 794 2387 acc.
823 2324 901 2402 sing.
932 2328 989 2385 aut
1018 2339 1081 2386 acc.
1111 2319 1358 2401 plu1·.nutabl

207 2417 286 2498 sing.
317 2437 389 2483 esse
418 2420 534 2499 possit,
567 2425 600 2483 et
629 2419 738 2484 itidem
768 2421 924 2485 incertum
950 2419 1078 2483 Terent.
1101 2419 1180 2483 Euu.
1205 2417 1244 2494 V,
1268 2422 1299 2496 6,
1325 2424 1356 2482 7:

206 2527 236 2579 te
259 2521 392 2580 ridendo.
453 2517 603 2584 Ceterum
630 2518 661 2581 in
688 2516 826 2583 ablativo
855 2519 987 2583 actionis
1013 2517 1100 2581 notio
1128 2533 1256 2596 semper
1287 2534 1358 2597 per·

206 2615 316 2695 spicua
342 2625 400 2695 est,
431 2618 631 2682 necessitatis
654 2635 813 2696 uunquam
839 2623 1009 2695 comperet.
1055 2616 1208 2679 Omnibus
1229 2615 1298 2680 1010
1321 2616 1358 2680 iis

204 2712 428 2795 relationibus,
458 2715 572 2795 quibus
595 2716 626 2777 iu
650 2715 858 2778 substantivis
881 2715 1055 2778 indicandis
1078 2714 1238 2778 ablativus
1262 2715 1358 2779 desti·

205 2818 301 2875 natus
332 2823 396 2891 est,
427 2813 614 2893 gerundium
642 2834 676 2878 sc
707 2814 932 2877 accommodat.
979 2814 1175 2893 Quamquam
1199 2814 1284 2876 enim
1309 2832 1356 2876 ra·

204 2907 272 2973 rius
294 2909 333 2973 iis
353 2912 468 2990 verbis,
491 2928 572 2990 quae
595 2911 634 2974 de
658 2911 834 2975 remotione
858 2920 891 2974 et
906 2911 1049 2975 discessu
1067 2912 1227 2987 dicuutur,
1252 2931 1287 2976 se
1303 2911 1356 2976 ad·

203 3005 310 3088 iungit
332 3008 389 3081 (sic
412 3008 491 3074 Cato
515 3028 564 3088 ap.
589 3008 669 3072 Gell.
691 3009 762 3084 Vll,
787 3016 820 3076 3:
851 3021 1050 3070 transversum
1075 3012 1195 3071 trudere
1220 3016 1319 3073 solent
1339 3031 1357 3070 o

205 3117 288 3167 recte
312 3111 486 3170 consulendo
509 3122 596 3186 utque
620 3111 830 3185 intellegendo).
863 3125 967 3186 neque
991 3107 1082 3170 uiulti
1105 3117 1179 3171 sunt
1201 3107 1281 3185 loci,
1305 3109 1354 3173 ubi

205 3203 244 3268 dc
267 3207 403 3270 materia
432 3210 523 3287 quasi
545 3208 595 3273 vel
618 3209 657 3272 de
679 3225 716 3270 00
740 3224 777 3270 ex
795 3224 857 3284 quo
872 3206 991 3284 aliquid
1012 3212 1136 3270 constat
1152 3205 1202 3268 101
1217 3208 1258 3270 de
1274 3226 1354 3271 com-

202 3305 576 3385 paratioueusurpatur,
600 3314 714 3387 regunt
737 3307 768 3368 iu
793 3324 908 3368 causae
932 3303 1163 3384 significatione
1187 3310 1220 3368 et
1237 3306 1354 3384 saepis·

202 3401 281 3465 sime
310 3403 340 3466 id
371 3405 460 3469 addit
489 3410 620 3484 propter
651 3404 734 3484 quod
758 3409 907 3466 autenm
932 3421 998 3465 rem
1022 3418 1084 3480 qua
1107 3401 1226 3482 aliquid
1250 3401 1286 3466 fit
1307 3402 1353 3466 vel

204 3496 274 3562 fieri
297 3502 389 3582 solet,
412 3502 571 3567 interdum
595 3503 689 3566 etiam
714 3520 752 3565 ea
774 3502 897 3576 iusuut,
920 3501 1034 3579 ouibus
1056 3501 1096 3563 ad
1120 3501 1278 3579 agendum
1301 3502 1353 3564 im-

203 3598 352 3677 pellimur
385 3601 436 3664 101
469 3619 507 3664 ex
536 3600 650 3679 quibus
677 3617 743 3662 10111
778 3600 1010 3680 cognoscimus.
1072 3597 1182 3676 Neque
1217 3598 1354 3663 dubitari

200 3705 308 3776 potest
336 3697 375 3761 dc
404 3703 547 3778 tempore
571 3697 644 3762 'sive
667 3716 818 3777 praescus
841 3699 920 3762 dicis
943 3699 1009 3762 sive
1032 3698 1200 3773 1101101111,
1230 3706 1265 3760 01
1285 3716 1353 3762 cou-

202 3794 321 3858 ditioue
343 3796 500 3876 gerundia
524 3804 557 3860 01
579 3795 752 3876 gerundivo
775 3794 961 3876 significata.
996 3796 1044 3858 Ex
1066 3796 1353 3876 praepositionibus

204 3894 391 3973 saepissime
413 3897 446 3955 in
468 3895 640 3960 ablativum
665 3895 845 3973 comitatur,
870 3912 932 3974 qua
954 3896 1079 3958 adiecta
1101 3893 1133 3956 id
1148 3893 1311 3958 iudicatur
1324 3895 1352 3956 iu

200 4009 263 4071 quo
287 3993 362 4071 quid
385 3999 521 4073 apparet
542 3997 575 4057 et
597 3993 790 4073 conspicitur
813 3993 863 4056 101
890 3994 922 4055 iu
946 4010 1007 4071 quo
1032 3992 1224 4070 continetur,
1248 3999 1353 4071 itaque

201 4095 236 4153 et
260 4090 397 4155 conditio
427 4098 460 4155 et
483 4097 609 4173 tempus
636 4092 770 4155 actionis
793 4091 959 4156 indicatur.
1004 4089 1177 4153 Praeterea
1200 4109 1353 4171 usurpau-

204 4191 257 4257 tur
280 4193 328 4271 ab,
352 4209 397 4270 en,
421 4193 465 4268 de,
489 4208 562 4253 raro
578 4208 645 4265 pro.
671 4189 1118 4269 111’01000111.1.1·29-1321.
1149 4191 1198 4254 De
1223 4189 1354 4254 materia

199 4308 307 4372 praep.
324 4280 365 4352 'ex
388 4292 571 4369 usurpatur.
599 4289 650 4352 bic
673 4288 752 4352 Cato
775 4308 824 4369 ap.
849 4289 974 4354 lordan.
997 4309 1028 4370 p.
1054 4296 1102 4368 78,
1127 4293 1154 4354 6.
1181 4297 1213 4355 7:
1237 4295 1284 4354 Ex
1307 4293 1354 4350 do

200 4393 281 4462 lore,
304 4409 340 4452 en
363 4392 457 4466 febri,
482 4408 518 4450 ex
541 4391 606 4462 siti,
629 4406 665 4448 en
686 4388 903 4451 medicamentis
925 4392 1072 4464 bibendis,
1095 4409 1132 4451 ex
1153 4395 1353 4467 cataplasma.
