3125 5075
383 377 401 417 Ι.
429 376 600 417 eliodorum
614 377 806 426 ΡΕΙΙΕΟΜΗΔ,
820 377 1000 425 ΡΟΒΒΙΙΒΒΙἿΔ,
1016 376 1189 417 anrtxnvx.
1307 383 1369 441 355

216 551 316 612 ιίιιιι
330 551 479 629 luppiter,
498 553 536 614 Is
556 569 611 616 uos
632 571 689 630 per
711 554 810 629 gentis
832 552 908 629 [hic]
931 553 1022 614 allum
1044 553 1106 614 alla
1120 551 1265 627 disparat.
1288 545 1371 610 item

213 645 247 710 tn
267 663 297 711 v.
320 650 463 714 le-lo:
483 651 543 726 Qui
563 649 656 712 salsas
679 652 743 712 litis
765 650 852 712 ialsis
874 649 1054 712 testimoniis
1075 649 1186 711 Petunt
1207 647 1317 724 quique
1339 647 1371 706 in

212 746 270 808 lure
290 745 434 809 ὼίιιιιιι
453 749 622 824 maulam,
644 750 763 810 Εονιιηι
784 748 943 810 referimus
965 749 1086 810 uomina
1107 746 1245 822 excripta
1265 746 1304 807 ad
1322 744 1371 805 Io·

212 859 278 904 mm.
323 842 606 924 Rnd.1Le,72:
640 863 695 923 ego
716 846 796 920 quod
817 847 889 906 mihi
911 847 1069 922 imperavit
1091 845 1239 907 Sacerdos
1267 843 1301 903 td
1327 840 1371 904 ia·

214 944 289 1003 eiam
336 938 423 1005 Trio.
445 939 489 1022 11,
515 947 542 1022 l,
566 945 622 1007 16:
653 946 821 1020 Numquam
844 962 928 1005 amor
950 961 1126 1020 quemquam
1148 944 1207 1004 uisi
1230 941 1370 1017 cupidum

165 985 177 1110 Ι
213 1043 338 1115 postulat
359 1058 393 1102 se
414 1041 563 1103 hominem
585 1045 616 1104 in
638 1045 745 1118 plagas
768 1042 930 1103 Conicere:
963 1043 1126 1118 conpetit,
1156 1057 1205 1101 eos
1227 1045 1370 1111 sectatur,

165 1117 178 1262 ι
216 1135 296 1216 edo.
318 1134 343 1201 ι
363 1135 525 1202 liudem:
556 1138 628 1219 „lta
648 1139 755 1220 pergit
776 1137 896 1218 oratio,
927 1142 1079 1218 anquam
1101 1140 1199 1202 antea
1221 1133 1369 1200 dixisset:

217 1235 324 1310 widuc
344 1237 485 1300 ιωιιίικι.
529 1237 614 1301 Ante
635 1241 743 1301 tamen
757 1238 899 1312 coptam
913 1239 1070 1307 hominem,
1092 1233 1178 1316 qnod
1201 1230 1370 1298 collective

220 1347 312 1410 cusu,
333 1335 372 1397 ιιι
393 1333 592 1413 grammatici
615 1333 807 1414 loquuntur,
830 1334 1051 1416 accipiendum
1073 1331 1154 1399 est.“
1199 1330 1301 1395 Immo
1324 1346 1372 1390 eos

221 1429 344 1508 potum
367 1435 419 1495 est
437 1448 513 1510 pro:
536 1431 618 1497 tales
639 1429 792 1510 homines,
808 1431 920 1511 onmes
941 1432 1035 1498 modo
1051 1430 1214 1512 descripsi.
1249 1428 1279 1492 A
1300 1424 1371 1508 plu·

223 1525 270 1590 ruli
287 1531 396 1593 autem
417 1546 552 1594 numero
574 1530 615 1594 ad
638 1529 832 1611 singularem
856 1530 1025 1596 translatio
1052 1533 1103 1594 est
1129 1526 1242 1607 Ampln
1265 1523 1309 1604 11,
1343 1529 1369 1603 l,

225 1630 362 1704 ttzaput
376 1646 460 1689 erum
475 1631 526 1705 qui
539 1646 613 1690 cero
627 1632 768 1705 loquitur,
790 1633 816 1691 si
833 1631 868 1691 ιιι
881 1634 909 1692 si
931 1648 1034 1693 ceram
1056 1630 1194 1691 uincitur.
1231 1622 1299 1689 Mil.
1313 1620 1371 1700 IV,

227 1724 247 1800 2,
263 1727 312 1789 22:
332 1726 376 1786 Ia
396 1745 450 1789 nos
473 1728 511 1788 ad
531 1735 571 1805 te,
588 1729 685 1803 siquid
700 1731 804 1802 velles,
821 1732 965 1803 uenimus,
988 1726 1030 1792 ad
1052 1724 1119 1806 q.l
1139 1722 1297 1789 Lindem:
1314 1719 1372 1791 „ld

227 1833 269 1896 pro
286 1840 333 1903 eo,
356 1824 443 1904 quod
464 1821 561 1905 vulgo
584 1823 710 1901 dicitnr,
727 1832 851 1900 propter
873 1829 918 1896 td,
935 1832 1096 1902 prepterea
1111 1817 1371 1902 frequentissime

227 1921 290 1997 apud
303 1919 465 2000 Plautum,
481 1921 521 1986 de
537 1938 599 2001 quo
615 1919 653 1986 cl.
669 1922 763 1987 Parei
776 1922 898 1988 lexicon
921 1942 945 1988 s.
965 1922 996 1988 h.
1019 1942 1049 1988 v.
1072 1920 1225 1987 Eiusdem
1241 1913 1371 1999 generis

226 2016 398 2096 altuni,
414 2024 444 2097 2,
460 2025 515 2085 oe:
529 2022 604 2082 Sis'd
615 2040 673 2083 non
688 2039 736 2082 me
751 2038 886 2097 accusas,
900 2029 964 2085 tute
979 2018 1222 2100 obiurgandu’a“
1239 2014 1369 2079 Terent.

224 2112 302 2182 tndr.
325 2118 404 2198 prol
419 2137 449 2183 v.
473 2123 507 2183 2;
529 2121 571 2181 Id
592 2121 650 2181 sibi
672 2124 773 2196 negoti
796 2121 926 2181 credidit
948 2122 1044 2182 solum
1066 2120 1142 2180 duri.
1180 2114 1263 2180 Eun.
1286 2109 1368 2194 prol.

221 2222 243 2275 ¹.
260 2218 311 2279 30:
327 2219 420 2278 Colax
435 2219 637 2281 Menandrist:
653 2220 684 2278 in
705 2226 771 2278 cest
787 2220 938 2293 parasitus
961 2220 1047 2278 colax
1062 2218 1105 2277 Et
1119 2217 1205 2276 miles
1220 2214 1371 2290 gloriosus

217 2305 254 2384 (l
271 2330 297 2377 e
317 2313 351 2377 in
377 2331 417 2378 ea
435 2313 619 2389 comoedia).
657 2312 761 2378 Locus
787 2320 1013 2378 controversus
1035 2316 1086 2376 est
1108 2309 1206 2374 Andr.
1232 2304 1311 2388 prol.
1342 2323 1370 2370 ι.

211 2408 266 2472 le:
285 2411 329 2473 la
349 2414 402 2474 isti
417 2415 590 2489 vituperant
610 2413 723 2475 laetum
745 2420 835 2489 atque
857 2415 891 2471 in
919 2429 952 2472 eo
982 2412 1136 2487 disputant
1165 2403 1372 2473 Contaminari

211 2521 271 2571 non
292 2513 402 2573 decere
418 2510 545 2591 tabutas,
560 2508 646 2590 qnod
664 2508 783 2590 duplici
805 2508 899 2574 modo
921 2506 1056 2589 intelllgi
1071 2510 1189 2589 potest,
1212 2508 1270 2570 aut
1285 2500 1371 2568 enim

202 2612 334 2687 sperem
352 2612 388 2671 ιιι
410 2626 443 2671 eo
466 2609 507 2674 ed
534 2624 725 2690 praegressa
747 2607 792 2683 (in
814 2606 1026 2688 vituperando
1049 2606 1110 2673 hoc
1131 2604 1242 2684 lacto),
1264 2603 1312 2667 ita
1333 2602 1371 2663 ut

201 2705 359 2782 mat
372 2704 519 2771 absolute
534 2706 673 2786 positum
688 2705 740 2783 sit,
763 2709 822 2770 aut
844 2704 885 2769 ad
908 2723 947 2770 ea
968 2723 1052 2785 quae
1066 2707 1254 2786 sequuntur,
1270 2705 1370 2762 watc-

200 2806 317 2865 neure·
338 2823 399 2865 non
412 2805 513 2866 decere
525 2804 657 2886 fotum,
678 2801 739 2869 hac
760 2802 935 2868 sententia:
959 2801 992 2866 in
1014 2820 1052 2867 eo
1075 2803 1145 2885 ipso
1169 2801 1213 2880 (ln
1235 2819 1263 2867 e.
1279 2799 1315 2859 dc
1331 2813 1369 2862 eo

204 2900 288 2982 ipso)
311 2902 490 2982 disputant,
511 2907 548 2966 ut
569 2902 679 2966 dicant
700 2907 781 2967 cont.
807 2918 872 2965 non
894 2899 1008 2966 decere
1029 2899 1164 2967 leemas
1198 2899 1241 2961 Ie
1262 2900 1371 2963 autem
1453 2928 1455 2933 ·

208 3004 334 3082 spectat
353 2998 396 3064 ad
418 3016 618 3080 praegressa
663 2999 759 3064 Andr.
783 2998 809 3077 I,
834 3005 863 3074 3,
890 3004 928 3063 16
951 3015 1038 3079 squ:

705 3097 762 3159 fuit
778 3101 849 3160 olim
872 3100 942 3160 hinc
965 3098 1083 3173 quidam
1107 3116 1200 3160 senex

357 3196 526 3257 Mercator:
544 3213 648 3258 narem
670 3196 804 3272 effregit
827 3197 906 3271 apud
921 3197 1055 3257 Andrum
1070 3198 1213 3258 insulam:

355 3293 392 3354 Is
406 3295 481 3354 obiit
494 3301 630 3356 mortem

291 3389 377 3455 Eun.
399 3388 461 3469 lv,
484 3393 519 3468 6,
546 3396 601 3455 14:
624 3394 701 3454 Num
723 3395 794 3455 leoco
815 3400 889 3467 eost,
913 3410 999 3469 quam
1022 3395 1109 3455 miles
1132 3406 1217 3454 ame
1240 3389 1270 3449 vi
1292 3402 1372 3448 nunc

210 3498 345 3567 ereptum
376 3492 466 3551 venit
511 3488 589 3555 Hec.
613 3486 653 3568 V,
677 3494 706 3569 2,
741 3494 777 3555 5:
802 3492 930 3552 haecine
960 3490 1048 3554 eost?
1091 3487 1172 3552 Eun.
1195 3483 1257 3565 111,
1278 3488 1309 3562 4,
1333 3484 1371 3552 8,

209 3588 243 3649 la
263 3606 297 3651 es
320 3606 361 3650 au
382 3606 442 3648 non
464 3587 545 3662 eati,
578 3586 634 3651 ubi
654 3592 683 3650 is
704 3587 745 3651 de
767 3587 900 3653 absente
923 3588 1051 3667 dicitur,
1075 3605 1106 3652 v.
1129 3586 1207 3651 Eun
1230 3582 1304 3666 Syn.
1328 3579 1371 3658 ll·

212 3700 241 3763 p.
271 3689 343 3751 127.
388 3683 485 3749 Andr.
508 3684 564 3764 IV,
592 3688 622 3765 2,
647 3690 700 3750 10:
729 3690 780 3749 Ea
808 3707 859 3749 res
886 3696 941 3750 est
986 3686 1046 3751 Ad.
1070 3683 1135 3766 Ill,
1159 3689 1195 3764 2,
1218 3687 1274 3749 54:
1296 3683 1373 3744 Nam

213 3783 363 3847 lenostro
384 3782 497 3846 Simulo
518 3783 577 3845 fuit
596 3802 734 3848 summus
779 3783 857 3849 Hec.
881 3783 944 3863 lv,
969 3789 1003 3866 1,
1027 3789 1084 3850 39:
1106 3787 1183 3848 Nam
1206 3786 1232 3845 si
1253 3784 1281 3842 ia
1302 3796 1372 3856 pos·

213 3890 258 3943 set
284 3884 325 3944 ab
351 3898 390 3941 ea
408 3899 478 3944 sese
499 3883 665 3959 derepente
684 3886 826 3962 avellere,
851 3886 984 3958 Quacum
1011 3890 1058 3946 tot
1080 3888 1258 3946 consuesset
1279 3893 1373 3940 annos

215 3983 286 4044 cett.
333 3976 468 4058 Adelph.
491 3976 517 4058 1,
540 3983 570 4058 2,
594 3984 627 4043 7:
650 3983 721 4057 quid
743 3997 811 4043 nam
833 3982 867 4042 td
887 3982 957 4044 est?
1000 3978 1051 4044 Ad
1065 3979 1267 4056 sententiam,
1290 3987 1374 4054 qnae

215 4077 361 4159 sequitur
381 4075 521 4147 demum,
544 4075 685 4142 refertur
705 4080 738 4139 id
759 4078 820 4142 Ad.
843 4078 888 4159 V,
912 4085 946 4159 3,
971 4084 1026 4145 21:
1048 4081 1216 4156 Principio,
1240 4078 1266 4138 si
1287 4073 1321 4133 td
1342 4077 1373 4132 ιο

216 4178 348 4252 mordet,
376 4183 524 4252 sumptum
546 4177 601 4237 lilii
625 4179 718 4251 Quem
742 4177 872 4254 faciunt,
903 4177 978 4242 item
999 4177 1080 4242 Eun.
1107 4175 1168 4255 IV,
1192 4182 1227 4252 4,
1251 4168 1374 4236 56:101

218 4277 301 4336 uodo
322 4276 383 4349 dic,
406 4274 504 4336 abere
527 4276 650 4337 Dorum.
695 4271 831 4354 Adelpln
854 4274 935 4355 prol.
959 4293 988 4340 ι.
1014 4280 1067 4340 18:
1091 4279 1173 4339 Eam
1186 4273 1305 4337 laudem
1323 4268 1374 4329 hle

222 4372 300 4434 ducit
319 4388 496 4447 maxumam,
518 4370 573 4435 ubi
596 4369 734 4436 observa
754 4373 979 4437 attractionem
1002 4371 1140 4455 generis.

1079 4476 1142 4538 23*
