3125 5075
288 388 332 450 22
722 378 850 420 nuent.
877 380 941 422 GAP.
956 379 1016 421 vnn.

287 568 408 646 tabam.
464 566 566 647 Saepe
600 567 694 632 enam
729 567 828 632 verba
859 573 979 632 motum
1013 567 1226 648 exprimentia
1248 566 1441 633 omittuntur.

291 665 344 732 Sic
374 666 501 730 Terent
529 665 625 730 Andr.
654 665 696 744 H,
725 671 754 743 2,
784 670 837 730 24:
882 671 946 744 Ego
975 686 1021 728 me
1052 670 1193 727 continuo
1226 668 1265 727 ad
1294 667 1442 728 Chremen

292 762 456 840 (confero).
500 762 538 842 V,
570 770 600 841 4,
629 772 662 828 4:
709 767 787 839 Quid
821 773 852 824 tu
879 768 1014 826 Athenas
1047 765 1213 839 insulensi,
1247 781 1295 829 sc.
1326 763 1441 828 venian

291 862 373 926 Eun.
396 860 433 931 V,
457 866 486 940 2,
511 866 544 925 5:
572 881 627 939 ego
657 881 704 924 me
726 866 755 922 in
779 865 882 938 pedes,
913 871 1055 939 quantum
1086 881 1171 940 queo,
1201 866 1237 923 ln
1262 865 1443 939 angiportum

292 962 440 1037 quoddam
464 961 624 1050 desertum,
647 978 690 1025 sc.
710 959 783 1024 dedi
800 958 952 1033 (Klussm.
968 960 1009 1024 ad
1024 959 1122 1023 Naev.
1139 977 1168 1038 p.
1188 964 1276 1030 144).
1322 958 1443 1024 Phorn.

290 1055 318 1134 I,
333 1064 363 1133 4,
383 1062 435 1138 19;
459 1060 568 1133 lpsest,
593 1078 678 1135 quem
701 1062 780 1120 volui
804 1060 928 1133 obviam,
951 1076 994 1122 sc.
1017 1058 1092 1121 mihi
1108 1058 1166 1122 ire.
1211 1056 1307 1122 Aliae
1322 1056 1445 1137 ellipset

291 1162 382 1220 sunt:
428 1154 532 1219 Plaut.
557 1154 653 1220 Puen.
676 1156 756 1237 prol.
780 1174 810 1217 v.
835 1163 892 1218 54:
939 1160 1046 1219 Latine
1077 1160 1199 1219 Plautus
1226 1159 1362 1240 Patruus
1384 1158 1443 1218 Pul·

291 1255 500 1330 tipnagonides
523 1271 571 1317 sc.
594 1252 758 1333 inscripsit
779 1252 965 1319 Poenulurn.
1010 1253 1107 1318 Stich.
1131 1252 1192 1332 ΙΙΙ,
1216 1259 1244 1331 2,
1267 1259 1326 1318 41:
1375 1257 1444 1315 Parii

291 1353 393 1412 hercle
424 1370 494 1413 vero
521 1355 621 1427 plane,
656 1356 728 1413 nihil
758 1355 894 1426 obnoxie,
927 1352 980 1415 nbi
1011 1369 1072 1415 sec.
1099 1351 1244 1416 Roscium
1279 1357 1444 1417 comment.

291 1447 398 1513 Plaut.
428 1466 457 1529 p.
486 1454 546 1514 269
577 1455 683 1514 mente
708 1448 891 1513 addendum
921 1456 972 1512 est
1000 1450 1123 1512 faciens.
1176 1450 1275 1529 Apud
1304 1467 1333 1513 r.
1364 1468 1445 1525 posse

291 1546 438 1612 absolute
460 1547 599 1627 positum
623 1550 721 1621 fucere
753 1552 859 1611 mente
882 1545 999 1611 addere
1023 1552 1114 1626 potes
1137 1565 1186 1628 ap.
1210 1545 1326 1611 daton.
1352 1547 1389 1612 R
1409 1547 1443 1610 n

293 1664 318 1710 c.
352 1650 386 1708 l:
415 1650 441 1706 si
466 1649 594 1721 poteris,
625 1648 678 1707 sub
709 1648 811 1706 radice
842 1651 951 1707 montis
981 1650 1036 1721 sit,
1067 1658 1157 1708 menn
1186 1646 1227 1707 bu
1259 1647 1295 1707 ee
1322 1642 1442 1728 mdqtid

290 1742 411 1816 mudten
435 1740 546 1812 fannii.
591 1740 695 1807 Plane.
719 1742 785 1807 Mil.
809 1742 850 1819 ΙΙ,
874 1749 903 1819 2,
929 1748 984 1806 65:
1017 1764 1143 1821 propere
1167 1748 1223 1805 hoc
1246 1764 1308 1805 non
1332 1746 1439 1821 placide

292 1844 389 1913 decet,
418 1839 472 1903 uhi
498 1839 604 1904 Lind.:
649 1839 815 1918 „Omissus
845 1840 877 1903 in
905 1839 1054 1919 loquendi
1084 1843 1199 1906 ardore
1226 1838 1292 1918 ini,
1324 1846 1374 1919 agi
1395 1839 1437 1903 sel

291 1937 395 2002 simile
429 1937 570 2001 verbum.
620 1937 757 2001 Terent·
778 1937 892 2002 Heaut.
924 1936 984 2018 ΙΙΙ,
1012 1943 1042 2010 2,
1071 1945 1128 2004 43;
1172 1943 1277 2017 Neque
1306 1959 1343 2002 eo
1374 1960 1438 2001 nunc

291 2039 367 2110 dico,
402 2056 460 2113 quo
493 2040 648 2113 quicquam
681 2039 766 2098 illum
800 2041 960 2124 senserim,
994 2055 1036 2101 sc.
1069 2036 1150 2101 velle
1179 2035 1297 2113 iacere,
1333 2038 1437 2102 moliri.

290 2133 395 2198 Plana.
419 2132 502 2197 Men.
525 2133 562 2211 V,
583 2140 608 2213 l,
625 2139 679 2199 52:
703 2138 833 2196 Ecastor
855 2139 970 2211 pariter
993 2138 1049 2197 hnc
1072 2148 1160 2213 atque
1184 2140 1259 2197 alias
1284 2156 1335 2197 res
1359 2140 1438 2209 soles,

293 2249 335 2296 sc.
360 2250 465 2312 agere.
511 2232 625 2297 Bacch.
649 2231 691 2310 ΙΙ,
715 2236 745 2311 2,
770 2238 826 2296 52:
858 2236 959 2294 Iamne
983 2244 1016 2294 ut
1039 2233 1139 2296 soles?
1161 2243 1216 2306 (sc.
1240 2234 1360 2299 iocaris
1385 2252 1436 2297 see.

290 2329 509 2411 Gronovium).
556 2332 603 2395 De
629 2334 705 2393 soleo
728 2350 756 2396 v.
772 2330 911 2410 Herzog.
936 2330 978 2394 ad
1000 2330 1128 2396 Sallust.
1173 2329 1265 2395 Curc.
1285 2330 1323 2410 V,
1351 2337 1380 2409 2,
1399 2336 1437 2407 13,

292 2433 324 2491 si
345 2434 388 2490 vis
411 2433 506 2492 tribus
528 2433 605 2492 bolis
637 2435 690 2500 (z
712 2428 850 2492 talorum
872 2428 1022 2509 iactibus)
1053 2434 1100 2491 vel
1129 2434 1158 2491 in
1182 2434 1382 2509 chlamudem‚
1403 2450 1437 2493 sc.

290 2534 423 2608 paratus
446 2546 515 2591 suni
545 2526 662 2592 ludere.
713 2526 827 2592 Pseud.
851 2526 906 2597 lV.
931 2533 959 2606 7,
984 2533 1034 2592 79:
1068 2539 1188 2591 strenue
1212 2533 1365 2592 mehercle
1388 2532 1439 2602 isti,

291 2645 334 2691 sc.
366 2627 571 2703 deceperunt.
615 2625 711 2690 Puen.
745 2625 782 2705 V,
811 2632 839 2704 2,
872 2632 924 2690 61:
972 2631 1048 2702 Quid
1071 2632 1147 2689 istuc
1178 2630 1214 2688 nd
1243 2629 1312 2688 me?
1357 2627 1438 2706 Capt

290 2723 349 2800 ΙΙΙ,
371 2728 401 2801 4,
429 2728 482 2786 19;
528 2727 614 2785 Ultro
642 2728 731 2784 istum
761 2745 779 2785 a
806 2744 862 2800 mc,
893 2725 946 2787 uhi
977 2743 1040 2789 acc.
1065 2726 1184 2804 pendet
1210 2742 1229 2787 a
1252 2725 1438 2795 removendi.

290 2820 438 2900 abigendi
460 2822 500 2898 vi,
531 2837 613 2899 quae
636 2821 718 2885 inest
740 2822 773 2884 in
797 2822 975 2900 enuntiato,
1002 2824 1092 2902 quasi
1112 2825 1259 2888 dixisset:
1288 2829 1438 2902 apage-ta

289 2934 382 2982 ame
413 2917 507 2983 ultro.
553 2918 603 2983 Sic
621 2919 746 2999 ¹Amph.
777 2919 803 2997 1,
831 2926 855 2995 l,
883 2924 958 2983 164:
1003 2925 1090 2984 Ultro
1116 2928 1213 2984 istunc
1243 2925 1294 2997 qui
1326 2935 1437 2983 exossat

289 3020 434 3090 homines,
459 3014 562 3080 Oasin.
587 3016 629 3096 II,
652 3022 682 3094 8,
706 3023 763 3084 23:
809 3022 895 3080 Ultro
919 3029 958 3091 te,
984 3021 1113 3084 amator!
1142 3039 1236 3096 apage
1260 3029 1290 3080 te
1316 3023 1438 3080 adorsa

288 3115 369 3178 meo!
413 3113 538 3180 Terent.
563 3116 643 3180 Eun.
668 3116 709 3194 II,
734 3123 763 3193 3,
789 3121 845 3178 71:
889 3119 1037 3193 Numquid
1061 3140 1106 3180 me
1130 3119 1233 3179 aliud?

375 3212 544 3293 singulare
578 3232 677 3294 genus
712 3213 868 3293 ellipsiurn
898 3220 947 3279 est
980 3218 1169 3297 aposiopesis,
1203 3216 1294 3278 cuius
1330 3214 1438 3294 triplex

289 3329 392 3392 genus
414 3310 672 3393 distinguendum
696 3317 746 3375 est
768 3330 841 3376 cum
856 3312 982 3377 Donato
1008 3314 1207 3388 (Susenbrot.
1232 3331 1367 3392 gramm.
1388 3313 1437 3374 lat

287 3427 319 3491 p.
346 3411 428 3488 134),
451 3427 523 3473 cum
546 3428 605 3490 per
627 3428 661 3472 se
685 3411 789 3489 ipsum
817 3413 903 3474 tacet
930 3411 1001 3490 quis
1025 3417 1057 3476 et
1080 3410 1229 3475 adalind
1253 3412 1370 3474 transit
1393 3408 1437 3472 sel

290 3513 377 3572 tacet
399 3526 456 3571 nec
480 3506 566 3572 ultra
588 3507 730 3585 loquitur
753 3507 805 3571 vel
828 3507 962 3573 alterius
978 3510 1157 3573 interventu
1175 3525 1331 3586 personae
1348 3512 1436 3572 tacet

288 3603 522 3685 Nonnunquam
533 3623 592 3684 per
604 3605 857 3684 euphemismum
880 3607 1085 3688 apusiopeses
1100 3605 1293 3670 adhibentur
1310 3607 1437 3670 marium

285 3704 318 3767 in
348 3721 384 3766 re
411 3703 578 3774 obscoena,
606 3703 650 3767 sic
678 3724 696 3765 a
725 3703 828 3766 Plant.
860 3702 935 3768 Cist.
962 3704 988 3783 1,
1020 3710 1046 3783 l,
1071 3710 1126 3768 38:
1176 3707 1254 3766 Viris
1284 3726 1353 3769 cum
1381 3708 1437 3766 suis

285 3804 464 3879 praedicant
497 3821 551 3864 nos
586 3807 693 3876 solere,
728 3820 755 3864 v.
788 3801 904 3882 Scalig.
938 3808 970 3867 et
1001 3801 1132 3871 Teubni.
1166 3799 1223 3880 (sc.
1259 3803 1437 3868 moecharil·

285 3898 384 3964 Merc.
407 3898 463 3978 IV,
480 3907 509 3978 4,
534 3904 660 3964 51:1l1e
685 3921 844 3977 numquam
867 3905 1023 3978 quicquum
1047 3921 1112 3962 cum
1137 3905 1197 3978 illa,
1222 3919 1265 3963 sc.
1290 3900 1435 3964 habuisse

283 3995 401 4061 Pseud.
426 3997 449 4075 l,
475 4002 503 4076 2,
526 4002 581 4062 81:
606 4001 658 4060 Set
680 4001 729 4060 ubi
753 4019 845 4075 usque
869 4001 906 4061 ad
930 4005 1100 4075 lsrrguorem
1123 4033 1165 4041 -
1188 4009 1274 4060 tenes
1296 4002 1436 4074 Quossnm

283 4098 361 4158 haec
385 4100 509 4157 tendant
532 4116 607 4172 quae
632 4101 745 4174 loquor.
791 4097 882 4169 (Eam
901 4097 941 4162 ad
957 4115 1051 4177 quam
1067 4095 1145 4159 haec
1161 4095 1260 4159 verba
1275 4098 1437 4166 convertit,

283 4193 368 4259 hene
391 4195 489 4259 scisse
513 4194 587 4272 quid
611 4195 786 4273 reticuerit,
810 4215 848 4259 ex
864 4196 980 4273 verbis,
1003 4212 1085 4274 quae
1101 4194 1209 4258 statim
1225 4193 1330 4257 addit:
1356 4207 1437 4256 tenes

286 4295 433 4376 Qnossum
468 4295 542 4353 hacc
576 4296 654 4355 tend.
690 4316 717 4370 q.
748 4299 767 4358 l.
801 4300 959 4374 apparet).
1004 4292 1126 4358 Deinde
1160 4294 1191 4355 in
1225 4293 1333 4357 verbis
1367 4290 1435 4355 rnali

283 4390 407 4468 ominis,
438 4396 474 4452 ut
502 4389 575 4455 Ter.
607 4390 794 4470 Audistis,
818 4397 852 4469 t,
875 4396 910 4455 8:
956 4395 1020 4453 ltan
1053 4393 1209 4469 chimisi,
1240 4408 1283 4457 sc.
1313 4398 1437 4455 mortua
