3125 5075
517 363 664 404 DOCTRIM
680 365 912 407 PARTICUMRUU.
1230 374 1289 434 341

134 561 255 628 portum
278 557 435 631 negotium.
481 552 597 618 Pseud·
621 553 676 624 IV,
704 559 811 635 1,22;
842 559 883 617 Te
914 574 1028 631 quoque
1050 558 1149 617 etium.
1194 554 1290 620 Puen.

134 648 215 729 prol.
239 667 266 713 v.
290 656 345 715 40:
369 655 409 712 Et
431 656 487 715 huc
510 670 624 726 quoq-ue
646 655 744 722 etiam,
768 656 846 731 quod
870 673 964 729 paene
988 657 1098 717 oblitus
1121 654 1173 715 fui.
1205 652 1291 716 Pers.

135 745 162 821 1,
186 751 215 822 3,
239 751 295 812 ὅδε
319 768 365 811 me
388 767 501 824 quoque
523 753 611 810 mem
635 754 755 842 vendas,
778 756 804 813 ai
828 754 919 814 lubet.
965 751 1019 829 IV,
1042 756 1071 828 9,
1096 756 1129 815 t:
1153 754 1218 826 Ego
1240 754 1292 826 pol

134 853 167 906 te
189 846 297 908 faeiem
320 879 360 891 -
384 851 426 909 Te
449 866 561 922 quoque
584 851 672 908 etiam
695 853 791 926 ipsum
815 859 848 911 ut
870 853 1050 913 lamenteris.
1097 848 1189 912 True.
1212 847 1238 924 I,
1265 852 1290 912 l.

135 947 190 1007 76:
227 947 299 1006 Cum
329 965 365 1008 ea
398 965 510 1021 queque
536 949 626 1006 etiem
655 949 727 1007 mihi
754 948 811 1008 fuit
845 952 1054 1012 commercium.
1098 945 1152 1021 IV,
1177 951 1213 1020 2,
1240 952 1292 1009 lu:

133 1044 240 1105 Thetis
263 1062 376 1118 quoque
403 1048 492 1105 etiem
520 1047 709 1106 lamentando
732 1048 847 1107 laneum
875 1045 947 1108 feeit
976 1047 1037 1107 tilio
1060 1044 1116 1117 (sic
1139 1042 1292 1106 Ribbeck.

133 1137 169 1201 in
192 1137 295 1204 Iahnii
317 1158 388 1205 nov.
413 1142 516 1205 annai.
546 1146 634 1218 1858,
657 1159 687 1221 p.
714 1147 773 1206 182
798 1145 915 1204 lauaem
938 1160 999 1207 sec.
1023 1142 1096 1205 Per.
1119 1141 1190 1206 cod.
1213 1138 1291 1202 Pell.

133 1240 170 1300 et
192 1235 277 1316 Vat,
300 1257 363 1303 non
387 1243 514 1309 leeeumt.
546 1248 576 1317 4,
599 1244 655 1303 22:
677 1243 731 1302 tibi
754 1260 866 1317 queque
881 1244 970 1301 etiam
987 1243 1131 1317 proderit.
1163 1240 1292 1303 Terent.

133 1331 214 1397 Hee.
237 1334 293 1414 IV,
320 1342 345 1414 l,
370 1340 424 1400 28:
448 1348 479 1400 et
501 1341 551 1414 poi
575 1342 631 1399 iarn
655 1342 762 1413 ederit,
787 1359 819 1401 se
842 1357 954 1413 queque
976 1342 1065 1399 etiem
1081 1357 1166 1415 quum
1184 1341 1292 1399 ederit.

133 1433 174 1511 V,
200 1438 226 1511 1,
249 1437 284 1498 8:
308 1438 372 1512 Ego
395 1441 445 1511 poi
468 1439 691 1512 quinquertium
714 1440 818 1497 timida
840 1457 913 1500 sum.
959 1454 987 1498 v.
1013 1440 1067 1499 36:
1097 1454 1151 1511 ego
1181 1453 1293 1508 quoque

133 1534 225 1594 ettam
247 1535 371 1594 credidi.

224 1647 254 1709 g.
299 1630 346 1694 De
375 1634 464 1689 imm
488 1633 576 1691 etiam
602 1630 673 1694 vide
697 1630 855 1695 Haudium
885 1649 913 1710 p.
939 1634 1010 1695 562.
1040 1630 1144 1695 Plaut.
1177 1628 1292 1693 Bacch.

133 1726 183 1805 11,
207 1733 241 1806 3,
265 1732 315 1791 82.

221 1824 252 1890 h.
297 1826 436 1890 Additur
461 1828 549 1888 etiem
578 1825 819 1905 comparativis,
853 1832 889 1891 ut
919 1826 1081 1906 quantitas
1115 1824 1164 1889 rei
1192 1825 1294 1888 maier

133 1939 207 1987 ease
235 1940 274 1987 ea
300 1923 423 1988 ratione
451 1923 652 2004 designetur,
680 1928 804 2001 utres,
834 1942 971 2003 quaeum
999 1924 1054 1988 illa
1075 1928 1293 2003 eomparatur,

133 2019 207 2100 ipsa
237 2037 309 2085 ease
342 2039 459 2101 magna
490 2025 723 2101 praesumatur.
768 2020 896 2086 Terent.
936 2022 1015 2085 Eun.
1047 2020 1077 2098 1,
1102 2026 1136 2097 2,
1154 2025 1207 2085 63:
1240 2023 1293 2083 sed

134 2127 278 2195 qnantum
308 2124 458 2195 auspicor,
493 2123 539 2181 Ad
566 2122 709 2195 virginem
738 2122 865 2182 animum
893 2122 1013 2182 adiecit.
1058 2118 1125 2182 PH.
1148 2122 1292 2181 Etiamne

133 2218 285 2291 amptius?
341 2215 474 2296 Adelph.
499 2217 564 2294 ΙΙΙ,
592 2224 627 2291 4,
652 2222 689 2281 21
718 2233 778 2295 sq:
814 2238 870 2279 non
904 2221 971 2278 dum
1009 2220 1132 2292 audisti,
1167 2222 1292 2291 iterueu,

134 2315 222 2389 qnod
244 2323 292 2375 est
313 2318 535 2390 gravissumum.
579 2314 646 2378 DE.
665 2321 715 2378 dn
739 2317 877 2392 quidest
899 2319 988 2376 etiem
1010 2316 1163 2388 amptius?

220 2409 242 2474 i.
287 2410 348 2488 Qui
371 2414 543 2492 respondet
565 2430 637 2476 esse
659 2428 744 2491 rem,
766 2410 1008 2477 affirmationem
1031 2429 1121 2475 auam
1144 2413 1292 2492 exputruit

134 2507 293 2574 vocabulo
313 2514 402 2573 etiem
432 2528 490 2592 pro
516 2512 562 2575 t‘ta
591 2517 642 2572 eet.
686 2510 791 2576 Pleut.
816 2509 928 2591 Amph.
952 2509 980 2586 1,
1005 2512 1040 2587 3,
1064 2514 1120 2573 46:
1152 2514 1293 2588 numquid

134 2609 205 2671 via?
248 2607 313 2671 41..
336 2612 451 2672 Etiam.
495 2609 590 2673 Most.
614 2626 641 2671 r.
666 2614 745 2674 999:
779 2612 928 2687 Numquid
956 2612 1106 2685 processit
1135 2610 1292 2672 adfurum

136 2705 188 2766 bie
211 2706 299 2767 hodie
323 2708 410 2768 novi?
437 2705 484 2769 SI.
508 2709 622 2770 Etiam.

221 2801 252 2866 k.
298 2801 477 2867 Adfirmatio
501 2809 560 2880 est,
583 2804 616 2868 in
640 2819 704 2883 que
721 2803 876 2894 vocabule
899 2810 989 2868 ettam
1011 2805 1199 2884 exprimitur
1224 2822 1291 2868 rem

132 2916 212 2964 vere
232 2898 303 2964 fieri
317 2901 368 2966 vel
390 2919 465 2965 vere
488 2901 603 2966 factam
626 2920 705 2967 esse.
736 2902 841 2981 Atque
864 2903 969 2968 utitur
990 2904 1097 2968 verbis
1111 2906 1189 2964 uitii
1203 2905 1293 2965 ettam

131 2996 171 3073 ia,
196 2998 252 3078 qui
276 2998 496 3063 vehementius
518 2996 656 3063 affirmat
685 3005 741 3064 aut
763 3017 842 3065 suae
863 3003 1042 3065 sententiae
1064 3018 1181 3065 nevum
1203 2999 1293 3064 addi·

131 3100 231 3161 turns
252 3100 303 3161 eet
322 3102 518 3161 momentum
538 3095 766 3161 affirmationis.
811 3097 940 3161 Terent.
966 3097 1090 3163 Phorrn.
1109 3097 1167 3164 ΙΙΙ,
1195 3096 1292 3174 1,10:

132 3197 286 3271 Numquid
309 3198 428 3258 subolet
450 3197 551 3272 petri?
596 3194 662 3259 GE.
684 3198 739 3257 Nil
760 3199 858 3258 ettam.

221 3291 241 3356 i.
285 3297 405 3363 Etiam,
433 3311 531 3372 quum
558 3294 591 3357 iu
621 3312 656 3357 se
678 3293 797 3358 habeat
818 3296 892 3368 tum,
923 3292 964 3358 ad
994 3298 1121 3372 tempus
1143 3291 1292 3355 refertur.

131 3387 301 3471 Significat
329 3390 411 3454 enim
442 3409 510 3455 rem
538 3391 734 3467 continuem,
768 3392 906 3455 nondum
941 3387 1076 3468 finitum,
1110 3388 1167 3454 ned
1189 3386 1293 3453 adhue

130 3493 344 3569 perpetuam,
378 3506 460 3568 quae
497 3488 573 3553 alibi
611 3489 765 3554 vocabule
806 3491 906 3550 adnm
938 3488 1131 3568 designatur.
1190 3486 1293 3549 Plaut.

131 3583 250 3662 Amph.
273 3584 306 3660 Ι,
330 3591 364 3665 2,
392 3591 465 3651 138;
499 3591 725 3664 Amphitruonis
755 3607 811 3666 ego
839 3608 901 3650 eum
937 3607 1038 3651 neruus
1072 3590 1165 3649 Sosia.
1223 3583 1291 3646 ΙΙΕ.

132 3686 244 3747 uuam
266 3686 384 3748 denne?
428 3684 514 3748 Trin·
538 3684 589 3763 ΙΙ,
611 3693 648 3763 4,
678 3690 748 3750 193.
779 3685 907 3750 Terent.
932 3684 1028 3749 Andr.
1053 3684 1082 3763 Ι,
1109 3689 1135 3761 l,
1158 3687 1217 3747 89:
1244 3685 1293 3744 Nil

131 3785 228 3844 etiam
251 3785 387 3859 auspicor
411 3786 492 3858 muli,
515 3802 544 3846 v.
567 3781 693 3847 Ruhnk.
716 3782 776 3858 ΙΙΙ,
801 3789 829 3854 2,
853 3788 911 3854 23,
940 3801 967 3844 r.
994 3781 1109 3846 Donat.
1134 3781 1210 3845 Heu.
1235 3778 1294 3857 ΙΙΙ,

129 3886 165 3960 4,
191 3882 247 3944 16:
271 3882 350 3958 Ere,
375 3884 465 3943 mium
488 3890 520 3942 tu
544 3885 592 3943 hic
616 3884 699 3944 stus?
744 3881 798 3958 IV,
822 3887 852 3960 3,
874 3887 904 3946 8.
933 3880 982 3945 De
1004 3878 1174 3959 temporali
1197 3876 1294 3957 signi·

132 3974 286 4044 flatione
308 3997 337 4042 v.
361 3983 452 4043 auum
478 3978 550 4042 uide
574 3981 669 4045 etiam
693 3978 797 4044 Halm.
825 3979 866 4043 ad
887 3977 950 4043 Cic.
973 3978 1065 4044 Verr.
1089 3977 1144 4056 IV,
1168 3983 1220 4054 45,
1244 3983 1294 4040 99.

220 4093 262 4140 m.
297 4076 347 4141 De
363 4077 547 4142 continuate
561 4096 597 4141 re
612 4084 663 4142 est
677 4076 721 4156 id,
743 4077 829 4157 qued
845 4077 975 4156 diutine,
998 4075 1144 4141 ulterius.
1168 4074 1296 4138 Terent.

128 4170 252 4239 Heant
275 4172 331 4252 IV,
353 4182 389 4255 4,
412 4180 462 4238 2ο.

222 4289 253 4336 n.
299 4271 405 4338 Unum
428 4270 488 4338 hoe
520 4272 707 4338 vocabulum
738 4265 900 4337 interdum
929 4271 1013 4335 idem
1036 4270 1188 4351 exprimit
1208 4269 1293 4350 quud

129 4373 279 4446 ampliat,
312 4389 370 4450 pru
404 4373 473 4434 tete
507 4371 667 4435 sententie
700 4370 849 4451 pesitum.
889 4368 991 4435 Pleut.
1019 4369 1107 4434 Asin.
1130 4367 1159 4445 Ι,
1191 4373 1216 4439 l,
1244 4373 1296 4433 27.
