3125 5075
201 553 242 611 86
630 543 785 583 ΒΙΙΒΠΑΙΙΤ.
807 542 871 585 GAP.
885 542 926 583 ΙΙΙ.

200 717 220 783 l.
250 717 280 794 1,
307 716 345 781 fr.
379 720 433 781 16:
468 721 541 779 Cum
569 727 653 779 veter
682 719 820 779 occubuit
852 719 986 779 Priamus
1013 721 1067 779 aab
1095 720 1196 778 Marta
1220 719 1355 795 Palaepo.

191 810 335 881 'Medeae
357 815 458 880 erulis
480 812 518 880 fr.
543 819 577 879 6:
606 817 660 878 sub
682 818 782 876 armis.
829 814 931 879 Plant.
953 814 1068 880 Pseud.
1092 813 1135 892 ΙΙ,
1163 820 1193 892 4,
1218 820 1273 879 ll:
1302 819 1362 880 snb.

203 920 304 993 signis.
350 913 434 978 Men.
457 912 495 990 V,
520 919 548 990 5,
571 918 628 977 40:
663 915 716 974 snb
739 914 832 974 furca
877 910 972 977 Most.
995 911 1054 990 III,
1078 916 1107 993 2,
1131 916 1189 978 78:
1219 916 1274 975 sub
1297 917 1355 977 dia.

200 1011 288 1076 Pers.
311 1031 340 1078 v.
364 1016 439 1075 855:
475 1015 529 1073 snb
552 1012 655 1074 furcis.
701 1008 816 1074 Pseud.
841 1008 866 1087 Ι,
892 1016 918 1090 1,
945 1014 999 1075 13;
1034 1011 1095 1072 Sat
1118 1012 1245 1073 Veneris
1267 1031 1357 1087 repro

203 1115 320 1187 vapulo,
345 1130 402 1172 non
425 1114 588 1173 schlavis.
634 1108 747 1176 Caecil.
772 1111 852 1177 Stat.
875 1108 933 1173 inc.
957 1106 1019 1172 lab.
1042 1105 1080 1172 fr.
1106 1112 1158 1171 18:
1189 1111 1287 1186 Saepe
1311 1118 1357 1172 est

204 1211 295 1270 etiarn
318 1208 373 1271 sub
394 1212 517 1283 palliolo
538 1211 656 1269 sordido
680 1214 834 1286 sapientia.
880 1207 1007 1272 Terent.
1031 1205 1164 1287 Adelph.
1187 1206 1226 1285 V,
1255 1210 1286 1282 8,
1317 1210 1356 1271 26

205 1304 256 1373 lcf.
280 1304 416 1385 Herzog.
440 1306 481 1369 ad
504 1304 594 1371 Caes,
616 1325 646 1387 p.
671 1310 758 1383 583):
792 1310 890 1384 Agelli
913 1313 960 1367 est
983 1307 1030 1365 hic
1052 1308 1200 1366 suburbe
1226 1307 1356 1382 paulum,

205 1401 234 1465 h.
258 1420 285 1466 e.
309 1401 350 1465 ad
372 1404 494 1481 urbem,
517 1422 617 1485 prope
642 1405 762 1482 urbem,
785 1424 814 1469 v.
838 1402 963 1467 Ruhnk.

292 1501 480 1575 saperem
504 1501 642 1565 ablativo
666 1503 867 1567 coniunctum
891 1518 1018 1580 semper
1044 1499 1142 1564 habet
1168 1499 1356 1564 translatam

203 1596 464 1677 significationem
496 1599 643 1678 idemque
674 1597 833 1679 significat
859 1598 1016 1678 quodue,
1050 1595 1136 1670 ubet,
1170 1595 1202 1661 lu
1232 1593 1358 1676 Qetcell.

203 1694 282 1758 Cato
310 1704 422 1760 contra
443 1696 580 1761 Annium
612 1715 662 1777 ap.
691 1698 821 1761 Festum
844 1716 874 1777 p.
899 1701 959 1761 305
988 1699 1231 1773 pauperascit:
1264 1699 1357 1758 Nemo

204 1803 303 1854 autem
327 1794 400 1855 lecit
421 1814 509 1869 saper
532 1796 586 1855 tali
607 1815 640 1856 rc
662 1816 728 1858 cum
751 1797 807 1857 hoc
830 1799 1005 1872 magistratu
1027 1798 1129 1872 utique
1152 1813 1224 1856 rem.
1252 1791 1356 1858 Plaut.

205 1888 300 1955 Most.
324 1911 352 1953 v.
377 1896 455 1955 728:
481 1896 536 1953 Vix
558 1896 678 1955 tandem
700 1896 825 1970 percepi
846 1912 934 1967 saper
953 1895 1001 1955 his
1022 1896 1108 1954 rebus
1129 1894 1239 1954 eostre
1261 1901 1291 1953 te
1314 1896 1357 1953 lo·

204 1993 263 2065 qui.
307 1988 374 2054 Mil.
391 1989 446 2062 lv,
471 1996 499 2068 5,
526 1996 577 2055 13:
600 2012 684 2067 quom
710 2012 746 2052 11
769 1996 877 2053 virtute
901 1994 1014 2053 formae
1037 1993 1068 2050 id
1090 1993 1189 2051 evenit
1212 1992 1267 2050 tibi
1289 1993 1357 2050 Mea

205 2107 298 2164 opera
319 2107 406 2163 saper
429 2091 485 2149 hac
505 2092 612 2151 111111.
647 2088 761 2154 Bacch.
777 2087 820 2166 ΙΙ,
840 2094 866 2167 1,
883 2092 919 2151 8:
943 2108 1029 2165 quem
1046 2090 1082 2149 ad
1099 2090 1257 2164 epistulam
1273 2090 1357 2149 Mne·

202 2188 334 2247 silochus
358 2188 453 2248 missit
475 2205 562 2262 super
584 2190 681 2247 amica
694 2188 854 2248 Bacchide.
899 2185 1013 2251 Bacch.
1030 2184 1088 2263 III,
1110 2188 1139 2264 6,
1160 2189 1214 2251 33:
1238 2188 1356 2248 missine

204 2302 259 2359 ego
282 2286 318 2344 ad
341 2293 370 2344 te
400 2303 436 2345 ex
459 2288 580 2361 Epheso
608 2288 764 2362 epistulam
790 2286 886 2359 saper
915 2288 1025 2354 amica,
1060 2292 1093 2344 ut
1122 2286 1162 2344 mi
1189 2284 1357 2346 invenires?

203 2379 245 2458 ΙΙ,
270 2387 297 2459 3,
325 2386 393 2447 133.
961 2436 967 2447 .

289 2481 394 2545 Etiam
417 2488 501 2543 anas
523 2498 594 2545 cum
617 2479 677 2545 abl.
702 2481 903 2546 coniunctum
927 2480 989 2546 huc
1010 2480 1165 2562 pertinet,
1193 2482 1230 2544 ut
1253 2479 1355 2545 Plant

203 2578 285 2642 Men.
309 2578 347 2657 V,
372 2586 400 2656 ⁸2,
429 2584 502 2642 loo:
526 2599 592 2642 osse
617 2589 711 2641 tenus.

291 2680 336 2739 18.
376 2675 562 2755 Sequuntur
585 2677 736 2741 adverbia
759 2696 811 2746 ea.
835 2696 917 2757 quae
939 2677 1069 2742 ablativi
1092 2675 1224 2741 formam
1247 2674 1359 2740 indue·

202 2783 286 2837 runt.
321 2778 395 2851 Quo.
434 2773 512 2837 Cato
528 2774 564 2838 R.
582 2775 617 2839 R.
635 2794 660 2839 c.
678 2780 732 2839 29:
756 2795 816 2851 qao
832 2781 955 2838 maxime
972 2796 1045 2853 opus
1061 2779 1129 2836 1111.
1164 2774 1198 2839 O.
1224 2781 1278 2839 54:
1301 2794 1360 2851 quo

206 2875 288 2933 locus
311 2873 396 2932 ferax
419 2875 564 2946 nouerit,
589 2875 619 2933 id
640 2877 706 2949 plus
727 2878 885 2937 concidito.
920 2873 953 2938 0.
968 2879 1017 2950 21,
1038 2879 1071 2938 3:
1095 2876 1278 2950 pertundito,
1301 2890 1361 2949 qao

203 2974 303 3030 clavus
319 2979 376 3029 eat.
401 2967 434 3032 Ο.
455 2975 523 3047 112,
550 2975 584 3034 1:
607 2977 779 3047 operculum
803 2976 961 3050 imponito:
984 2975 1154 3048 relinquito,
1178 2990 1239 3046 quc
1262 2973 1359 3047 respi-

203 3076 258 3130 ret.
290 3065 324 3131 0.
346 3075 404 3131 44:
426 3073 565 3130 olivetum
585 3073 641 3130 hoc
657 3074 743 3133 modo
764 3080 883 3148 putato:
906 3090 967 3147 qao
982 3075 1065 3132 locus
1080 3079 1163 3131 11111
1185 3070 1272 3130 lerax
1293 3071 1360 3142 erit,

203 3185 278 3242 qnae
302 3169 389 3227 arida
412 3175 499 3227 erunt
526 3177 556 3227 et
586 3171 611 3229 si
639 3171 708 3244 quid
736 3179 841 3230 ventus
865 3169 1082 3244 interfregerit‚
1118 3188 1154 3229 ea
1176 3170 1276 3229 omnia
1298 3168 1359 3226 exi-
1398 3182 1399 3191 ¹

202 3266 289 3337 mito,
322 3283 381 3337 qua
409 3268 493 3326 locus
516 3265 600 3326 ferax
623 3286 680 3327 non
704 3270 771 3341 erit,
795 3269 825 3328 id
848 3273 915 3343 plus
940 3269 1097 3328 concidito.
1143 3264 1235 3329 Ennii
1258 3261 1361 3328 annal

206 3359 265 3423 inc.
290 3363 374 3425 seclis
397 3360 507 3442 fragm.
534 3362 642 3427 2111.
669 3369 743 3428 132:
777 3369 845 3443 Qua
864 3384 977 3426 murum
999 3365 1066 3425 fieri
1090 3369 1191 3438 voluit,
1217 3352 1363 3440 urgentur

208 3462 237 3519 in
262 3480 360 3520 uirum.
405 3459 507 3525 Pluut.
531 3460 646 3526 Pseud.
663 3462 687 3540 Ι,
713 3468 741 3539 5,
764 3469 793 3527 9.
823 3461 917 3527 Most.
934 3461 989 3542 IV,
1013 3466 1042 3540 2,
1066 3467 1120 3526 53:
1145 3464 1212 3524 Scio
1234 3479 1295 3535 quo
1317 3477 1363 3520 me

206 3559 251 3616 ire
276 3568 404 3635 oportet.
436 3556 518 3622 Men.
536 3558 577 3637 ΙΙ,
604 3566 631 3640 l,
657 3565 709 3623 12:
733 3581 793 3635 qua
816 3564 988 3638 adgreditur
1009 3580 1100 3622 mare.
1134 3559 1223 3624 Pers.
1240 3575 1269 3620 v.
1285 3561 1363 3621 458:

206 3659 248 3718 Ut
269 3662 352 3734 ipsus
376 3677 452 3733 sese,
472 3676 533 3732 qua
554 3677 585 3719 ce
610 3660 759 3734 expediat,
784 3663 907 3720 nesciat.
954 3660 1001 3723 De
1024 3657 1160 3721 formula
1174 3675 1235 3732 qua
1251 3673 1366 3730 -qao

206 3755 285 3831 (Mil.
316 3755 370 3833 IV,
402 3761 430 3831 3.
459 3760 513 3818 20:
550 3759 608 3830 Qui
637 3766 810 3817 consectare
840 3776 899 3831 qua
929 3759 1019 3819 maris
1044 3776 1105 3832 qua
1128 3757 1266 3825 feminas)
1292 3752 1365 3818 vide

211 3854 352 3917 Lindem.
375 3852 416 3917 ad
432 3853 603 3916 Trinumm.
620 3852 674 3931 IV,
699 3858 728 3930 3,
753 3860 809 3918 37:
846 3855 900 3919 ubi
923 3861 986 3918 est:
1010 3858 1112 3916 Mores
1136 3861 1233 3914 autem
1256 3869 1365 3928 rapere

206 3962 370 4030 properant
390 3971 451 4026 qao
465 3971 581 4013 sacrum
597 3971 658 4028 qua
673 3956 833 4028 puplicum.
868 3950 933 4017 Mil.
951 3951 1004 4029 IV,
1022 3956 1051 4027 9,
1071 3958 1122 4016 lo:
1147 3955 1240 4026 Quem
1264 3969 1367 4013 omnes

207 4054 336 4112 oderunt
358 4070 416 4125 quo
443 4054 498 4111 riri
519 4070 579 4125 qao
601 4054 752 4112 mulieres.
790 4049 916 4115 Terent.
931 4049 1057 4114 Phorm.
1074 4049 1099 4127 Ι,
1115 4056 1145 4128 4,
1165 4055 1217 4113 la:
1241 4051 1301 4110 Sed
1318 4048 1369 4108 ubi

207 4151 410 4226 Antiphonem
436 4149 607 4225 reperiam?
630 4157 680 4210 aut
699 4169 758 4223 qao
782 4168 926 4225 quaerere
946 4152 1080 4210 insistam
1101 4149 1198 4210 viam?
1231 4145 1366 4227 Adelph.

207 4247 261 4325 IV,
286 4252 320 4325 2,
340 4251 395 4310 38:
418 4265 479 4321 qua
500 4249 588 4308 nam?

293 4350 370 4408 Hac.
394 4343 493 4409 Naev.
508 4344 692 4426 Astiologa:
715 4348 785 4407 Hac
801 4349 859 4407 sibi
874 4350 1024 4423 prospice,
1049 4349 1105 4407 hac
1120 4349 1250 4422 despice.
1274 4344 1369 4410 Ennii

208 4443 310 4507 annal.
333 4441 443 4522 LVII,
468 4441 505 4505 lr.
525 4447 578 4506 17:
602 4464 680 4505 nunc
704 4447 840 4520 luppiter
865 4448 921 4506 hac
944 4453 1011 4507 stat.
1058 4445 1137 4508 Aiax
1158 4443 1195 4506 lr.
1214 4449 1247 4508 3:
1270 4456 1369 4507 utrum

205 4547 291 4606 hocin
314 4542 420 4603 feriam
443 4561 480 4603 an
507 4544 544 4602 ab
570 4545 657 4603 laeva
681 4543 780 4604 latua?
823 4541 927 4606 Plaut.
950 4541 1047 4606 Merc.
1070 4540 1096 4621 I,
1125 4546 1153 4620 2,
1187 4546 1262 4607 109:
1297 4543 1368 4603 Hoc
