3125 5075
512 557 603 600 CASUS
616 559 888 601 tuusrmivosurt.
902 580 927 590 —
941 561 1046 601 netur.
1321 570 1361 628 73

213 726 294 793 diust.
316 728 344 809 1,
366 736 398 810 4,
422 735 457 798 3:
479 735 557 794 Num
578 735 627 795 ilii
648 736 701 796 udi
721 735 774 810 iui,
799 737 868 796 iude
892 737 980 815 effugi
1002 735 1093 799 iores.
1139 751 1167 797 v.
1188 738 1241 797 14:
1267 738 1360 810 Quem

211 828 260 896 iiii,
289 831 342 890 uus·
363 832 462 894 lectus
484 841 534 893 ert
555 823 680 912 strutus,
704 833 786 911 [nos]
812 837 935 896 coimus.
979 832 1076 898 Merc.
1100 831 1142 912 ΙΙ,
1169 836 1195 909 l,
1219 834 1278 895 36:
1303 834 1356 905 illi,

211 925 276 989 item
297 924 397 992 Mero.
420 945 449 993 v.
475 933 535 994 511
560 936 595 994 et
617 929 732 995 Pseud.
756 930 794 1011 V,
821 936 848 1009 1,
875 934 924 995 28.
970 930 1099 996 Terent.
1123 930 1221 994 Andr.
1245 927 1300 1006 IV,
1328 935 1360 1009 4,

210 1027 237 1087 t:
255 1026 327 1102 quid
347 1027 397 1087 ilii
417 1028 568 1089 hominum
592 1030 734 1105 litigent?

282 1122 313 1186 d.
345 1122 410 1189 Sed
431 1123 528 1189 etiem
550 1123 620 1206 ipso
642 1144 695 1190 res
717 1131 826 1207 potest
849 1126 894 1191 ite
916 1124 1095 1207 designari,
1118 1126 1240 1189 utilite
1261 1122 1303 1187 sit
1324 1126 1360 1185 tn

209 1239 237 1281 eu
263 1239 303 1282 re
348 1218 402 1285 sic
428 1220 533 1287 Ptaut.
562 1221 679 1289 Bacch.
702 1222 758 1303 IV,
782 1229 812 1302 9,
837 1229 892 1289 25:
926 1227 1002 1285 Nem
1029 1225 1077 1284 tut
1106 1225 1209 1284 itidem
1239 1226 1357 1287 Ulixem

209 1320 304 1379 rudivi

282 1418 357 1479 Istic
379 1415 447 1482 sive
468 1420 530 1481 isti.
561 1435 590 1483 a.
619 1418 680 1484 Est
701 1423 731 1481 in
754 1422 813 1484 isto
836 1426 912 1497 loco,
936 1425 966 1482 in
990 1440 1047 1498 quo
1070 1428 1102 1481 tu
1124 1439 1165 1482 es.
1211 1417 1274 1483 Sed
1297 1435 1359 1482 usu

211 1511 324 1594 ruiguri
345 1517 415 1578 uuo
440 1532 503 1579 non
525 1514 634 1581 differt
655 1517 695 1584 ub
717 1520 788 1581 titio.
833 1517 937 1599 Saepe
959 1517 1140 1599 propiorem
1168 1515 1220 1579 vel
1250 1515 1357 1595 proxi·

210 1627 284 1675 num
307 1611 412 1677 locum
435 1612 564 1693 indicat,
587 1618 624 1678 ut
646 1615 689 1681 sit
709 1615 777 1681 iere
799 1615 833 1681 id
855 1616 941 1696 quod
964 1619 1019 1678 tic.
1065 1614 1169 1679 Pleut.
1192 1612 1307 1679 Bacch.
1329 1612 1355 1694 I,

210 1713 233 1786 2,
253 1714 285 1773 6:
320 1715 386 1789 quis
408 1715 477 1775 istic
498 1714 610 1775 hebet?
654 1713 708 1791 IV,
731 1718 762 1793 4,
786 1717 844 1777 tt:
881 1716 966 1789 Quod
994 1716 1101 1777 iubebo
1129 1715 1252 1776 scribito
1279 1716 1354 1775 istic.

209 1810 232 1882 6,
255 1811 306 1872 18:
335 1812 451 1872 Orabat
471 1812 550 1888 quod
571 1812 639 1872 istie
660 1823 742 1874 esset
764 1817 908 1889 scriptum
931 1822 965 1875 ut
986 1814 1082 1875 fieret.
1127 1816 1157 1890 9,
1182 1815 1236 1875 99;
1260 1813 1354 1872 Estne

207 1907 274 1969 istuc
297 1911 363 1970 irtio
383 1910 549 1985 scriptum?
590 1928 619 1972 v.
647 1914 723 1977 129:
758 1930 845 1974 mnne
867 1914 940 1973 istie.
984 1910 1023 1990 V,
1047 1914 1078 1988 2,
1102 1913 1156 1974 26:
1197 1911 1273 1983 Quis
1303 1927 1354 1970 uo·

211 2017 275 2067 uros
297 2025 390 2084 ugnos
412 2011 586 2071 conclnssos
607 2011 674 2070 istic
695 2027 762 2071 erse
784 2013 869 2071 aiunt
890 2012 973 2073 duos.
1018 2026 1047 2073 ν.
1072 2012 1122 2071 27.
1153 2005 1251 2072 Stich.
1275 2006 1300 2083 Ι,
1325 2009 1355 2084 2,

210 2106 249 2167 36.
271 2102 369 2169 Stich.
388 2124 418 2168 v.
442 2109 519 2170 321:
544 2108 621 2181 Quid
642 2110 711 2170 istic
732 2108 831 2168 inest?
874 2105 972 2171 Merc.
988 2105 1027 2184 V,
1051 2110 1081 2185 2,
1105 2111 1154 2171 71.
1179 2103 1249 2169 dul.
1273 2103 1298 2183 Ι,
1325 2108 1352 2181 l,

212 2206 253 2264 li:
277 2206 345 2265 istie
366 2205 493 2265 edststo.
538 2202 604 2267 Mu
628 2203 686 2281 111,
709 2209 740 2283 2,
764 2210 815 2270 37.
848 2203 963 2270 Pseud.
987 2204 1012 2283 I,
1039 2210 1065 2283 1,
1089 2208 1147 2268 32:
1181 2207 1256 2265 Nem
1286 2203 1355 2263 istic

209 2317 277 2362 meus
299 2305 416 2364 enimus
437 2319 516 2362 nunc
538 2310 599 2377 est,
626 2322 684 2365 non
708 2307 738 2363 iu
761 2312 896 2378 pectore.
939 2301 980 2378 ΙΙ,
1002 2308 1031 2381 2,
1055 2308 1110 2368 53;
1143 2303 1210 2364 istic
1233 2301 1351 2362 sumbu-

209 2398 263 2458 iust.
308 2396 369 2476 III,
393 2403 423 2477 2,
448 2404 498 2463 75.
521 2397 635 2464 Pseud.
660 2418 688 2462 v.
714 2406 812 2466 1139:
836 2403 906 2478 quid
929 2404 996 2463 istic
1016 2402 1174 2462 dehibetur
1195 2401 1257 2460 tibi.
1296 2394 1352 2474 IV,

208 2499 227 2563 Ι.
248 2499 296 2560 60.
327 2495 411 2561 Men.
436 2496 479 2575 ΙΙ,
503 2501 531 2576 2,
554 2501 602 2562 60.
643 2496 737 2564 Most.
766 2497 808 2576 ΙΙ,
832 2503 859 2577 1,
883 2502 938 2563 25:
971 2500 1045 2575 Quis
1066 2501 1133 2561 istie
1156 2496 1285 2559 dormit?
1322 2511 1351 2558 v.

206 2597 270 2658 iil:
294 2599 356 2657 leur
378 2599 430 2658 isti
452 2615 514 2658 ero.
558 2596 612 2676 IV,
636 2603 665 2676 2,
687 2601 739 2661 48.
777 2596 866 2661 Pers.
889 2597 915 2673 Ι,
939 2602 968 2676 3,
993 2603 1027 2662 5:
1057 2599 1167 2659 Coreto
1194 2597 1261 2656 istic
1289 2611 1351 2654 vos.

205 2687 281 2755 Pers.
306 2712 334 2757 v.
359 2698 437 2759 249:
463 2697 540 2770 Quid
562 2699 629 2757 totio
651 2699 833 2772 scriptumst.
879 2694 935 2774 IV,
960 2700 989 2774 3,
1014 2701 1063 2759 55.

278 2791 308 2856 b.
344 2789 553 2873 Componitnr
582 2811 652 2858 cum
681 2796 741 2856 uti.
785 2792 866 2857 Tum
889 2793 973 2858 idem
996 2791 1171 2874 siguificat,
1195 2788 1278 2870 quod
1301 2791 1351 2850 iti.

203 2888 325 2953 Accedit
348 2895 456 2955 tumen
478 2890 574 2955 etism
598 2889 708 2956 locatis
731 2891 903 2957 distinctio.
947 2890 1051 2955 Pluut.
1073 2890 1154 2953 Itud.
1177 2888 1219 2967 II,
1242 2893 1271 2964 7,
1298 2892 1351 2950 14:

199 2985 262 3047 Istic
285 2991 336 3050 radi
359 2992 403 3050 ris
426 2992 639 3052 condormisce.

275 3104 301 3149 c.
341 3085 447 3150 Etiam
478 3085 538 3151 hoe
564 3085 754 3152 vocobulum
784 3085 845 3151 loci
872 3086 912 3152 de
941 3087 1038 3153 rebus
1061 3092 1244 3168 usurpatur.
1290 3084 1352 3148 Est

202 3177 293 3260 igitur
314 3186 348 3243 iu
370 3187 431 3246 istu
451 3203 493 3245 re.
527 3183 884 3264 Pleut.Bucch.IV,9,
904 3190 977 3249 126:
1003 3189 1079 3260 Quin
1102 3205 1157 3262 ego
1182 3187 1249 3248 istic
1271 3185 1349 3261 quod

201 3282 411 3351 perdundumst
431 3302 591 3359 properem
614 3284 763 3360 perdere?
807 3283 903 3348 Most.
925 3283 963 3357 V,
987 3288 1015 3362 2,
1039 3288 1089 3347 23.

272 3380 405 3455 Poreyri.
450 3379 548 3446 Neev.
572 3380 748 3446 Tarentilla
770 3379 807 3445 fr.
836 3386 889 3459 12,
916 3400 945 3444 v.
967 3385 1007 3444 93
1039 3379 1217 3454 (Charisius
1245 3377 1288 3456 ΙΙ,
1318 3395 1349 3456 p.

202 3476 251 3537 139
274 3474 309 3539 P.
332 3505 377 3526 =
403 3481 462 3542 126
491 3476 526 3542 L.
551 3483 685 3556 ‚merceri
706 3484 831 3557 nutem,
866 3497 936 3542 cum
960 3479 993 3542 in
1013 3478 1082 3542 loco
1106 3476 1199 3555 est“).
1245 3474 1348 3538 Plaut.

202 3573 303 3652 Amph.
327 3594 357 3638 v.
374 3580 454 3641 352:
476 3580 546 3653 qnia
568 3597 621 3640 uos
645 3597 762 3640 eremus
779 3581 909 3653 peremi,
932 3585 1060 3637 tutatust
1082 3577 1169 3636 domi.
1213 3571 1301 3636 Pers.
1323 3570 1349 3648 I,

207 3673 226 3741 l,
248 3676 301 3736 30:
326 3672 392 3737 ΤΟ.
417 3678 494 3750 Quis
515 3695 584 3738 erus
601 3679 756 3752 pereurist.
803 3676 862 3740 SA.
886 3679 944 3737 Aio
967 3683 1010 3748 tu,
1028 3675 1197 3748 percuciet?

277 3771 433 3835 Addimus
455 3771 596 3852 reliquus
619 3772 750 3851 formos,
774 3792 857 3854 quae
880 3773 1094 3848 inveniuntur,
1118 3769 1260 3846 locutivi,
1284 3769 1349 3847 pri-

205 3880 277 3930 num
302 3869 425 3945 Sicyon-i
448 3875 480 3933 et
505 3872 690 3945 Curtiupioi.
736 3870 841 3935 Ptuut.
866 3869 942 3934 cist.
958 3869 984 3947 I,
1010 3874 1038 3947 3,
1063 3873 1098 3933 8:
1123 3870 1242 3943 Sicyoni
1264 3870 1348 3928 incre

204 3962 249 4023 ism
269 3968 317 4027 din
334 3970 488 4044 Dionysia.
519 3967 634 4033 Pseud.
651 3967 704 4046 IV,
722 3974 750 4046 2,
768 3975 824 4035 38:
848 3973 923 4031 Nem
946 3971 1033 4030 hodie
1051 3968 1171 4030 Sicuout
1192 3976 1348 4027 necessest

207 4076 242 4120 ne
262 4082 326 4126 esse
350 4075 404 4127 sut
425 4085 493 4128 cros
517 4077 641 4129 mortem
666 4071 781 4144 exequi.
828 4065 899 4131 Ces.
923 4065 1004 4146 prol.
1028 4085 1056 4129 v.
1081 4071 1136 4129 71:
1160 4071 1196 4126 At
1221 4084 1276 4140 ouo
1300 4065 1348 4125 sio

207 4155 250 4217 hoc
268 4164 332 4223 fieri
355 4167 386 4224 in
410 4166 539 4226 Graecis
561 4175 592 4228 et
614 4169 807 4241 Kurttupiui.
852 4163 947 4229 Poen.
969 4164 1007 4242 V,
1031 4169 1060 4243 2,
1085 4169 1138 4227 78:
1162 4164 1349 4237 Kortirapiui

208 4269 327 4329 e1⁰sum
350 4273 469 4339 gnatus.
513 4282 543 4326 v.
568 4267 622 4328 96:
658 4269 708 4343 qui
736 4268 835 4341 potuit
864 4267 929 4326 fieri
957 4273 990 4337 ut
1019 4265 1204 4338 Kerttuyiui
1234 4266 1348 4323 Gustus

210 4355 246 4413 sis.
283 4358 404 4424 Deinde
423 4363 592 4423 Acherunti
615 4362 718 4428 Pluut.
742 4362 840 4427 Mero.
864 4360 925 4440 ΙΙΙ,
948 4368 978 4440 4,
1003 4366 1058 4426 21;
1093 4365 1198 4422 Facito
1221 4378 1292 4436 ergo
1315 4367 1348 4420 ut

209 4452 351 4520 Acherunti
377 4465 481 4522 cineus
507 4464 612 4537 glorie.
658 4460 695 4539 V,
720 4466 751 4538 4,
785 4465 815 4523 1:
852 4462 919 4522 Vidi
948 4480 1003 4537 ego
1030 4464 1124 4522 multu
1150 4478 1239 4535 saepe
1264 4461 1347 4534 picta

211 4557 461 4620 sucurrerunt·
490 4560 599 4622 fierent
628 4563 847 4622 Cruciemeute.
893 4557 919 4622 T
923 4577 975 4622 unu
996 4562 1052 4631 pini
1080 4557 1238 4622 nonnuliis
1268 4555 1347 4621 locis
