3125 5075
476 367 564 406 CASUS
586 366 855 407 scnsl‘snlu'oauu.
874 387 897 394 —
919 366 1050 406 nameus,
1281 373 1339 427 291

207 537 409 620 lrdr.1v,1,
433 545 490 605 59:
509 545 549 603 At
571 545 630 604 iarn
653 543 710 602 hnc
732 543 786 602 tibi
810 543 960 602 inventurn
983 542 1069 602 dabo.
1114 535 1249 617 Adelph.
1265 532 1344 615 prol.

201 653 229 701 v.
246 643 277 701 l:
310 641 387 700 Eam
411 641 641 702 Commorientis
663 641 786 700 Plautus
816 638 889 699 lecit
917 639 1055 701 tabulam.
1101 634 1229 700 Phorm.
1253 631 1291 712 V,
1316 637 1345 706 2,

202 735 232 799 t:
256 739 310 799 Eis
330 754 411 798 nunc
432 739 641 814 praemiumst,
665 739 716 813 qni
737 742 818 798 recta
838 754 935 812 prava
957 737 1081 809 saetam.
1126 732 1242 798 Heaut.
1266 731 1345 814 prol.

200 848 226 896 r.
244 838 295 899 26:
318 836 385 909 Qua
407 852 441 897 re
463 841 565 898 pratos
587 852 639 897 vos
662 837 757 897 omnis
780 837 856 896 volo.

656 1003 690 1065 D.
735 1003 878 1064 Batinus.

276 1125 411 1190 Praeter
425 1125 514 1204 duas,
538 1143 618 1206 quas
640 1126 744 1191 adhuc
765 1123 991 1205 spectavimus,
1015 1120 1143 1201 formas,
1168 1121 1283 1201 quibus
1307 1122 1348 1199 ei,

200 1224 246 1304 qui
266 1222 423 1302 loquitur,
455 1223 644 1306 significatio
667 1224 756 1288 verbi
779 1239 935 1303 apparere
957 1225 1083 1300 potest,
1107 1220 1203 1283 tertia
1226 1224 1292 1298 est,
1315 1219 1348 1283 in

200 1337 256 1400 qua
277 1327 327 1386 est
346 1320 404 1384 illa
425 1326 546 1397 status,
581 1340 673 1401 quem
698 1321 878 1386 subiectum
902 1337 972 1384 esse
996 1318 1097 1382 voluit
1119 1317 1186 1381 sive
1208 1317 1241 1381 id
1264 1316 1349 1396 quod

201 1419 353 1498 explicata
375 1419 446 1484 eius
474 1421 599 1484 actione
620 1418 753 1500 prodiit,
787 1435 911 1499 exque
935 1418 1081 1498 sequitur
1108 1423 1257 1482 naturam
1280 1415 1348 1479 cius

200 1533 263 1582 esse
283 1516 459 1597 duplicem,
483 1534 546 1597 qua
561 1516 669 1581 differt
689 1538 709 1581 a
728 1516 838 1580 formis
854 1516 978 1580 duabus
998 1514 1168 1596 prioribus,
1192 1514 1348 1579 actionem

200 1615 274 1678 enim
296 1620 331 1680 et
350 1620 471 1679 statum
495 1614 589 1679 simul
611 1614 761 1679 continet.
807 1614 933 1687 Status,
957 1613 997 1677 de
1020 1628 1083 1691 quo
1105 1612 1156 1676 hic
1178 1610 1348 1691 loquimur,

200 1713 310 1792 pendet
330 1713 422 1792 quasi
447 1730 485 1776 ex
508 1714 633 1776 actione
656 1730 739 1793 quae
762 1729 834 1774 eum
858 1711 1006 1791 protulit,
1037 1712 1083 1775 ita
1105 1715 1226 1775 utnon
1248 1709 1352 1790 possit

202 1815 260 1879 sine
287 1815 343 1879 illa
364 1810 509 1890 cogitari.
557 1810 670 1890 ltaque
693 1809 772 1874 haec
795 1809 894 1878 actio,
924 1810 1050 1873 etiamsi
1078 1807 1167 1875 finita
1196 1817 1229 1875 et
1252 1810 1292 1874 ad
1316 1807 1351 1872 fi-

203 1929 264 1976 nem
286 1913 444 1994 perducta
466 1917 533 1982 est,
565 1913 670 1972 tamen
692 1924 820 1986 semper
842 1907 1015 1971 etiamnum
1039 1907 1071 1972 in
1095 1915 1196 1984 statu,
1228 1909 1283 1988 qui
1313 1927 1351 1972 cx

206 2027 237 2074 ea
264 2009 401 2091 prodiit,
422 2006 633 2071 animadverti
660 2012 767 2085 potest
794 2010 827 2069 et
852 2023 892 2069 ne
914 2024 996 2069 nunc
1019 2005 1148 2086 quidem
1174 2006 1269 2088 plane
1296 2007 1352 2070 de-

207 2107 250 2172 tiit
267 2108 330 2171 vim
354 2107 387 2171 in
409 2123 482 2171 enm
504 2105 633 2169 habere.
679 2103 750 2180 Qua
778 2103 819 2167 da
842 2119 939 2167 causa
960 2118 1168 2182 quaecunque
1198 2123 1250 2170 res
1279 2123 1351 2169 con·

208 2204 340 2286 iungitur
356 2221 428 2269 cum
445 2203 599 2276 subiecto,
622 2200 706 2281 quod
723 2200 788 2264 tale
808 2200 1029 2281 praedicatum
1044 2200 1151 2277 habet,
1176 2202 1350 2267 etiamnum

210 2307 304 2366 nanet
326 2302 497 2374 obiectum,
521 2300 552 2363 in
576 2298 663 2378 quad
685 2299 752 2363 sive
767 2299 871 2378 magis
895 2298 961 2362 sive
985 2299 1088 2362 minus
1111 2300 1281 2379 conspicua
1304 2319 1354 2362 ra-

215 2400 287 2464 tiane
309 2400 394 2466 actio
416 2398 590 2463 etiamnum
614 2407 726 2459 extans
748 2396 811 2459 vim
839 2396 937 2460 habet
960 2401 992 2459 et
1014 2396 1098 2476 quod
1121 2396 1241 2476 pendet
1263 2398 1355 2475 quasi

215 2513 243 2561 er
258 2498 319 2564 illa.
365 2496 428 2563 Sed
455 2497 516 2561 hoc
543 2495 702 2560 obiectum
732 2511 796 2559 non
826 2493 1067 2574 comprehendit
1096 2495 1186 2575 quasi
1215 2499 1249 2558 et
1271 2512 1355 2559 curn·

216 2593 350 2673 plectitur
372 2595 427 2659 illa
449 2595 542 2669 actio,
563 2592 830 2673 quemadmodum
851 2592 1011 2657 obiectum
1034 2593 1065 2657 in
1088 2593 1271 2658 accusativo
1298 2611 1355 2673 po·

217 2691 301 2770 situm,
322 2693 465 2773 alioquin
488 2691 572 2755 enim
595 2691 679 2756 actio
702 2709 737 2755 se
759 2690 935 2769 explicaret
957 2691 1140 2767 etiamnum,
1165 2691 1221 2755 scd
1243 2700 1356 2755 contra

219 2804 292 2867 quam
313 2791 393 2855 illud
415 2798 502 2855 extra
524 2792 667 2850 actionem
689 2808 720 2851 se
743 2794 937 2865 explicantem
960 2789 1100 2868 positum
1123 2795 1182 2864 est,
1206 2790 1354 2868 quoniam

219 2890 356 2953 taionem
380 2888 473 2967 quasi
494 2886 589 2967 plane
612 2886 802 2965 explicatam
826 2887 919 2950 etad
942 2883 1036 2950 finem
1053 2887 1243 2967 perductam
1269 2887 1356 2967 cogi·

218 2985 264 3048 lari
282 2985 474 3066 postulatur.
520 2985 584 3050 Ubi
606 2984 690 3048 actio
713 3002 752 3047 eo
775 3001 948 3064 progressa
976 2991 1040 3064 est,
1079 2986 1181 3066 tangit
1209 2984 1266 3050 illa
1286 2987 1356 3065 qui-

218 3076 272 3146 dem
293 3084 453 3148 obiectum
478 3087 572 3146 extra
593 3100 627 3146 se
650 3081 789 3161 positum
812 3098 910 3159 seque
930 3081 1094 3162 coniungit
1109 3101 1180 3146 curn
1197 3101 1247 3159 eo,
1272 3101 1356 3147 corn·

219 3175 294 3250 llecti
309 3188 415 3244 tamen
431 3179 510 3243 illud
525 3198 587 3243 nou
604 3183 719 3259 potest.
765 3178 922 3260 Tangitur
942 3178 1043 3258 igitur
1057 3180 1215 3244 obiectum
1231 3181 1356 3245 actione

219 3275 245 3338 td
264 3276 355 3343 finem
379 3279 543 3357 perducta,
566 3278 612 3341 ita
635 3283 671 3340 ut
690 3277 751 3339 vim
776 3276 807 3338 in
830 3276 908 3339 illud
924 3276 1049 3350 habeat,
1074 3276 1233 3342 diversam
1249 3284 1357 3341 tamen

219 3369 287 3441 illam
310 3377 351 3442 ab
374 3394 422 3451 ea,
445 3392 539 3454 quam
562 3375 594 3438 in
616 3374 796 3438 accusativo
820 3373 1096 3454 deprehendimus.

286 3474 336 3539 Ex
351 3472 455 3537 altera
469 3478 562 3552 parte
579 3470 770 3551 significatio
786 3477 889 3535 status
910 3472 942 3535 in
958 3471 1017 3537 hac
1039 3472 1136 3538 tertia
1152 3473 1241 3537 verbi
1256 3473 1358 3539 forma

217 3571 376 3648 tpectanda
399 3576 459 3635 est..
497 3569 589 3645 Quod
613 3570 640 3631 si
662 3567 839 3645 fecerimus,
863 3569 1035 3649 apparebit
1055 3569 1214 3636 obiectum
1238 3572 1357 3636 nullius

217 3664 280 3733 alins
303 3664 547 3749 significationis
569 3667 630 3731 nisi
653 3667 816 3745 passivae,
851 3685 934 3746 quae
961 3668 1018 3731 sit·
1033 3686 1070 3732 cx
1093 3668 1229 3734 adverso
1252 3673 1357 3750 positu

215 3778 304 3833 uerae
326 3772 361 3831 et
383 3765 547 3830 liberrime
575 3782 609 3829 se
632 3764 803 3845 explicanti
831 3766 965 3842 actioni,
1000 3766 1051 3830 hic
1081 3785 1142 3830 non
1172 3767 1233 3830 iam
1262 3786 1357 3847 posse

215 3865 342 3946 capam.
386 3863 487 3927 Immo
516 3863 627 3927 eadem
657 3862 696 3926 de
725 3880 837 3938 causa,
871 3880 954 3942 qnae
983 3865 1044 3928 iam
1073 3865 1105 3928 in
1135 3865 1237 3944 prima
1268 3867 1357 3931 verbi

214 3954 299 4028 ferma
320 3960 554 4028 consideranda
575 3960 709 4024 similem
733 3960 765 4023 in
788 3961 917 4025 modum
940 3960 1065 4040 prolata
1089 3968 1153 4037 est,
1183 3960 1220 4024 fit
1241 3970 1278 4026 ut
1301 3965 1356 4029 ob-

214 4054 313 4125 iectum
337 4062 415 4125 item
438 4058 501 4123 vim
523 4058 642 4123 habeat
664 4058 697 4122 in
718 4063 838 4122 statum
862 4058 1013 4134 subiecti,
1048 4060 1103 4138 qni
1130 4060 1228 4124 verbo
1251 4062 1357 4141 expri-

215 4157 305 4222 uitnr.
349 4161 497 4239 Apparet
520 4156 613 4232 enim,
637 4173 699 4235 quo
722 4156 825 4236 magis
848 4156 982 4219 actionis
1005 4157 1092 4220 notio
1116 4175 1153 4221 cx
1177 4159 1274 4223 verbo
1298 4161 1357 4224 tol·

216 4246 393 4323 taretin
415 4255 486 4320 eius
507 4255 612 4319 lacurn
640 4254 727 4318 notio
758 4253 863 4318 status
890 4254 1055 4329 succedat,
1091 4272 1128 4317 cc
1164 4259 1266 4338 magis
1295 4260 1356 4323 vim

218 4355 336 4420 clivam
358 4359 393 4420 et
415 4350 575 4418 efficacem
599 4351 830 4419 enunciationis
853 4352 885 4415 in
908 4350 1001 4415 aliam
1024 4351 1186 4418 notionem
1209 4358 1355 4439 transire,

1080 4455 1140 4517 19*
