3125 5075
199 375 263 433 224
579 365 668 405 CASUS
682 362 952 405 SUBBTAMTIVOBUM.
971 383 994 394 -
1011 363 1152 405 ΔΟΟῦθΛΤ.

199 539 228 603 si
255 538 335 602 adeo
364 537 411 602 illi
445 537 599 604 molestae
632 539 796 620 quippiam
826 541 903 602 sunt
935 537 996 602 hoe
1030 537 1169 618 nuptiae.
1217 535 1365 602 Handins

200 635 352 717 explieat:
376 646 466 699 maon
490 633 660 717 totrtlidp,
683 636 769 717 quod
790 634 1033 717 intelligendum
1055 635 1177 701 dietum
1193 651 1268 699 esse
1289 649 1362 715 pro:

200 746 291 797 meon
317 750 382 816 qut,
405 734 433 798 si
454 739 586 813 praeter
608 733 911 815 exspectationem.“
947 731 999 797 Sic
1021 732 1140 798 dieitur
1162 732 1263 797 etiam
1284 751 1362 794 aare

200 834 287 911 odeo,
310 830 342 894 b.
366 848 393 895 e.
416 830 469 891 sir
487 851 530 910 γε,
554 836 592 896 ιι
612 831 716 896 Plaut.
739 831 838 896 Mene.
862 830 904 908 II,
922 835 951 910 2,
968 835 1018 895 57.
1041 829 1149 895 Etiam
1170 830 1359 910 imperativo

201 929 264 992 vim
294 927 396 1006 addit,
427 932 465 990 nt
487 945 638 1009 graecum
659 930 709 1009 γε’,
737 929 810 993 vide
837 926 1024 993 Passerinm
1050 931 1085 992 et
1105 931 1253 993 nostrum
1282 924 1357 1005 bod.

202 1025 253 1090 Sic
276 1024 403 1089 Terent.
429 1024 526 1090 Andr.
549 1025 606 1106 IV,
628 1035 659 1106 4,
683 1031 738 1092 20:
762 1032 897 1103 Propera
917 1028 991 1088 odeo
1012 1046 1137 1104 puerum
1159 1028 1272 1088 tollere
1294 1029 1357 1087 bine

201 1126 238 1184 ab
262 1127 359 1185 ianua.
404 1123 442 1187 In
471 1125 654 1189 narratione
681 1125 823 1205 ponitur,
846 1124 900 1189 ubi
928 1123 1037 1203 alique
1063 1140 1204 1204 persona
1230 1121 1284 1187 rel
1310 1140 1355 1187 res

199 1220 272 1285 aliis
294 1239 334 1285 ex
356 1220 490 1286 adverso
513 1222 661 1303 opposita
681 1222 850 1303 insigniter
873 1226 924 1287 est
946 1220 1205 1301 demonstranda,
1227 1220 1284 1286 ubi
1305 1238 1353 1285 nos

202 1335 311 1383 vocem
334 1318 435 1399 magis
457 1318 652 1384 intendimus
679 1319 935 1401 pronunciando,
972 1318 1133 1384 interdum
1158 1316 1276 1400 iebodp,
1308 1318 1351 1380 bo·

205 1430 297 1496 qaqan
314 1432 513 1496 usurpamus.
536 1416 589 1483 Sic
603 1416 708 1482 Plani.
725 1416 839 1498 Amph.
855 1417 880 1496 I,
899 1422 928 1489 2,
944 1422 978 1482 6:
993 1422 1045 1481 ille
1058 1420 1131 1478 odeo
1141 1421 1226 1480 illum
1242 1418 1349 1478 mentiri

201 1517 261 1577 sibi
284 1517 395 1577 credet
417 1518 451 1578 et
478 1514 575 1579 Mero.
602 1515 643 1595 II,
668 1521 696 1593 1,
722 1519 776 1579 10:
805 1518 852 1576 Ea
873 1518 959 1578 simia
980 1518 1054 1577 odeo
1075 1525 1145 1592 post
1166 1516 1247 1576 bend
1270 1519 1349 1576 multo

200 1614 240 1674 ad
262 1632 308 1674 me
331 1616 421 1674 venit.
454 1646 492 1656 -
518 1612 614 1677 Stich.
638 1612 663 1692 I,
689 1618 716 1691 l,
742 1619 795 1676 ll:
818 1617 937 1675 crucior
958 1623 1074 1691 patrem
1097 1621 1179 1674 tunm
1203 1615 1348 1689 Menmqne

200 1712 335 1771 odeo-
360 1712 479 1786 inprobi
503 1714 567 1772 Viri
589 1714 686 1773 officio
710 1714 754 1773 uti
776 1709 904 1794 (ioque).
948 1710 1101 1775 Similiter
1123 1707 1238 1789 Amph.
1266 1707 1306 1784 ιι,
1327 1711 1348 1784 2,

200 1811 257 1871 46:
296 1810 449 1883 Quomque
472 1809 545 1868 odeo
567 1812 647 1871 eires
674 1810 808 1870 Thebani
835 1827 906 1870 vero
936 1808 1114 1870 rumiferant
1135 1810 1276 1885 probam,
1307 1804 1348 1868 ubi

205 1904 355 1984 exprimit
376 1902 418 1982 id,
441 1904 526 1983 quod
548 1906 818 1986 exspectationem
841 1911 984 1985 superat,
1006 1922 1102 1985 qnam
1124 1903 1186 1984 ipsi
1210 1902 1348 1985 Thebani,

203 2007 317 2081 utpote
349 2001 403 2082 qui
426 1999 506 2064 alias
528 2001 666 2067 libenter
693 2002 888 2067 maledicant
907 2001 1103 2079 hominibus,
1133 2001 1267 2081 probam
1294 2017 1348 2064 mn·

202 2099 311 2163 lienem
335 2097 452 2162 dieunt.
487 2098 567 2163 Rud.
591 2098 646 2177 IV,
669 2105 699 2176 4,
726 2105 799 2165 121:
824 2104 882 2176 Qui
904 2110 934 2162 bo
959 2102 988 2161 di
1011 2118 1113 2162 omnes
1136 2102 1281 2178 perdent,
1309 2098 1348 2175 qui

203 2197 291 2258 bodie
311 2217 356 2257 me
373 2200 467 2258 oeulis
483 2200 583 2260 vidisti
606 2202 675 2274 tuis,
699 2202 808 2275 Meque
831 2201 905 2260 adeo
920 2201 1080 2260 scelestum
1096 2197 1170 2269 (unt
1189 2192 1348 2268 obeabrair,

203 2293 233 2359 h.
258 2312 284 2358 e.
309 2294 393 2375 quod
416 2294 457 2358 ad
481 2300 590 2359 cetera
611 2295 708 2360 etiam
730 2296 876 2369 aceedit).
914 2294 1009 2360 Most
1037 2294 1096 2374 111,
1122 2301 1149 2374 l,
1177 2298 1254 2358 101:
1280 2294 1349 2356 Adeo

204 2396 294 2454 etiam
318 2393 423 2455 faenus
447 2394 592 2454 creditum
617 2399 732 2471 urgenti
759 2397 858 2457 audio.
902 2393 996 2458 Most.
1034 2392 1059 2472 1,
1083 2398 1112 2471 3,
1139 2396 1216 2457 123:
1254 2395 1349 2454 Vorm

201 2494 269 2553 illut
292 2509 359 2552 esse
381 2509 518 2553 maxuma
539 2492 612 2552 odeo
633 2511 704 2570 pars
727 2501 893 2556 rostrorum
916 2494 1067 2568 intelligit
1090 2489 1181 2555 Pers.
1197 2488 1258 2570 111,
1283 2496 1309 2569 l,
1327 2490 1348 2551 2.

201 2588 300 2653 Mero.
324 2606 353 2649 v.
377 2593 427 2652 26.
473 2606 501 2649 v.
525 2593 575 2653 60.
620 2588 717 2654 Stich.
753 2590 791 2668 V,
814 2598 845 2670 4,
870 2597 926 2656 15:
963 2594 1061 2666 Atque
1083 2590 1154 2651 odeo
1177 2597 1212 2650 ιιι
1230 2597 1264 2651 tn
1286 2592 1349 2650 seire

201 2691 315 2764 possis,
349 2697 438 2764 paeto
461 2705 517 2762 ego
540 2697 638 2748 tecum
660 2690 717 2749 boo
740 2691 849 2763 divido,
873 2686 957 2768 quod
981 2685 1126 2750 Handius
1149 2685 1302 2766 explicat:
1326 2703 1349 2745 oo

200 2787 323 2846 mosibo
345 2790 392 2862 ut,
420 2783 544 2863 melius,
566 2789 659 2863 puto,
683 2784 746 2849 huo
768 2783 940 2863 referetur,
968 2790 1005 2848 nt
1026 2786 1100 2844 odeo
1122 2783 1244 2849 habeat
1266 2781 1352 2865 signi·

201 2879 381 2945 ficationem
411 2880 602 2945 intensivum
633 2888 667 2945 et
694 2882 857 2962 pertineat
893 2882 935 2946 ad
966 2882 1147 2962 sequentia:
1185 2903 1214 2959 p.
1238 2902 1265 2945 e.
1288 2883 1352 2944 ab.

203 2980 311 3042 divido.
335 2977 432 3043 Merc.
456 2978 499 3058 Π,
522 2985 552 3058 3,
574 2983 628 3043 6οε
652 2999 748 3056 neque
772 2982 844 3041 adeo
866 2984 975 3058 pleeet
999 2978 1096 3045 Stich.
1120 2978 1158 3057 V,
1185 2984 1214 3058 2,
1241 2980 1355 3044 16:1bi

201 3086 303 3137 voster
325 3085 413 3137 cenat
436 3096 502 3138 oum
523 3096 615 3139 uxore
638 3079 712 3138 odeo
733 3087 764 3139 et
786 3081 930 3155 Antipho,
954 3079 1009 3142 ubi
1031 3079 1103 3140 odeo
1117 3076 1159 3141 ad
1173 3097 1270 3140 uxore
1291 3094 1355 3158 per·

201 3173 291 3236 tinet.
337 3170 406 3236 Cas.
424 3172 462 3252 V,
479 3180 509 3251 4,
526 3179 581 3238 23:
606 3178 638 3236 Si
661 3194 716 3252 ego
739 3195 868 3254 unquam
890 3178 963 3237 odeo
984 3179 1110 3252 posthae
1129 3179 1191 3236 tale
1215 3177 1355 3238 admisero

199 3269 246 3354 jo,
269 3283 358 3334 toruo
382 3269 423 3351 id)
447 3268 587 3354 iamuld
609 3269 757 3358 tinttiq
782 3280 842 3339 ete.
867 3273 959 3339 Cure.
975 3273 1013 3351 V,
1038 3278 1067 3352 3,
1091 3278 1146 3338 37:
1169 3275 1259 3334 Nono
1282 3275 1356 3347 odeo,

200 3377 235 3431 ut
256 3378 288 3430 tu
312 3372 389 3431 scire
412 3373 526 3445 possis,
550 3373 628 3447 leno,
651 3388 754 3432 meam·
771 3376 963 3451 sententiam,
990 3374 1102 3434 Libera
1122 3374 1199 3432 haee
1222 3379 1272 3433 est
1293 3374 1358 3445 ete,

205 3466 260 3530 ubi
283 3469 356 3527 odeo
377 3466 518 3545 pertinet
538 3466 579 3530 ad
602 3469 794 3533 sententiam
816 3468 951 3533 duorum
972 3485 1130 3546 versuum,
1153 3468 1208 3546 qui
1224 3484 1359 3547 sequun-

201 3570 264 3641 tnr,
298 3566 396 3624 libera
422 3565 498 3624 baec
528 3573 576 3626 est
605 3570 681 3630 ete:
715 3564 747 3650 jo
770 3565 870 3650 ittet,
893 3564 991 3630 boarit
1013 3568 1054 3629 bu
1076 3562 1174 3629 maine
1201 3559 1358 3647 Mainuoq

199 3657 306 3741 midaii
328 3658 409 3744 (iope
432 3657 472 3734 td>
496 3659 569 3739 bir):
598 3661 693 3744 biaiab
716 3660 868 3744 diiibdpeu
898 3661 934 3744 iit
958 3661 1023 3727 aine
1046 3661 1135 3743 {irate
1157 3669 1218 3728 ete.
1264 3662 1358 3726 Mero

201 3757 238 3833 V,
263 3764 292 3835 2,
319 3761 370 3820 18:
404 3762 508 3835 Neque
531 3763 604 3820 mihi
626 3765 688 3823 nlla
710 3767 838 3840 opsistet
860 3766 955 3825 amnis
985 3780 1041 3824 neo
1063 3780 1148 3824 mons
1170 3778 1269 3837 neque
1291 3761 1359 3820 odeo

200 3874 282 3917 mare
313 3854 356 3930 (h.
380 3873 406 3919 e.
429 3854 461 3939 jo
484 3854 548 3919 itin
572 3852 685 3935 Miser).
731 3857 823 3924 Cure.
859 3859 896 3937 V,
921 3865 950 3935 3,
974 3864 1010 3923 2:
1047 3863 1078 3921 id
1100 3861 1172 3920 odeo
1195 3877 1251 3934 ego
1275 3860 1359 3920 bodie

198 3962 343 4031 expertus
370 3975 448 4033 snm,
477 3954 531 4018 ubi
558 3957 630 4018 odeo
652 3955 693 4020 ad
716 3965 854 4032 expertus
874 3977 940 4019 sum
963 3959 1095 4036 spectat.
1124 3954 1292 4019 Sententia
1314 3957 1361 4018 est

202 4051 247 4124 (id
271 4069 334 4115 non
356 4049 449 4114 modo
472 4051 542 4116 dieo
563 4053 636 4129 itat:
666 4052 699 4117 id
720 4053 816 4118 hodie
838 4055 918 4119 adeo
941 4061 1078 4131 ceperim
1101 4071 1180 4118 snm.
1217 4051 1302 4116 Rnd.
1324 4050 1359 4128 V,

202 4152 231 4225 3,
254 4150 295 4211 62
318 4165 402 4229 sqq:
423 4157 620 4229 spectatores,
643 4170 695 4213 ros
718 4171 834 4228 qnoque
860 4155 899 4214 ad
920 4172 1024 4215 cenem
1047 4171 1159 4228 rocem,
1182 4154 1222 4212 Ni
1237 4152 1359 4212 daturne

200 4249 244 4307 nil
266 4249 330 4321 sim,
353 4250 428 4309 Nive
451 4248 523 4308 edm
545 4257 666 4310 vocatos
688 4251 809 4311 credam
832 4271 883 4313 vos
906 4268 973 4313 esse
997 4251 1035 4312 ad
1057 4269 1162 4311 cenam
1184 4250 1277 4311 roras.
1302 4244 1358 4310 Hie

200 4342 273 4402 adeo
298 4349 423 4422 spectat
450 4345 491 4409 ad
517 4346 602 4418 soree
622 4351 750 4410 aoratos:
792 4350 851 4410 Vos
877 4365 1003 4429 quoque
1031 4347 1073 4411 ad
1101 4364 1213 4412 cenem
1240 4361 1357 4421 vocem,
