3125 5075
198 356 262 417 208
596 341 789 385 cumcuim.
816 342 880 383 CAP.
895 341 951 382 ΧΠ.

198 540 339 600 Potentes
362 540 440 601 ditas
469 536 616 599 fortunati
647 538 776 603 nobiles,
804 535 880 595 uae
901 551 1040 595 massae
1062 550 1115 597 rea
1140 549 1241 609 mque
1264 531 1354 592 anina

199 654 296 712 aequa
318 654 443 699 noscere
467 640 604 713 Oportet.
635 628 853 697 Memorabilis
876 634 927 696 eat
948 629 1045 695 etiam
1069 627 1213 695 formula
1226 634 1355 704 κίρκοι

198 753 344 796 maaamc.
389 732 466 800 Hec·
488 732 515 805 Ι,
539 738 568 804 2,
590 735 648 798 4οε
677 732 822 805 Amabat,
849 733 885 791 ut
909 747 996 805 mom
1017 745 1167 798 maante,
1192 735 1256 790 tum
1278 729 1357 790 Pam·

200 833 318 909 philus,
346 830 387 896 ad
409 848 439 912 q.
463 829 485 894 l.
513 828 656 895 Ruhnk.:
689 825 882 908 „Sententia
904 832 969 892 est:
1000 824 1197 892 Bacchidem
1228 826 1275 890 lta
1296 829 1358 890 tum

200 928 329 994 amabat
351 933 388 992 ut
409 945 480 995 oum
503 928 639 992 maxime
662 943 732 991 eam
754 924 910 990 amarat.“
956 923 1060 989 hlaior
1081 923 1132 988 vis
1156 921 1292 990 additur
1312 939 1360 988 su·

200 1025 358 1106 perlativc
388 1026 487 1094 verbo
518 1030 706 1090 mamaeam.
755 1022 859 1087 Plaut
890 1022 1004 1103 Amph.
1027 1019 1070 1097 11,
1087 1024 1118 1101 2,
1140 1025 1223 1088 213:
1246 1025 1295 1085 lia
1309 1025 1361 1085 aa

201 1125 309 1202 edepol
331 1159 374 1170 -
395 1127 606 1188 examussimat
626 1130 755 1201 οριιιιιια.
801 1119 996 1203 Superlativi
1018 1119 1083 1185 ιὶιιι
1106 1118 1211 1185 habet
1228 1139 1291 1197 par
1311 1136 1363 1202 per

203 1222 465 1303 compositionem
487 1240 559 1287 cum
582 1220 720 1303 positivo
742 1219 896 1292 iunctum,
918 1222 956 1283 ut
977 1217 1049 1283 Ter.
1072 1217 1154 1283 Eun.
1179 1217 1244 1299 Ill,
1262 1221 1362 1294 215:

202 1321 387 1396 Papauara
408 1323 498 1384 credo
522 1323 673 1384 densant
696 1328 829 1383 nostrum
853 1320 972 1396 similia,
995 1316 1072 1381 item
1093 1334 1188 1392 oum
1209 1313 1364 1398 particula

203 1435 276 1482 cum
298 1419 445 1498 positivo,
468 1424 506 1482 ut
527 1419 624 1483 Andr.
641 1416 668 1497 Ι,
687 1423 714 1494 l,
732 1419 808 1482 109:
832 1418 953 1479 Reiecit
974 1434 1007 1478 aa
1030 1418 1061 1476 in
1082 1433 1150 1477 eum
1176 1416 1257 1478 flans
1280 1419 1364 1491 ρἰιαι

205 1519 411 1595 familiariter,
435 1515 490 1581 ubi
514 1514 656 1580 auena:
685 1518 803 1594 ,Quam
830 1520 881 1578 est
907 1513 1000 1578 valde
1028 1517 1062 1577 et
1091 1529 1192 1593 saepe
1223 1510 1365 1594 iungitur

206 1615 336 1695 positivi
358 1613 478 1696 gradus
501 1612 712 1679 nominihus.“

289 1716 317 1777 9.
365 1714 554 1787 Comparatio
582 1713 728 1787 raiatiaa,
756 1709 784 1776 ai
814 1727 868 1775 res
890 1707 1046 1791 quaedam
1077 1724 1149 1775 cunr
1173 1707 1250 1774 aliis
1273 1707 1365 1774 rebus

206 1810 348 1875 eiusdem
371 1808 536 1890 qualitatis
558 1812 772 1890 comparatur.
816 1806 881 1874 Res
903 1811 1089 1889 comparata
1103 1810 1180 1887 post
1204 1823 1365 1888 comparc-

206 1909 307 1972 tivum
330 1907 357 1972 si
380 1905 527 1985 additur,
553 1906 586 1970 in
608 1906 747 1972 ablativo
770 1904 902 1987 ponitur
924 1911 983 1969 aut
1011 1904 1289 1986 persolutionem
1312 1919 1365 1985 per

205 2024 296 2081 amm
318 2004 507 2085 particulam
523 2005 723 2087 exprimitur,
746 2003 853 2069 rarius
867 2021 926 2085 per
940 2010 1036 2079 atoue
1061 2001 1095 2068 Si
1111 2003 1299 2068 enunciatio
1313 2017 1366 2083 par

206 2122 297 2180 qaam
319 2120 472 2183 expressa
493 2103 612 2169 omisso
634 2102 732 2168 verbo
755 2119 828 2167 cum
849 2101 957 2182 priore
972 2100 1198 2166 enunciatione
1220 2101 1254 2164 in
1275 2116 1364 2165 unan

206 2201 417 2280 contrahitur,
440 2218 534 2266 casus
556 2200 686 2282 ponitur
709 2199 807 2265 verbo
823 2215 1013 2281 congruens,
1037 2204 1074 2264 ut
1088 2197 1223 2263 Terent
1240 2197 1363 2264 Phorm.

206 2298 262 2376 IV,
285 2305 322 2378 2,
348 2304 382 2363 1:
412 2304 477 2376 Ego
504 2301 652 2362 hominem
679 2299 863 2361 callidiorem
890 2300 950 2360 vidi
975 2301 1123 2360 neminem
1153 2300 1254 2377 Quom
1276 2297 1364 2358 Ror-

207 2402 342 2468 mioaera,
363 2425 407 2449 ==
428 2413 523 2477 quam
545 2395 695 2461 Phormio
718 2401 777 2461 est.

295 2496 399 2561 Plaut.
422 2493 608 2575 Mil.111,1‚
627 2499 680 2561 19:
703 2499 799 2572 mauis
821 2514 888 2559 esse
910 2497 948 2559 ad
971 2513 1035 2558 rem
1057 2494 1161 2558 atio&
1184 2514 1245 2558 non
1263 2501 1365 2573 pocae

211 2594 295 2661 Trin.
319 2595 368 2675 ΙΙ,
392 2600 428 2673 3,
453 2599 487 2657 6:
521 2595 633 2668 factius
662 2597 756 2657 nihilo
784 2595 874 2672 facit,
905 2594 947 2660 ad
969 2610 997 2673 q.
1020 2593 1040 2658 l.
1067 2592 1231 2658 Lindum:
1265 2592 1322 2673 ,h
1343 2609 1366 2656 e.

211 2694 309 2759 nihilo
331 2693 434 2774 magis
456 2691 575 2773 aliquid
599 2689 757 2771 effectum,
781 2698 927 2757 curatum
951 2692 1066 2757 reddit.
1099 2693 1226 2754 Pactius
1246 2688 1368 2767 dicitur,

211 2797 248 2858 ut
270 2794 401 2860 aucam,
424 2792 613 2865 ,armoire
643 2793 676 2854 et
702 2790 734 2854 id
762 2808 864 2872 genus
892 2791 965 2855 alia.
1018 2788 1203 2856 Gronovius
1232 2788 1274 2853 ad
1301 2788 1330 2851 h.
1349 2785 1368 2849 l.

213 2891 306 2954 haec:
344 2890 467 2950 laedae
500 2886 600 2968 igitur
627 2893 677 2951 est
696 2889 800 2970 magis
821 2887 958 2969 factum,
977 2876 1030 2952 'ut
1056 2884 1133 2952 alibi
1164 2889 1368 2962 wasemium

212 2986 291 3052 dicit
322 3003 381 3067 pro
413 2984 516 3066 magis
545 2984 709 3062 confosso,
744 2985 803 3050 hac
830 2987 899 3068 ipsa
924 2984 1034 3051 fabula
1059 2987 1251 3048 culusiano·
1277 2987 1370 3048 aolo-

212 3080 418 3161 lapaeatiam.“
463 3081 578 3147 Bacch.
610 3081 674 3160 111,
699 3090 734 3164 2,
761 3089 814 3148 1οε
850 3089 925 3147 Nam
954 3088 1005 3163 pol
1032 3103 1098 3146 mee
1127 3084 1250 3160 quidem
1278 3086 1370 3146 animo

211 3187 331 3259 inorata
354 3184 471 3244 saraim
493 3185 566 3243 nihil
589 3185 771 3258 inpensiore,
800 3181 840 3247 de
863 3200 926 3263 quo
948 3180 1020 3247 loco
1033 3172 1172 3246 ¹Reatina
1205 3183 1369 3247 comment

213 3281 316 3346 Plaut.
345 3299 375 3362 p.
402 3285 480 3344 114:
509 3272 716 3358 „sententiat
749 3280 909 3361 ingratum
940 3278 1099 3343 hominem
1133 3296 1208 3343 esse
1238 3278 1369 3344 maxima

213 3381 358 3459 impensa
381 3384 444 3456 cst,
468 3374 714 3441 Uubuuibutfeit
735 3375 771 3455 iu
794 3381 845 3442 oet
868 3374 974 3462 pedite
997 3374 1168 3457 huiusce.
1200 3380 1368 3453 Impressas

215 3476 308 3555 enirn,
332 3475 419 3556 quod
440 3476 523 3540 idem
547 3478 644 3555 etque
666 3479 803 3554 imperita
824 3474 999 3558 significat,
1022 3476 1055 3539 in
1078 3476 1301 3556 comparativo
1322 3491 1371 3556 po

216 3573 323 3652 situm,
347 3590 442 3655 quam
464 3571 575 3637 multis
597 3572 669 3640 aliis
690 3574 870 3657 participiis
892 3574 1029 3656 passivis
1060 3572 1278 3639 vetustissimi
1300 3572 1370 3639 scri·

215 3677 326 3752 ptores
349 3689 445 3753 saepe
468 3671 663 3753 tribuerunt,
685 3671 769 3739 idem
793 3671 879 3738 valet
900 3690 937 3737 ao
959 3674 1057 3733 maior
1078 3672 1246 3747 impensa.“
1281 3670 1371 3736 Poen

215 3768 254 3848 V,
276 3775 307 3849 2,
330 3775 384 3834 31:
408 3773 465 3832 Est
487 3774 586 3833 nullus
608 3789 654 3832 me
675 3773 764 3834 hodie
788 3774 905 3834 Poenus
928 3772 1052 3832 Parcior.
1086 3770 1144 3846 (sic
1168 3776 1259 3836 recte
1282 3768 1373 3836 verba

216 3865 353 3932 collocat
373 3865 519 3944 Bothius,
543 3884 607 3948 quo
628 3873 780 3934 accentus
796 3867 911 3934 melius
927 3885 997 3933 cum
1014 3886 1147 3933 numero
1171 3868 1372 3934 consociatur

215 3982 310 4045 quam
332 3965 364 4028 ln
387 3964 497 4030 ordine
520 3967 666 4047 vulgato:
689 3965 806 4032 Nullus
828 3984 880 4031 me
909 3970 959 4031 est
980 3965 1075 4031 hodie
1097 3965 1226 4031 Poenus
1250 3964 1372 4041 Punior,

216 4081 243 4126 v.
260 4061 394 4127 Bitschl.
416 4063 591 4146 prolegom.
614 4064 647 4130 in
669 4063 754 4130 Tria
777 4083 808 4146 ρ.
832 4063 918 4146 221).
963 4061 1055 4130 Cure.
1079 4062 1128 4131 11.
1152 4069 1186 4145 2,
1211 4070 1250 4129 6:
1278 4065 1370 4126 aeia

215 4178 390 4235 remquam
418 4180 473 4239 ago
504 4182 567 4225 snm
594 4182 729 4241 suppono
752 4168 817 4229 tihi.
861 4163 944 4228 Rud.
968 4160 1024 4241 sil,
1047 4169 1084 4242 4,
1107 4167 1165 4229 7οτ
1195 4167 1244 4227 Εο
1267 4169 1370 4233 tacent,

216 4262 286 4335 quia
315 4263 438 4322 tacitast
466 4260 595 4339 [meua]
622 4266 729 4325 mulier
767 4282 887 4340 semper
913 4280 1002 4336 quam
1029 4264 1164 4340 loquens.
1211 4256 1367 4331 Sticho,

217 4359 246 4432 2,
281 4361 333 4420 lo:
364 4361 463 4421 Nimio
491 4362 617 4437 adporto
644 4364 737 4423 multo
769 4370 854 4423 tauto
875 4364 948 4436 plus
972 4378 1061 4436 quom
1092 4380 1212 4438 speras,
1241 4360 1281 4425 ad
1302 4376 1328 4438 q.
1350 4355 1365 4418 l·
