3125 5075
478 410 517 448 DE
532 411 661 450 NOTIONE
676 411 771 452 vuum.
785 434 811 443 -
824 412 971 453 tutiusne.
1260 415 1300 479 21

183 598 263 659 tutor
286 600 342 659 aim
364 602 428 660 eins
449 601 629 663 iracundiae.
675 600 776 666 Simili
806 601 900 668 modo
923 602 1117 668 dictumest
1139 599 1236 665 etiam
1257 597 1304 665 ib.

183 697 214 772 2,
230 699 268 759 4:
291 714 379 771 quem
400 716 496 774 neque
518 701 611 774 pudet
628 702 792 778 Quicquam
816 720 872 763 nee
892 703 999 763 metuit
1013 716 1187 777 quemquam
1204 715 1303 775 nequa

183 810 241 868 ram
264 801 353 869 putat
375 796 491 856 Tenere
514 815 546 857 se
570 800 669 859 ullam.

215 891 259 952 ,q
306 894 438 967 Euipscc
459 893 586 973 cerbi.²)
628 894 769 958 Primum
794 893 924 960 Catonis
945 894 1030 959 liber
1051 893 1091 958 de
1113 911 1149 958 re
1172 890 1303 971 rustica,

183 991 282 1054 aest
304 987 394 1053 brevi
423 994 457 1055 et
483 991 621 1071 abrupto
653 992 779 1057 dicendi
810 1009 930 1074 genere
953 992 1162 1072 conscriptus,
1183 988 1303 1070 multas

183 1084 290 1150 utinet
317 1085 497 1168 singulares
528 1093 561 1153 et
590 1090 708 1169 partim
732 1095 918 1155 constantes
941 1089 1081 1171 ellipses,
1104 1106 1187 1169 quae
1210 1105 1304 1168 sepa·

183 1182 242 1246 tim
275 1185 469 1263 spectandae
501 1191 584 1251 sunt.
640 1186 692 1252 Sic
728 1187 848 1268 legitur
882 1187 973 1252 initio
1007 1186 1122 1269 capitis
1159 1190 1212 1250 12:
1269 1188 1305 1247 In

183 1284 341 1344 mulamum
364 1303 440 1361 qnae
464 1304 537 1361 opus
560 1294 638 1361 sunt,
662 1284 772 1349 itidem
789 1304 814 1351 c.
834 1291 872 1351 13
888 1287 1036 1351 ineunte:
1058 1289 1092 1347 In
1109 1288 1306 1348 torcularium

208 1397 265 1442 nau
299 1383 379 1457 quod
411 1400 486 1458 opus
516 1391 571 1459 est
605 1399 687 1461 quae
715 1390 790 1448 suut
817 1385 909 1466 quasi
938 1382 1161 1463 inscriptiones
1190 1382 1306 1447 horum

183 1477 300 1557 mitum,
326 1478 373 1543 ita
397 1485 435 1542 ut
462 1486 566 1544 mente
588 1480 707 1545 addere
729 1481 848 1562 possis:
876 1492 1088 1546 enumerantur
1110 1479 1160 1545 vel
1184 1499 1303 1543 enume-

183 1583 241 1639 tur.
284 1575 409 1640 Deinde
436 1578 477 1642 ab
500 1578 589 1644 initio
612 1596 679 1659 cap.
701 1586 722 1644 4
749 1584 878 1652 (Bubilia
899 1584 987 1656 bonu,
1014 1583 1108 1643 bonas
1137 1582 1304 1656 praesepis,

183 1675 270 1738 isera
299 1678 465 1750 duratas),
497 1676 574 1740 itum
602 1677 642 1741 ab
673 1673 763 1742 initio
795 1697 821 1744 c.
849 1685 882 1743 ll
917 1683 951 1743 et
975 1682 1014 1744 13
1045 1677 1188 1757 (Urceum
1212 1678 1303 1751 cett.)

183 1777 253 1836 ente
287 1772 360 1836 nudi
394 1781 540 1853 possunt:
576 1777 634 1851 tte)
663 1779 774 1839 habere
802 1786 931 1854 oportet.
976 1773 1010 1840 G.
1041 1779 1118 1841 137:
1163 1777 1306 1853 Poenum,

183 1867 269 1934 ibent
298 1869 349 1933 vei
377 1872 483 1952 capiat
510 1874 742 1952 iuterpretatur
764 1875 938 1954 Gesnerus‚
968 1878 1002 1939 et
1023 1873 1126 1939 bobus
1149 1872 1225 1936 suis.
1271 1869 1305 1935 0.

183 1976 204 2028 t:
229 1977 330 2029 tracta
351 1987 388 2031 er
411 1990 508 2046 casco,
525 1970 581 2034 int.
605 1972 724 2049 ponito.
772 1972 805 2037 O.
827 1975 933 2052 135,ss
955 1989 1020 2037 aaa.
1066 1975 1212 2049 trapetas
1228 1974 1307 2032 latos

185 2065 278 2127 inber
301 2070 334 2129 et
347 2068 440 2130 iactet
456 2068 596 2148 pendere
612 2074 722 2134 censet
736 2069 927 2135 Pontedera.
972 2070 1006 2135 Ο.
1025 2073 1101 2134 150:
1124 2072 1154 2129 in
1175 2069 1307 2130 tructam

183 2209 189 2225 .
212 2163 349 2242 accedit,
372 2166 431 2229 nisi
454 2168 585 2230 verbum
610 2165 669 2229 hoa
692 2167 817 2231 excidit.
862 2167 957 2248 Apud
972 2166 1121 2232 Plautum
1142 2170 1251 2230 autem
1274 2167 1308 2229 et

183 2261 349 2339 urentium,
384 2270 494 2344 utpote
530 2281 663 2342 quorum
699 2265 881 2329 comoediae
902 2271 1072 2329 versentur
1100 2263 1138 2340 in,
1161 2278 1307 2328 sermone

183 2358 311 2436 miliari,
340 2377 403 2425 non
434 2370 484 2426 est
510 2361 687 2426 ornandum
715 2363 870 2443 plurimas
899 2361 1034 2427 inveniri
1058 2361 1196 2442 ellipses,
1226 2375 1308 2441 quas

183 2463 211 2521 rt
232 2475 339 2522 sermo
361 2458 524 2524 familiaris
547 2460 697 2541 vitaeque
724 2462 898 2526 communis
927 2465 960 2525 et
989 2460 1193 2540 quotidianae
1216 2475 1303 2522 usus.

183 2563 280 2620 erent.
305 2558 393 2621 Andr
425 2559 480 2636 IV,
498 2567 526 2638 ὁ,
543 2566 577 2626 9:
602 2563 679 2635 Quid
702 2562 775 2622 ros?
799 2581 856 2638 quo
878 2570 968 2638 pacto
990 2559 1059 2624 hic?
1082 2563 1178 2622 satine
1201 2556 1306 2620 recte?

183 2704 192 2720 .
215 2656 325 2735 agitis,
348 2657 401 2720 ubi
425 2657 682 2721 westerhovius:
718 2657 890 2736 „Formula
912 2666 961 2723 est
984 2659 1023 2723 de
1046 2657 1150 2723 salute
1173 2653 1307 2720 alterius

183 2755 364 2835 guntiumf‘
408 2755 591 2835 Respondet
619 2755 732 2836 Mysis:
778 2759 903 2820 Nosne?
930 2762 973 2820 sic
996 2759 1038 2820 ut
1059 2762 1185 2835 quimus,
1214 2760 1307 2830 aiunt,

183 2854 270 2915 undo
292 2865 325 2913 nt
347 2859 479 2917 volumus
502 2875 560 2916 nou
583 2858 663 2915 lieet.
707 2872 735 2916 v.
764 2860 815 2918 ll:
861 2860 937 2931 Quid
961 2857 1151 2933 Glycerium?
1179 2860 1237 2916 iam
1259 2855 1308 2914 hic

184 2972 220 3015 os
244 2957 380 3029 parentis
394 2954 550 3029 repperit?
593 2950 743 3029 Inprimis
762 2950 913 3032 frequens
928 2959 979 3018 est
993 2954 1123 3018 omissio
1138 2953 1310 3018 verborum

183 3050 275 3116 tendi
299 3058 332 3114 et
354 3049 521 3115 sentiendi.
567 3049 618 3113 Sic
640 3049 743 3113 Plaut.
766 3048 863 3114 Poen.
888 3051 925 3129 V,
943 3055 972 3122 2,
991 3054 1065 3116 101:
1088 3054 1142 3115 sed
1164 3056 1249 3113 mitto
1272 3053 1309 3111 de

183 3168 213 3229 ο,
248 3151 304 3224 (sc.
339 3147 461 3226 dicere)
496 3158 526 3210 et
559 3151 597 3210 ad
632 3158 661 3210 te
696 3152 796 3211 redeo.
843 3148 880 3228 V,
910 3153 940 3228 2,
970 3155 1024 3214 12:
1070 3152 1147 3224 Quid
1177 3160 1209 3211 tn
1237 3151 1310 3209 mihi

183 3249 264 3310 nis?
307 3265 350 3313 st.
388 3246 477 3310 dicis.
523 3245 605 3310 Men.
640 3246 695 3326 lv,
729 3251 758 3324 3,
794 3251 848 3310 22:
892 3251 989 3310 Nimis
1026 3249 1169 3311 iracunde
1206 3249 1309 3309 hercle

183 3347 283 3421 adem,
311 3364 354 3411 sa
382 3344 489 3409 locuta
516 3362 560 3408 es.
605 3344 733 3409 Terent
757 3344 855 3407 Andr.
878 3345 903 3427 1,
930 3351 957 3425 l,
981 3350 1015 3410 2:
1046 3349 1150 3424 paucis
1178 3355 1208 3407 te
1232 3350 1310 3423 volo,

183 3449 333 3525 ..alioqui
356 3443 421 3508 sive
444 3460 506 3507 see.
531 3444 692 3507 Donatum
715 3445 853 3520 colloqui.
900 3442 941 3525 ΙΙ,
968 3449 996 3522 2,
1019 3448 1052 3509 8:
1075 3463 1127 3506 ros
1150 3446 1226 3507 volo.
1271 3441 1310 3521 V,

212 3531 249 3607 1?
295 3545 368 3618 qus
403 3561 448 3603 me
482 3543 566 3602 voa?
610 3540 689 3604 uun.
717 3540 777 3618 111,
805 3547 832 3620 1,
855 3547 911 3606 41:
957 3546 1035 3619 unu
1068 3545 1130 3617 irre,
1164 3542 1310 3619 quasue,

183 3666 193 3705 t
227 3639 455 3720 respondebat.
508 3637 611 3704 Plaut.
645 3639 740 3704 Poen.
772 3639 828 3719 IV,
856 3645 885 3720 2,
914 3645 950 3704 8:
986 3644 1016 3702 di
1049 3649 1178 3703 vostram
1212 3642 1310 3718 fidem,

183 3738 368 3818 timploro,
391 3739 469 3802 item
492 3737 530 3815 V,
556 3743 583 3816 1,
608 3742 657 3802 20.
702 3737 847 3816 Truc.1,
873 3743 964 3818 l,8.1
1000 3738 1128 3803 Terent.
1152 3738 1231 3803 Eun.
1252 3736 1313 3817 ΙΙΙ,

202 3842 254 3903 28.
289 3870 335 3881 -
368 3836 464 3901 Andr.
488 3835 514 3913 I,
540 3840 567 3915 l,
591 3841 649 3900 55:
694 3840 822 3915 Egomet
846 3842 988 3901 contiuuo
1010 3857 1135 3915 mecum,
1159 3855 1201 3902 sc.
1227 3835 1315 3918 cogi·

224 4174 246 4240 ἵ)
267 4174 370 4231 Verum
395 4175 582 4246 pleonasmum
606 4174 681 4229 veriti
706 4173 751 4227 rix
771 4191 885 4244 usquam
904 4176 1036 4245 reperias,
1062 4191 1123 4229 nam
1141 4173 1231 4228 Pluut.
1250 4173 1315 4228 Aul.

185 4253 198 4330 ‚'
217 4262 250 4328 2,
274 4262 311 4321 42,
342 4262 426 4316 Nune
450 4259 558 4313 mum
577 4273 735 4326 properare
753 4273 889 4325 propero,
914 4258 997 4313 Poen.
1023 4259 1051 4327 1,
1074 4264 1100 4327 3,
1124 4260 1172 4334 24:
1210 4257 1315 4327 Perpiu

183 4359 269 4415 merc,
293 4343 372 4415 Gupt.
395 4343 431 4411 11,
457 4345 480 4409 1,
503 4346 551 4397 51:
575 4343 727 4395 meminisse
750 4347 781 4395 at
803 4344 973 4409 menineris,
1000 4340 1102 4397 comico
1125 4356 1200 4396 more
1223 4338 1317 4395 efficta

183 4436 228 4484 tut.
