3125 5075
202 365 261 423 186
652 354 809 396 susanam.
824 355 888 395 ΟΔΡ.
902 354 943 396 111.

283 529 355 594 Non
377 544 451 593 raro
473 534 643 607 utrumque
665 545 768 609 genus
790 526 964 593 accusativi
995 526 1069 605 poni
1091 533 1216 608 potest,
1251 534 1309 593 aut

199 630 265 707 via,
294 642 377 706 quae
400 623 606 690 directionem
627 624 808 705 constituit,
841 625 952 690 eadem
976 629 1028 687 est
1049 641 1121 689 cunr
1144 625 1196 691 via
1218 626 1325 691 action

200 724 311 805 ipsius,
333 722 389 788 ubi
410 721 478 786 iere
499 720 587 784 nulla
608 721 789 787 differentia
809 723 918 789 existit
940 719 1192 803 significationis,
1216 722 1325 787 utsii

200 824 283 888 citur
298 841 356 898 per
378 826 467 882 atum
488 825 599 880 nocato
620 822 747 895 adedere
769 820 821 884 vel
843 826 934 882 wtcm
954 824 1066 881 noctem
1093 822 1165 896 ov'p„
1200 828 1261 884 aut
1288 820 1325 885 ali

200 920 239 984 de
262 918 377 999 causis,
401 922 436 981 ut
458 916 487 982 si
507 918 713 998 praepositio,
734 935 817 998 quae
839 915 1026 983 directionis
1049 934 1151 997 genus
1173 918 1325 984 monteri

200 1018 360 1099 designat,
390 1031 462 1078 cum
489 1012 588 1080 verbo
618 1014 688 1094 ipsc
712 1015 929 1096 coniungitur,
968 1032 1031 1095 quo
1060 1014 1093 1079 in
1122 1033 1244 1096 genere
1265 1035 1325 1083 mov

198 1117 274 1181 item
297 1111 385 1178 nulla
404 1119 455 1176 est
476 1109 657 1176 differentia
679 1112 919 1194 significationis
943 1115 992 1189 (nt
1010 1113 1039 1178 si
1057 1111 1175 1177 dicitur
1195 1116 1237 1174 ad
1256 1117 1325 1177 arbo

199 1215 340 1275 edoctam
353 1209 404 1275 vel
419 1215 520 1271 rostro
534 1210 695 1286 advolore),
717 1210 813 1277 modo
836 1216 887 1276 est
908 1208 1097 1291 differentia,
1120 1219 1158 1275 nt
1172 1212 1260 1276 inter
1275 1214 1325 1274 adl

199 1312 239 1372 ad
260 1312 390 1386 dmm
416 1315 450 1372 et
472 1308 557 1368 adire
578 1308 722 1381 aliquem,
754 1313 812 1373 aut
838 1325 937 1371 unum
959 1326 1061 1391 genus
1090 1310 1267 1374 accusativi
1291 1329 1322 1375 m

199 1411 289 1473 tatur
310 1406 341 1470 in
364 1406 517 1484 alterum,
552 1404 744 1485 praesertim
767 1405 821 1471 ubi
849 1423 909 1487 pro
931 1404 1034 1471 lorma
1055 1406 1163 1486 verbi,
1203 1425 1268 1488 quo
1292 1426 1325 1473 ao

198 1504 328 1587 proprie
349 1519 542 1585 progressus
562 1498 734 1583 significari
757 1507 867 1584 potest
885 1503 1032 1584 actionis,
1054 1503 1119 1568 alia
1140 1506 1285 1586 ponitur,
1309 1525 1325 1570 u

200 1623 267 1666 emo
281 1609 414 1679 patrem,
442 1599 512 1666 sed:
543 1617 627 1661 amor
647 1618 730 1664 meuc
748 1604 782 1663 io
797 1608 930 1678 mecm,
953 1600 1038 1681 qnod
1059 1618 1118 1682 pro
1139 1602 1283 1682 genitivo
1306 1621 1325 1668 o

200 1702 276 1767 iecti
297 1700 437 1781 positum
460 1703 519 1763 est.

285 1796 477 1873 Discrimen,
507 1794 592 1873 quod
621 1801 718 1860 antea
743 1794 875 1862 fecimus
897 1796 983 1861 inter
1010 1798 1207 1876 receptivam
1230 1806 1265 1863 et
1288 1818 1325 1879 pr

203 1897 363 1962 ductivam
387 1893 555 1970 actionem,
575 1894 705 1973 proprie
721 1902 846 1959 tantum
869 1895 901 1958 in
920 1897 1100 1960 accusativo
1122 1898 1325 1976 progressior

204 1996 356 2073 apparet,
395 1990 544 2069 quoniam
570 1989 603 2053 in
629 1990 700 2071 ipso
727 1992 816 2056 initio
848 1992 983 2057 actionis
1009 1993 1075 2058 tale
1108 1992 1284 2058 discrimen
1313 2013 1325 2058 v

201 2089 403 2170 conspicitur,
426 2088 484 2152 sed
505 2091 572 2150 tum
593 2084 731 2169 demum,
754 2107 825 2154 cum
846 2090 929 2154 actio
954 2089 1090 2170 amplius
1106 2093 1265 2171 procedit.
1298 2091 1325 2158 0

201 2188 317 2253 iectnm
341 2186 425 2251 enim
449 2184 634 2250 directionis
656 2183 725 2250 lere
748 2195 800 2252 est
822 2187 1027 2267 receptivum.

288 2284 423 2350 Diversa
445 2299 564 2364 genera
584 2284 758 2349 accusativi
780 2283 954 2349 secundum
970 2286 1114 2351 diversas
1129 2286 1274 2350 rationes
1290 2305 1325 2352 co

202 2382 365 2449 stituenda
377 2389 461 2459 sunt,
484 2379 601 2460 quibus
615 2382 773 2445 actionem
785 2400 820 2445 se
832 2382 991 2461 explicare
1008 2385 1141 2465 cogitari
1153 2391 1273 2463 potest.
1298 2385 1325 2450 Η

201 2481 344 2547 rationes
366 2479 448 2544 duae
471 2483 547 2544 sunt
568 2477 777 2559 potissimum.
811 2478 848 2543 ln
870 2482 979 2560 priore
1001 2483 1158 2549 actionem
1179 2482 1228 2546 ita
1253 2500 1291 2548 se
1315 2501 1325 2548 t

201 2580 320 2660 plicare
343 2577 518 2658 cogitatur,
541 2580 579 2640 ut
600 2580 714 2654 status,
738 2579 793 2658 qui
819 2579 909 2644 initio
931 2578 1007 2659 luit,
1037 2579 1202 2644 voluntate
1225 2581 1325 2645 subio

202 2695 328 2758 semper
349 2683 523 2739 renovetur
545 2680 579 2737 et
600 2679 780 2755 repetatur,
814 2692 876 2755 quo
903 2674 939 2741 fit
961 2684 998 2741 nt
1019 2684 1176 2758 augeatur
1208 2679 1311 2743 etiarn

202 2781 334 2854 crescat,
354 2777 496 2836 mutetur
512 2788 590 2850 ergo
612 2771 737 2836 ratione
758 2773 870 2840 habita
884 2775 1082 2855 quantitatis.
1117 2775 1207 2839 Haec
1228 2781 1323 2840 muta

200 2879 310 2938 autem
334 2872 449 2935 iterum
477 2866 594 2949 duplex
617 2885 689 2932 esse
710 2875 833 2950 potest,
862 2877 919 2936 aut
940 2876 1090 2935 extensae
1119 2879 1176 2937 aut
1197 2875 1325 2936 adema

203 2976 277 3033 utra
299 2967 356 3046 sit,
378 2966 497 3048 pendet
519 2982 558 3029 ex
580 2970 695 3030 natura
717 2969 851 3033 actionis
871 2978 905 3035 et
924 2988 962 3035 ea
981 2972 1118 3046 ratione,
1148 2987 1213 3049 qua
1238 2987 1325 3050 spect

201 3072 265 3132 tur.
310 3063 491 3144 Utrobique
507 3068 615 3125 antem
634 3064 733 3129 oculis
748 3069 867 3132 nostris
883 3065 1017 3132 offertur
1038 3068 1160 3147 species
1174 3075 1325 3143 quarrata

204 3165 298 3229 etita
313 3164 451 3245 quidem,
475 3166 520 3239 ut,
543 3161 570 3224 si
585 3161 669 3226 actio
685 3165 849 3228 extensive
864 3165 990 3230 ratione
1007 3165 1192 3245 explicetur,
1217 3168 1325 3233 notior

201 3261 262 3329 loci
285 3270 318 3327 et
340 3261 494 3343 temporis
518 3266 704 3341 appareant,
727 3261 777 3326 sin
797 3269 906 3328 autem
926 3264 1083 3328 intensiva
1104 3263 1241 3343 ratione,
1266 3283 1325 3346 qut

200 3361 326 3426 titatem
348 3359 543 3439 interiorem,
568 3360 703 3440 gradum
719 3366 910 3441 spectemus.
934 3361 1046 3425 Altera
1064 3361 1157 3439 ratio,
1182 3377 1248 3440 qua
1264 3373 1325 3428 act

203 3476 274 3523 nem
297 3477 332 3522 se
356 3457 516 3539 explicare
539 3457 674 3538 cogitari
696 3463 813 3537 potest,
838 3476 876 3523 ea
892 3467 951 3537 est,
972 3474 1035 3537 qua
1054 3459 1188 3522 interior
1209 3462 1324 3540 qnasi*

203 3563 237 3621 et
258 3563 375 3621 natura
397 3554 535 3621 actionis
556 3555 590 3618 in
610 3556 749 3620 medium
772 3554 963 3638 proferatur.
1009 3555 1102 3632 Quod
1124 3557 1179 3621 ubi
1202 3555 1253 3636 lit,
1279 3575 1325 3624 act

202 3661 261 3718 aut
282 3672 317 3719 se
340 3655 443 3734 ipsam
467 3652 628 3717 obiectum
651 3652 769 3720 habere
791 3661 914 3737 potest,
950 3661 986 3717 ut
1007 3652 1048 3716 ad
1071 3655 1233 3734 seipsam
1258 3675 1325 3723 sucu

204 3768 266 3832 que
288 3752 473 3817 interiorem
498 3760 646 3818 naturam
676 3770 711 3818 se
735 3761 911 3826 convertat,
923 3768 1056 3832 eamque
1078 3752 1125 3814 ita
1146 3752 1303 3834 explicet,

201 3848 305 3914 forma
329 3848 522 3914 substantivi
545 3850 596 3915 vel
619 3852 752 3916 nominis
776 3854 865 3916 certe
887 3857 1057 3930 appareat,
1092 3854 1150 3914 aut
1177 3851 1243 3915 vim
1274 3870 1325 3918 sur

200 3947 246 4011 ita
268 3946 415 4028 explicat,
439 3954 476 4011 ut
496 3947 644 4013 adalind
664 3949 835 4027 obiectum,
859 3948 945 4028 qnod
960 3948 1021 4013 sibi
1040 3948 1112 4027 ipsa
1126 3947 1243 4029 deligit
1262 3968 1325 4031 qus

201 4062 236 4109 se
259 4049 434 4124 convertat,
458 4045 491 4109 in
513 4062 576 4125 quo
594 4047 658 4112 vim
673 4063 765 4112 suam
781 4051 939 4125 exerceat,
964 4063 1027 4127 quo
1051 4046 1128 4111 item
1150 4064 1228 4112 vera
1248 4058 1325 4114 natu

199 4143 335 4208 actionis
363 4143 534 4224 perspicua
561 4141 605 4209 lit
655 4144 724 4210 Hoc
755 4145 914 4210 obiectum
951 4162 971 4207 a
1000 4145 1218 4225 grammaticis
1246 4147 1325 4214 dicit

194 4244 367 4313 posnam
396 4241 481 4307 actio
499 4241 575 4322 ipsa
594 4249 702 4307 antem
724 4246 893 4306 dommac.
939 4242 1046 4308 Facile
1072 4251 1223 4324 apparet,
1251 4244 1287 4310 in
1317 4245 1325 4310 l

202 4336 328 4403 duobus
354 4340 525 4419 generibus
556 4340 714 4405 actionem
741 4358 805 4405 non
835 4342 897 4407 iam
930 4342 1104 4406 secundum
1134 4343 1325 4421 quantitate
