3125 5075
510 502 603 542 ΟΔὸῦῧ
617 503 886 546 ΒΙΙΒΒΤΔΙΙΤΝΟΒΠΙ.
901 527 926 535 -
939 506 1043 547 Anbar.
1292 521 1353 579 119

203 674 282 732 sidtu
302 675 408 736 m
429 679 511 739 mali
556 675 654 742 Mero.
678 695 707 741 v.
724 681 803 742 806:
825 683 982 757 Multoque
1004 682 1161 755 iniquiore.
1206 679 1292 744 Trin.
1310 680 1354 758 H,

149 841 151 846 Ι
200 776 225 844 A,
245 772 322 833 128:
357 772 504 835 immenti
531 794 619 852 quom
643 778 714 837 alibi
734 781 841 839 messis
864 786 1038 852 muumaat,
1062 780 1173 839 Tribus
1196 781 1287 839 motis
1309 782 1357 842 illi

200 868 290 930 airus
312 870 398 931 redit
419 889 508 947 quam
532 876 684 948 opseveris
707 873 741 951 (3
761 874 828 936 mul
847 872 1007 957 menigrr).
1053 873 1125 937 Aul.
1148 873 1229 954 prol.
1254 893 1283 939 v.
1303 879 1355 939 18:

199 969 232 1025 n
252 967 309 1026 ille
328 970 523 1030 veronense
542 972 699 1045 mimasque
725 973 874 1046 imperatio
895 975 1019 1034 Curare.
1063 970 1178 1035 Pseud.
1203 990 1231 1035 v.
1258 976 1354 1037 1318:

201 1081 259 1123 sn
278 1064 355 1124 hinc
379 1084 540 1142 numquam
564 1070 624 1129 eris
645 1087 764 1129 nummo
787 1072 917 1130 divitior.
940 1068 1035 1132 Most.
1058 1066 1117 1146 111,
1144 1073 1171 1148 l,
1196 1073 1272 1134 123:
1296 1074 1355 1132 Va·

200 1162 243 1220 lin
264 1162 393 1236 quidem
415 1164 520 1224 hercle
543 1172 576 1225 nt
597 1182 657 1225 uno
678 1169 888 1241 cummopere
911 1177 1007 1242 petas.
1052 1163 1147 1229 Most
1163 1163 1223 1244 ΙΙΙ,
1247 1172 1277 1243 3,
1302 1170 1355 1231 16:

200 1259 260 1318 lim
279 1275 406 1319 mmo
428 1263 566 1335 amptius.
593 1260 688 1326 Most.
705 1281 732 1325 v.
747 1267 823 1328 902:
847 1284 880 1326 eo
901 1265 998 1338 magis
1013 1274 1101 1326 cauto
1116 1273 1213 1339 opust.
1239 1262 1354 1328 Pseud.

202 1372 227 1415 r.
238 1359 315 1419 449:
338 1362 454 1430 guento
466 1362 563 1421 meus
577 1369 631 1423 est
654 1358 752 1423 Merc.
768 1359 828 1437 ΠΙ,
844 1367 874 1438 4,
892 1366 948 1424 71;
972 1370 1083 1437 quanto
1099 1365 1215 1422 satiust.
1240 1359 1356 1425 Caeoil

207 1449 276 1516 stat
298 1451 486 1533 Synephebi
507 1454 545 1519 fr.
565 1463 591 1534 1,
614 1476 643 1520 v.
659 1460 739 1521 205:
762 1465 874 1533 quanto
896 1462 1026 1535 dissipes
1049 1460 1207 1519 libentius!
1236 1456 1274 1521 fr.
1290 1457 1357 1537 Hy·

149 1545 151 1554 '
209 1549 392 1627 pobolimaei
423 1551 573 1617 Aeschini
599 1570 649 1633 ap.
672 1554 753 1619 Gell.
776 1554 845 1633 XV,
871 1561 919 1634 14,
944 1561 974 1619 5:
1010 1558 1075 1632 Ego
1096 1557 1172 1617 illud
1192 1560 1292 1617 mines
1312 1555 1358 1615 ri·

210 1648 257 1707 lilo
278 1652 387 1725 exigor
406 1654 588 1726 portorium,
617 1650 648 1714 h.
672 1670 699 1715 e.
722 1651 820 1715 nihilo
848 1652 952 1716 minus
981 1652 1121 1733 exigitur
1148 1652 1187 1717 de
1209 1671 1260 1718 me
1283 1669 1357 1732 por·

209 1744 330 1822 orium,
353 1753 393 1810 ut
416 1746 540 1811 Gellius
561 1747 707 1827 explicat.
741 1749 869 1814 Terent.
893 1748 1027 1827 Adelph.
1050 1748 1105 1826 IV,
1128 1755 1158 1826 5,
1183 1755 1238 1813 71:
1262 1751 1358 1824 Quom

149 1926 150 1931 γ
212 1845 242 1901 sir
261 1847 368 1905 melior
390 1847 483 1906 molto
506 1864 538 1907 ea
561 1865 646 1922 quam
670 1867 734 1924 ego.
772 1846 854 1910 Eun.
878 1846 904 1924 Ι,
926 1852 955 1925 2,
983 1852 1039 1910 7οε
1070 1850 1105 1908 ld
1127 1851 1232 1908 amabo
1255 1849 1359 1908 udiuta

149 2027 153 2031 Ι
213 1959 254 2015 ne,
273 1961 333 2016 ouo
354 1943 387 2001 io
410 1943 464 2003 fiat
485 1944 614 2015 foedius.
658 1945 757 2008 Andr.
781 1944 807 2022 Ι,
831 1949 861 2023 2,
884 1948 939 2007 26;
962 1947 993 2006 si
1017 1963 1140 2006 sensero
1164 1946 1252 2005 hodie
1274 1946 1357 2019 quio·

149 2072 151 2076 ν
217 2058 287 2113 qnam
308 2042 340 2099 iu
365 2042 413 2101 his
436 2048 466 2100 te
490 2044 602 2116 nuptiis
622 2045 776 2103 Fallaciae
800 2047 912 2117 conari,
934 2062 992 2116 quo
1014 2046 1089 2105 fiant
1108 2046 1221 2103 minus.
1255 2040 1310 2115 lv,
1327 2044 1357 2120 2,

149 2187 157 2224 ·.·
216 2140 255 2200 11:
285 2143 353 2215 Quo
375 2138 477 2198 miuus
505 2140 579 2199 haee
606 2141 714 2202 fierent
741 2143 873 2215 nuptiae.
917 2138 1034 2205 Heaut.
1058 2139 1118 2217 ΙΙΙ,
1147 2144 1176 2216 2,
1201 2144 1256 2203 31:
1290 2141 1358 2200 Nisi

149 2297 157 2307 ,
216 2238 272 2296 nihi
292 2238 414 2311 quidem
445 2237 529 2295 addit
550 2240 694 2311 animum,
727 2256 786 2311 quo
811 2240 914 2299 lubeat
940 2237 1044 2312 magis.
1089 2236 1166 2302 Heu.
1190 2235 1244 2315 IV,
1268 2242 1298 2315 4,
1321 2238 1357 2299 8:

149 2382 155 2396 .
215 2334 457 2405 temperemur,
483 2336 583 2395 micus
608 2338 665 2394 iam
688 2354 747 2408 quo
766 2337 873 2396 redeat
894 2337 1020 2397 domum.
1066 2334 1182 2398 Heaut.
1205 2333 1247 2406 ΙΙ,
1272 2340 1299 2411 1,
1321 2337 1357 2398 8:

215 2433 295 2504 ¹nuri,
317 2432 372 2491 ubi
394 2432 509 2492 adbibit
528 2434 597 2505 pias
613 2434 717 2505 paolo,
740 2451 795 2493 sua
816 2450 891 2507 quae
916 2440 1020 2493 narrat
1041 2432 1189 2493 facinora!
1221 2431 1302 2494 Eun.
1315 2429 1357 2509 ΙΙ,

149 2553 151 2559 ·
217 2531 236 2603 3,
256 2532 309 2592 24:
333 2530 455 2604 Siquast
477 2531 607 2590 habitior
623 2532 726 2605 paolo,
749 2533 878 2606 pugilem
908 2548 974 2590 esse
1004 2533 1096 2590 aiunt.
1141 2528 1222 2593 Eun.
1245 2526 1303 2605 HI,
1328 2532 1358 2606 5,

216 2629 258 2689 39:
282 2628 534 2705 inpendimmoois
549 2631 662 2689 animus
678 2631 827 2703 gaudebat
842 2631 921 2689 mihi.
948 2625 1163 2704 Comparatlvi
1186 2625 1287 2688 instar
1310 2628 1359 2688 est

215 2741 297 2793 reus,
329 2723 399 2788 Liv.
429 2723 601 2789 Andronici
626 2723 663 2788 ir.
685 2724 794 2788 Ludii:
829 2730 895 2787 Hau
917 2728 1008 2786 nrotto
1029 2742 1125 2792 scores,
1159 2723 1235 2786 item
1262 2725 1359 2792 aliter,

215 2817 329 2885 Terent.
353 2820 451 2884 Andr.
473 2821 553 2900 prol.
576 2840 605 2885 v.
628 2829 663 2885 4:
698 2825 787 2884 aliter
810 2827 929 2883 evenire
951 2824 1044 2882 mrclto
1071 2824 1231 2897 intellegit.
1279 2817 1359 2882 Cum

214 2917 399 2997 superlativo
427 2917 600 2982 ablativum
621 2916 822 2983 differentiae
846 2919 1047 2983 coniunctum
1071 2917 1171 2982 habes
1192 2917 1226 2981 in
1240 2915 1360 2996 Aquilii

149 3016 151 3027 '
213 3014 339 3080 Boeotia
362 3015 399 3079 fr.
426 3022 454 3094 1,
478 3034 506 3078 v.
531 3023 564 3080 5:
587 3021 687 3079 Multo
709 3021 838 3081 omnium
860 3020 983 3079 istorum
1008 3023 1160 3091 optumum
1182 3024 1213 3076 et
1232 3017 1359 3077 verear-

212 3132 294 3174 rrem.
347 3113 503 3192 Exempla
531 3115 660 3194 positivi
687 3120 764 3178 sunt
790 3113 883 3178 haec:
916 3112 1029 3177 Naevii
1053 3113 1233 3193 Agitatoria
1260 3109 1299 3176 ir.
1324 3117 1359 3175 5:

210 3215 292 3271 nmio
319 3218 386 3272 arte
413 3216 522 3289 colligo
550 3211 699 3286 (Charisii
725 3211 768 3290 11,
796 3230 827 3292 p.
854 3216 912 3275 186
935 3211 969 3275 P.
993 3209 1070 3293 [123
1094 3207 1143 3290 L.]
1170 3212 1280 3289 ,mimir
1300 3226 1359 3289 pro

210 3309 338 3386 liniet
383 3307 487 3372 Plaut
504 3308 618 3389 Amph.
634 3308 694 3387 ΙΙΙ,
718 3314 748 3387 2,
773 3313 826 3373 62;
851 3313 896 3371 bis
920 3316 1000 3370 teoto
1022 3311 1111 3369 amici
1133 3318 1202 3370 sunt
1225 3313 1303 3368 inter
1326 3325 1359 3369 sa

211 3427 287 3482 quam
303 3410 400 3484 prius,
421 3407 478 3470 ubi
492 3425 554 3470 non
571 3424 652 3486 opus
668 3412 718 3470 est
733 3425 806 3470 cum
821 3406 975 3470 Lanrbino
998 3413 1105 3468 mente
1121 3403 1239 3468 addere
1253 3406 1359 3478 magis.

209 3501 284 3569 llen.
305 3505 344 3583 V,
368 3510 399 3582 2,
421 3510 476 3569 b'9:
500 3507 601 3566 Nimio
623 3508 680 3565 hoc
703 3506 816 3566 ludicre
837 3524 937 3580 negas.
982 3503 1071 3566 Pera.
1088 3501 1114 3578 Ι,
1130 3507 1159 3579 3,
1182 3506 1235 3563 14;
1259 3503 1361 3561 Nimio

209 3605 413 3665 unimode.
458 3600 556 3665 Mero.
578 3601 622 3679 ΙΙ,
643 3607 673 3680 2,
696 3605 752 3665 26:
776 3606 869 3663 Immo
893 3605 938 3663 bis
961 3606 1042 3660 tereto
1065 3604 1149 3660 valeo
1171 3618 1258 3676 qnam
1282 3601 1362 3660 volui

208 3705 291 3774 prius.
336 3700 465 3765 Terent.
489 3699 604 3763 fleant.
629 3698 654 3777 Ι,
678 3703 707 3772 2,
732 3705 787 3763 31:
813 3701 909 3774 parato
931 3701 982 3774 qui
1005 3708 1052 3759 est
1075 3699 1161 3758 homo
1190 3697 1361 3759 tolerabilis.

283 3799 316 3864 b.
355 3797 479 3863 Deinde
501 3797 660 3861 ablativus
683 3795 883 3860 differentiae
911 3793 1101 3859 statuendus
1132 3798 1182 3857 est
1204 3792 1301 3857 etiam
1324 3791 1359 3855 in

210 3894 392 3972 quibusdam
407 3894 471 3960 loci
486 3901 522 3958 et
535 3895 688 3972 temporis
704 3894 897 3958 notionibus.
932 3891 1012 3956 Cato
1028 3892 1064 3954 R.
1081 3891 1118 3954 R.
1136 3911 1162 3956 c.
1179 3898 1216 3955 4:
1241 3894 1361 3952 clatros

209 3995 338 4056 messe
358 4003 481 4070 oportet
497 3992 582 4067 pede,
604 3991 658 4055 ubi
674 3991 736 4054 aliu
751 3989 848 4055 lectio
864 3997 928 4054 est:
952 3994 1031 4050 inter
1047 4010 1079 4051 se
1097 3999 1216 4066 oportet
1226 3991 1302 4064 pede
1317 3989 1362 4049 di·

210 4097 285 4156 tore.
308 4089 392 4156 Cato
407 4089 444 4154 R
457 4089 495 4154 R.
509 4108 534 4153 e.
547 4095 602 4153 44:
627 4093 775 4151 Olivetum
790 4091 894 4149 deors
908 4090 970 4150 XV
979 4100 1048 4149 ante
1061 4091 1280 4164 aequinoctium
1297 4105 1362 4148 ver-

210 4205 268 4250 num
290 4192 418 4266 incipito
447 4199 564 4264 putare.
603 4185 636 4251 C.
661 4193 701 4252 32
723 4193 756 4251 et
787 4192 826 4249 51
851 4190 971 4248 biennio
993 4197 1063 4262 post
1084 4185 1211 4265 legitur.
1251 4182 1285 4247 C.
1307 4187 1363 4247 52:

210 4301 277 4349 suno
292 4298 372 4364 post.
403 4285 500 4351 Ennii
511 4282 683 4349 Alexandri
694 4282 731 4347 ir.
745 4288 780 4347 8:
809 4289 899 4359 paulo
913 4295 994 4347 ante.
1021 4282 1125 4347 Plaut.
1144 4282 1258 4346 Bacch.
1275 4280 1318 4360 ΙΙ,
1334 4287 1362 4361 1,

213 4388 238 4446 1:
257 4387 348 4447 Erilis
363 4388 466 4462 patria
481 4386 571 4457 salve,
594 4402 682 4459 quam
701 4401 757 4459 ego
773 4383 889 4442 timeto
903 4381 1065 4455 Postquam
1079 4383 1148 4441 hinc
1164 4384 1194 4440 in
1210 4384 1362 4456 Ephesum

212 4481 261 4541 atii
274 4485 428 4560 conspicio
442 4483 558 4544 lubens.
581 4478 663 4542 Men.
679 4478 760 4560 prol.
778 4495 806 4542 v.
820 4481 874 4543 36:
897 4482 1001 4553 paucis
1018 4479 1122 4541 diebus
1138 4486 1218 4554 post.
1245 4475 1363 4542 Pseud.
