3125 5075
281 407 343 465 250
697 395 851 438 SUBSTANT.
872 395 934 437 ΟΛΡ.
957 393 997 435 lli.

280 575 467 652 pontificium
491 575 602 648 optime
626 576 713 634 scire.
759 571 797 636 R.
821 571 858 635 R.
883 589 908 635 c.
933 574 966 635 2:
998 587 1074 647 quas
1096 585 1190 646 opera
1210 569 1278 630 tisri
1302 572 1384 630 velit
1410 565 1443 632 C.

280 675 339 737 42:
362 672 464 749 'Quod
488 688 580 745 perus
607 679 658 732 aut
685 673 773 744 ficum
807 679 858 731 ant
888 669 980 729 oiccm
1008 683 1069 729 essa
1098 670 1193 741 solea,
1232 665 1303 728 inde
1336 668 1443 728 librum

281 774 401 846 scalpro
425 771 555 831 eximito.
580 765 706 833 0157:
729 775 760 829 et
784 771 854 829 mali
876 769 950 828 nihil
966 770 1045 829 sinet
1066 767 1097 826 in
1117 781 1245 840 corpore
1262 768 1440 826 consistere.

281 863 315 931 0.
340 873 376 931 4;
416 868 577 929 Familiam
599 885 635 926 ne
659 868 764 927 siveris
781 884 914 940 macore.
959 862 993 929 G.
1020 867 1097 927 105:
1142 863 1300 924 Biennium
1324 865 1356 922 in
1379 865 1441 924 sola

280 967 369 1026 sinito
386 969 518 1041 positam
540 981 609 1025 csse.
654 960 688 1026 C·
714 967 792 1027 141:
830 966 932 1040 utiquc
956 971 989 1023 tu
1010 963 1129 1039 fruces,
1152 961 1321 1036 samarita,
1343 960 1440 1020 vireta

281 1064 473 1140 oirpottuqne
496 1062 798 1138 proadtrebeneque
821 1063 936 1122 evenire
957 1063 1047 1121 sinas.
1085 1055 1122 1121 In
1144 1056 1166 1121 l.
1185 1056 1299 1137 quinto
1323 1055 1437 1137 brigga

280 1163 332 1223 Illi
355 1163 498 1238 polliciti,
534 1177 600 1221 sese
624 1161 775 1233 facturam
804 1160 858 1234 (=
880 1156 997 1222 iactum
1021 1155 1069 1219 ire
1091 1153 1235 1219 Bolhuis
1260 1155 1314 1229 38)
1343 1155 1437 1215 omnia

282 1255 395 1332 (Prisc.
419 1255 481 1333 ix,
504 1274 534 1337 p.
558 1261 620 1321 864
643 1257 691 1321 ed.
717 1255 751 1320 P.
776 1254 847 1321 coll.
871 1253 953 1320 Gall.
977 1253 1002 1332 l,
1026 1258 1064 1332 7,
1094 1251 1148 1317 ubi
1172 1251 1269 1316 etiam
1291 1250 1380 1315 locus
1402 1268 1435 1314 ex

282 1352 391 1418 Plauti
415 1353 532 1419 Casina
553 1351 669 1418 allatus
694 1358 766 1418 esti.
807 1351 887 1418 Cato
911 1356 990 1417 orat.
1017 1350 1056 1415 de
1078 1348 1167 1415 falsis
1189 1350 1309 1431 pugnis
1331 1355 1433 1416 contra

281 1448 456 1516 Thermum
480 1469 529 1534 ap.
555 1451 636 1517 Geli.
661 1452 700 1530 X,
725 1457 743 1517 3
766 1470 830 1516 acc.
855 1467 881 1514 c.
905 1447 959 1513 ini.
985 1449 1016 1512 in
1040 1447 1278 1524 exclamatione,
1303 1465 1366 1528 qna
1386 1465 1430 1512 en-

281 1548 445 1630 probratio
474 1549 671 1631 exprimitur,
702 1550 826 1630 positus
843 1554 907 1612 est:
931 1549 1091 1624 Insignitas
1114 1549 1327 1608 iniurias—te
1343 1547 1429 1619 saara

282 1665 388 1710 oasam
411 1665 479 1711 esse.
502 1647 541 1711 R.
554 1647 591 1711 R.
610 1666 634 1712 c.
648 1651 684 1711 6:
710 1651 803 1723 Quam
827 1665 929 1708 earum
952 1650 982 1707 in
1005 1647 1052 1707 his
1075 1647 1149 1707 locis
1173 1645 1316 1721 optimam
1340 1647 1427 1705 dicent

282 1763 359 1808 ease.
384 1743 522 1808 estoit.
546 1744 583 1808 R.
607 1743 723 1826 praei:
751 1748 884 1807 Maiores
907 1748 984 1805 cuim
1007 1745 1103 1804 nostri
1125 1744 1181 1803 boc
1205 1744 1249 1804 sic
1272 1742 1424 1802 habuerunt

282 1850 314 1904 at
337 1846 380 1903 ita
395 1845 424 1903 in
441 1844 555 1919 legibus
571 1845 754 1920 posiveruut,
777 1845 875 1917 furem
898 1845 981 1919 dupli
1004 1841 1203 1916 condemnari,
1227 1840 1421 1912 foeneratores

283 1941 453 2016 quadrupli.
483 1938 517 2003 C.
542 1943 577 2003 3:
603 1943 735 2014 Cupitoto
758 1944 916 2017 quotannis
940 1942 1119 2013 tempestates
1140 1953 1265 2011 mopsos
1287 1937 1381 1998 oeaira
1396 1943 1419 1995 at
1487 1973 1488 1978 .

283 2041 379 2099 oleam
403 2039 532 2098 deiicere
554 2038 657 2101 solere.
682 2036 716 2101 C.
741 2044 775 2102 5:
805 2043 850 2100 Nc
874 2042 941 2115 plus
964 2040 1079 2097 censeat
1099 2051 1204 2109 sapere
1226 2052 1258 2095 se
1281 2053 1364 2111 quarn
1381 2031 1417 2090 do
1485 2037 1489 2074 ἑ

282 2137 403 2195 minuar.
450 2131 528 2198 Cato
551 2151 596 2198 or.
620 2134 743 2199 dierum
771 2135 928 2200 dictarum
956 2133 996 2197 de
1019 2129 1186 2197 consulatu
1221 2149 1280 2195 suo
1304 2129 1416 2203 (Iordtn
1485 2133 1489 2168 ³

281 2250 313 2314 p.
339 2237 378 2297 33
402 2234 460 2312 sq.)
483 2249 533 2312 ap.
558 2230 679 2297 Charis.
708 2235 885 2296 Maturrime
908 2249 937 2312 p.
964 2235 1043 2294 121:
1071 2231 1212 2291 Laudant
1236 2227 1417 2292 manarint
1485 2227 1489 2268 ³

283 2332 429 2405 laudibus,
459 2339 573 2393 tantum
597 2333 729 2409 navium,
758 2340 872 2391 tantum
896 2331 1077 2405 exercitum,
1104 2335 1220 2388 tantum
1245 2334 1418 2389 commeatum
1464 2329 1488 2362 '²

282 2448 341 2490 non
370 2432 520 2506 opinatum
555 2446 621 2490 esse
650 2447 824 2505 quemquam
855 2429 1001 2489 hominem
1033 2443 1206 2500 comparare
1231 2430 1374 2501 potuisse,
1397 2421 1419 2482 id

283 2535 383 2589 tamen
407 2530 580 2588 maturrime
611 2525 685 2604 [me]
714 2528 944 2603 comparavisse.
990 2523 1025 2587 R.
1049 2521 1086 2586 R.
1111 2541 1135 2587 c.
1161 2526 1196 2586 2:
1236 2526 1318 2586 dolia
1338 2521 1421 2593 lamii,

283 2627 391 2701 picari,
415 2626 515 2683 villum
537 2628 669 2701 purgari,
693 2625 873 2686 frumentum
896 2622 1063 2695 transferri,
1088 2630 1204 2682 stercus
1228 2622 1310 2683 foras
1333 2620 1424 2695 efferri,

283 2724 501 2797 sterquilinium
524 2723 600 2800 lieri,
624 2741 724 2785 semen
748 2724 880 2799 purgari,
904 2720 990 2782 funes
1014 2730 1131 2782 veteres
1162 2724 1269 2780 sarciri
1293 2736 1427 2797 novosque

282 2821 363 2880 fleri:
389 2828 541 2898 centones,
565 2825 737 2882 cuculicnes
760 2821 910 2893 familiam
933 2822 1095 2894 oportuisse
1118 2819 1173 2879 sibi
1196 2820 1320 2879 sarcire.
1358 2816 1394 2881 Η.
1413 2816 1430 2880 l.

284 2913 460 2980 accusativi
497 2933 522 2981 c.
550 2915 604 2980 ini.
629 2916 763 2982 subiecti
792 2915 861 2981 loco
892 2923 968 2981 sunt
995 2917 1098 2994 iisque
1128 2913 1227 2978 verba
1258 2915 1433 2996 superiora:

283 3014 397 3075 Videto
421 3022 493 3088 quot
516 3017 579 3077 dies
603 3034 714 3092 quaeve
739 3035 833 3092 opera
854 3034 909 3091 per
932 3016 1054 3075 imbrem
1078 3016 1143 3075 lieri
1166 3016 1322 3090 potuerint
1344 3012 1436 3095 expli·

281 3115 405 3175 cantur.
452 3110 564 3192 Pergit
586 3112 699 3177 deinde
723 3110 817 3177 simili
841 3111 950 3175 modo:
989 3115 1047 3172 Per
1070 3110 1162 3172 terias
1185 3114 1321 3187 potuisse
1344 3112 1436 3175 forsas

283 3218 402 3269 veteres
426 3213 538 3285 tergeri
560 3212 634 3273 cett
659 3207 692 3272 C.
717 3214 751 3274 3:
773 3211 894 3274 Putrem
918 3211 1049 3270 familiae
1072 3212 1172 3269 vilium
1196 3211 1340 3270 rusticam
1364 3212 1435 3272 bene

281 3307 468 3367 aedificatam
490 3309 597 3368 tabere
617 3308 741 3381 expedit.
788 3304 821 3370 C.
839 3311 894 3372 33:
929 3310 1026 3368 Vitem
1050 3308 1197 3369 novellam
1222 3309 1357 3370 resecari
1379 3317 1436 3370 tun

281 3406 341 3465 erit
364 3412 489 3481 tempus,
514 3405 563 3465 nbi
586 3407 705 3466 valebit.
752 3402 785 3468 0.
809 3408 842 3468 9:
873 3407 986 3466 Salicta
1009 3408 1083 3467 locis
1107 3404 1227 3480 aquosis
1251 3437 1287 3448 —
1315 3407 1357 3467 ibi
1380 3410 1436 3468 aeri

281 3510 413 3578 oportet.
460 3499 493 3564 C.
518 3505 550 3563 2:
596 3503 668 3563 Cum
692 3505 771 3564 servi
794 3507 992 3579 aegrotarint‚
1030 3504 1145 3563 ciboria
1174 3507 1259 3561 taam
1281 3502 1352 3563 dori
1381 3522 1436 3565 non

280 3603 448 3675 oportuisse.
466 3596 500 3661 C.
513 3603 547 3661 4:
565 3600 683 3660 Clatrcs
695 3603 841 3661 interesse
856 3610 975 3676 oportet
986 3602 1073 3677 pede.
1087 3598 1121 3662 C.
1136 3604 1169 3662 7:
1183 3602 1216 3659 ln
1231 3601 1336 3662 eodem
1348 3600 1437 3663 iundo

278 3716 363 3759 suum
388 3698 532 3771 quidquid
554 3699 666 3758 conseri
688 3703 800 3772 oportet
821 3700 1001 3775 arbustaque
1025 3699 1112 3759 :item
1133 3698 1277 3772 copulari.
1324 3695 1358 3761 G.
1382 3702 1436 3763 22:

283 3798 366 3857 lnter
389 3795 490 3855 orbem
515 3804 546 3854 et
568 3797 725 3856 miliarium
750 3815 838 3857 unum
863 3799 984 3873 digitum
1009 3799 1155 3857 interesse
1179 3803 1309 3871 oportet.
1333 3792 1367 3858 C.
1384 3798 1435 3859 24:

281 3895 391 3955 Virtam
408 3892 556 3953 Graccum
571 3894 627 3954 hoo
639 3895 726 3954 modo
744 3895 811 3966 fieri
827 3904 955 3970 oportet.
963 3892 1134 3974 Inscriptio
1148 3910 1215 3973 cap.
1236 3898 1266 3956 l:
1284 3896 1436 3968 Quomodo

278 4008 380 4066 agrum
404 3994 461 4051 emi
481 3995 641 4067 pararique
663 4001 810 4067 oporteat.
841 3990 875 4055 C.
900 3998 934 4057 3:
960 3996 1060 4054 Prima
1087 3994 1293 4055 adolescentia
1320 4004 1435 4070 patrem

278 4087 410 4149 iamiliae
440 4106 544 4165 agrum
572 4106 731 4151 conserere
757 4092 889 4152 studiose
917 4100 1050 4168 oportet,
1090 4090 1249 4151 aedificare
1276 4092 1328 4152 din
1358 4094 1435 4168 cogi·

277 4191 344 4245 tare
367 4194 497 4262 oportet,
530 4206 688 4248 conserere
712 4191 845 4265 cogitare
867 4208 925 4250 non
948 4197 1078 4264 oportet,
1110 4189 1163 4250 sed
1183 4186 1284 4251 facere
1307 4196 1433 4266 oportet

279 4276 312 4342 C.
338 4284 392 4344 20:
425 4287 610 4345 columellam
634 4286 780 4364 ferream,
818 4305 892 4361 quae
916 4290 945 4347 iu
969 4290 1098 4349 miliario
1121 4294 1195 4364 stat,
1234 4306 1299 4349 eam
1323 4296 1433 4349 rectum

279 4385 360 4439 stare
384 4388 512 4455 oportet.
538 4378 570 4444 C.
594 4385 629 4444 2:
652 4385 772 4444 Patrem
797 4383 925 4446 familias
947 4388 1120 4464 vendacem,
1144 4404 1202 4447 non
1219 4404 1351 4447 emacem
1367 4402 1431 4447 essa
