3125 5075
458 333 497 372 ne:
512 329 703 371 tenebamus.
719 349 743 357 -
758 328 1098 379 Phusquauraurucrult.
1312 341 1350 400 81

206 530 266 593 39:
304 522 623 599 Quidamtamen?
665 518 816 599 Inprimis
843 516 994 598 frequens
1023 524 1073 585 est
1094 519 1179 600 apud
1201 518 1349 585 Plautum

201 625 351 701 mass,
380 620 420 686 de
450 636 513 699 quo
542 618 614 683 ride
636 617 733 683 Haas.
756 618 797 681 ad
819 615 1068 697 uersis-adnot
1091 623 1170 696 456,
1199 617 1253 698 qui
1274 616 1354 683 haee

202 718 301 787 affert
329 718 488 799 exempla:
522 715 613 798 Capt.
636 716 717 797 prol.
740 733 768 779 v.
796 720 850 779 17:
887 718 1040 792 Fugitiras
1068 720 1133 792 ilie,
1163 725 1196 779 ut
1215 719 1352 779 ἀίωινωη

202 827 286 895 aute,
317 821 403 880 huius
425 819 504 895 patri
530 849 568 862 -
593 816 739 891 vendidit3
760 811 958 878 Menaechm.
981 813 1060 893 prol.
1083 831 1113 879 v.
1136 820 1191 879 δῖε
1214 817 1355 893 Epidam-

204 919 320 980 utausis
334 918 396 993 ills,
413 934 498 991 quam
515 915 621 975 dudum
637 914 781 981 abeam
796 944 839 957 -
856 915 892 973 Ei
906 915 1067 974 liberarum
1083 915 1125 974 nil
1141 921 1219 988 erst3
1240 911 1355 978 Bacch.

201 1014 261 1094 lv,
277 1018 308 1092 9,
324 1017 380 1079 33:
403 1016 477 1075 Nam
503 1014 610 1073 dudum
633 1016 729 1089 primo
751 1022 785 1072 nt
806 1013 941 1072 dixeram
963 1020 1066 1072 nostra
1089 1014 1154 1072 seui
1171 1014 1355 1073 mendacium

202 1145 248 1160 -·
271 1115 315 1175 ibi
343 1115 456 1188 signum
488 1128 524 1171 ex
552 1128 621 1172 arae
652 1114 708 1172 iam
730 1114 849 1186 apstuli.
893 1106 1026 1172 Ponitur
1047 1114 1153 1172 autem
1176 1108 1355 1186 ubicunqne

202 1210 277 1294 quis
306 1210 338 1273 iu
366 1206 525 1288 loquendo
547 1207 611 1271 alia
633 1225 668 1271 re
691 1206 818 1271 diversa
839 1206 1037 1286 interruptus
1059 1209 1119 1285 est,
1147 1205 1206 1271 hac
1227 1211 1354 1270 seuten-

203 1310 268 1374 tia:
291 1307 431 1371 dixeram
455 1306 494 1369 de
517 1304 577 1370 hac
598 1323 644 1384 re,
668 1310 837 1384 autequam
861 1304 901 1369 ad
924 1302 1058 1368 alteram
1075 1304 1250 1370 ueniebam.
1272 1302 1354 1368 Vide

207 1406 306 1471 etiarn
331 1403 514 1470 Schneider.
546 1403 595 1467 ad.
620 1402 708 1467 Caes.
736 1401 766 1465 b.
797 1401 836 1466 G.
859 1400 902 1481 II,
928 1408 952 1481 t,
977 1407 1003 1465 1.
1051 1401 1177 1467 Terent.
1208 1401 1305 1466 Andr.
1329 1400 1355 1481 1,

212 1509 240 1581 1,
261 1507 317 1569 80:
356 1507 400 1564 lbi
431 1512 491 1564 tum
519 1503 598 1563 filius
626 1503 698 1563 Cum
724 1504 799 1577 illis,
822 1503 872 1579 qai
907 1506 1049 1563 amarant
1080 1502 1269 1579 Chrysidem,
1297 1519 1356 1562 uus

207 1604 313 1666 aderat
336 1602 485 1678 frequens.
532 1596 664 1679 Adelph.
690 1596 745 1677 IV,
767 1604 797 1675 5,
820 1605 875 1663 52:
898 1601 1047 1677 Virginem
1070 1603 1191 1671 vitiasti,
1214 1617 1300 1676 quam
1323 1604 1353 1659 te

205 1719 267 1763 uon
283 1703 329 1760 ius
351 1702 452 1773 fuerat
474 1706 604 1773 tangere.
636 1696 740 1760 Etiam
763 1703 836 1777 post
858 1696 1031 1777 particulas
1053 1697 1206 1779 temporis
1228 1696 1357 1777 punitur

204 1795 562 1879 plusquamperfectum.
609 1794 661 1859 Sic
688 1794 833 1874 Aquilius
855 1794 990 1859 Boeotia
1012 1795 1049 1858 ir.
1073 1799 1109 1861 2:
1145 1798 1204 1859 Ubi
1232 1799 1358 1872 primam

206 1914 354 1959 accensus
375 1897 523 1955 clamarat
543 1895 706 1954 meridiem.
751 1891 865 1958 Caecil.
889 1892 972 1957 Stat.
996 1893 1134 1960 Fallacia
1154 1892 1190 1958 ir.
1207 1898 1237 1967 2,
1252 1909 1282 1955 v.
1299 1895 1355 1957 43:

201 2003 363 2076 posquam
386 2015 445 2057 reru
469 2003 623 2069 paternam
647 1995 818 2055 amiserant.
863 1990 988 2056 Terent·
1012 1992 1108 2056 Andr.
1131 1991 1156 2071 Ι,
1179 1997 1208 2064 2,
1233 1995 1265 2056 6:
1300 1993 1357 2067 Qui

199 2102 361 2175 postquam
387 2096 526 2156 audiero
558 2111 615 2152 non
650 2093 749 2150 datum
781 2093 819 2151 iri
852 2091 914 2151 filio
941 2108 1062 2151 uxorem
1092 2110 1162 2166 suo,
1193 2092 1357 2167 Numquam

207 2197 369 2273 quoiquam
393 2199 523 2253 nostrum
548 2190 667 2249 uerbum
691 2187 771 2249 iecit.
808 2187 857 2252 Ile
880 2186 1060 2252 discrimine
1082 2187 1166 2267 quod
1188 2186 1359 2251 intercedit

206 2292 294 2357 inter
315 2287 393 2370 peri.
420 2295 454 2351 et
479 2283 727 2366 plusquamperi.
757 2303 828 2349 cum
853 2293 1011 2362 postquam
1030 2285 1137 2350 iuncto
1158 2284 1230 2350 vide
1251 2282 1356 2348 Hand.

206 2387 345 2454 Turseli.
369 2386 424 2464 IV,
446 2404 475 2465 p.
500 2388 562 2448 498
586 2400 632 2464 sq.
698 2381 730 2446 si
758 2384 791 2447 iu
813 2383 1034 2448 enunciatione
1056 2383 1209 2463 primaria
1230 2387 1280 2447 est
1300 2381 1359 2445 im-

205 2486 401 2571 perfectum,
434 2483 604 2562 utrobique
638 2481 721 2548 actio
754 2482 894 2563 repetita
928 2482 1128 2549 describitur.
1174 2481 1226 2549 Sic
1255 2478 1357 2545 Plaut

206 2587 297 2652 Asin.
320 2583 345 2662 Ι,
369 2590 398 2661 3,
421 2587 475 2647 57:
513 2585 567 2644 Ubi
595 2585 664 2659 qaid
686 2583 839 2652 dederam,
867 2586 951 2658 quasi
979 2585 1132 2645 columbae
1155 2584 1230 2659 pulli
1253 2584 1282 2642 iu
1306 2596 1358 2642 ore

207 2687 313 2749 ambae
336 2702 401 2744 men
424 2684 524 2758 Usque
547 2684 649 2741 eratis.
683 2678 810 2743 Terent
834 2679 914 2744 Eun·
937 2679 995 2759 111,
1021 2683 1183 2761 1,13sq.:
1205 2682 1278 2741 Tum
1302 2681 1358 2740 sic·

206 2786 259 2846 ubi
291 2800 356 2843 eum
388 2784 512 2841 satietas
535 2781 690 2839 Hominum
721 2787 771 2839 aut
799 2781 898 2854 nepoti
927 2782 1070 2855 siquando
1100 2780 1198 2840 adium
1228 2784 1359 2855 ceperat,

206 2882 411 2956 Requiescere
424 2880 472 2937 ubi
485 2877 617 2950 volebat,
630 2910 671 2923 -
687 2879 758 2936 Tam
776 2895 822 2938 ms
836 2880 987 2939 convivam
1002 2880 1095 2939 solum
1115 2879 1281 2939 abducebat
1293 2877 1358 2938 sibi.

296 2975 451 3055 Exempla
488 2973 677 3038 coniunctivi
713 2972 793 3038 haec
829 2981 911 3038 suut
962 2974 1065 3039 Plaut
1100 2973 1185 3038 irin.
1218 2992 1248 3037 v.
1285 2975 1361 3038 rue:

207 3078 317 3140 Utrum
341 3077 473 3136 iudicare
496 3093 542 3135 me
566 3079 594 3134 ei
617 3075 808 3133 thensaurum
831 3090 954 3150 aequom
979 3075 1049 3148 tuit,
1079 3076 1243 3136 Advorsum
1271 3088 1360 3147 quam

208 3177 275 3236 eins
305 3190 352 3233 me
381 3174 589 3248 opsecravisset
617 3171 727 3247 pater?
770 3169 921 3249 Optativa
949 3168 1180 3250 significatione
1208 3168 1290 3232 Rud.
1318 3166 1361 3249 11,

210 3275 317 3349 6,13:
340 3273 460 3334 Utinam
483 3270 575 3347 [ego],
600 3288 684 3346 quom
708 3272 737 3328 in
754 3269 837 3329 aedis
852 3287 898 3329 me
915 3271 951 3329 ad
974 3279 1004 3330 te
1027 3269 1177 3330 adduxisti
1199 3266 1303 3347 [tuas],
1325 3270 1361 3327 Iu

212 3387 340 3431 earcere
364 3371 416 3429 illa
439 3371 537 3444 potins
560 3369 721 3429 cubobsem
743 3369 805 3427 diei
844 3363 971 3430 Terent.
986 3364 1112 3430 Phorm.
1129 3365 1154 3446 1,
1172 3373 1200 3446 3,
1217 3371 1253 3430 b:
1277 3364 1363 3440 Quod

210 3469 327 3528 utinam
358 3484 396 3526 ne
418 3468 587 3528 Phormioni
615 3467 645 3525 id
674 3466 800 3526 suadere
827 3467 857 3525 iu
886 3473 1013 3526 mentem
1036 3467 1193 3527 incidisset.
1237 3462 1362 3528 Deinde

210 3562 343 3645 ponitur
375 3563 535 3642 sumptiva
569 3562 618 3627 vel
653 3560 854 3627 conditionali
888 3558 1125 3642 significatione.
1170 3560 1223 3627 Sic
1256 3560 1287 3625 in
1314 3560 1361 3624 in·

210 3660 385 3740 scriptione
416 3659 567 3723 orationis
591 3660 799 3739 Catonianae,
829 3664 855 3723 si
878 3679 910 3721 se
934 3664 976 3722 Μ.
999 3663 1117 3724 Caelius
1141 3663 1276 3724 tribunus
1298 3663 1361 3737 pis-

209 3764 257 3824 bis
288 3761 472 3836 appellasset,
504 3775 533 3820 v.
562 3757 725 3840 Meyernm
755 3776 786 3838 p.
811 3762 880 3822 131.
937 3756 1092 3841 [Ertabat
1119 3758 1230 3823 similis
1259 3756 1362 3822 oratio

210 3857 390 3934 Ciceronis,
421 3860 445 3917 si
477 3874 541 3916 eum
565 3859 596 3917 P.
620 3858 741 3918 clodius
771 3858 885 3933 legibus
908 3860 1137 3934 interrogasset,
1160 3858 1189 3923 i.
1213 3874 1239 3922 e.
1268 3872 1362 3935 quam

209 3954 393 4030 habuisset,
424 3952 451 4016 si
482 3970 517 4017 se
541 3951 670 4017 Clodius
699 3950 824 4034 legibus
846 3950 1102 4036 interrogasset}
1146 3954 1252 4019 Plaut.
1276 3952 1361 4018 Tria.

210 4052 267 4126 lv,
293 4057 322 4130 2,
350 4055 421 4116 150:
447 4055 472 4113 si
494 4061 525 4113 te
548 4052 633 4113 flacoi
656 4053 734 4113 facia
756 4072 793 4113 au
814 4055 960 4128 periisses.
1005 4052 1132 4119 Terent
1155 4053 1235 4117 Eun.
1256 4050 1316 4122 ΙΙΙ,
1334 4057 1361 4129 l,

211 4156 270 4216 63:
301 4153 382 4212 Idem
412 4153 467 4211 hoc
494 4158 558 4211 tuta
586 4154 691 4212 melius
714 4160 825 4227 quanto
847 4153 1014 4220 invenisses,
1043 4154 1168 4228 Thraso,
1190 4176 1234 4207 =
1255 4151 1363 4218 inven-

211 4255 305 4312 turus
338 4246 470 4322 iuisses‚
501 4247 641 4311 invenire
668 4248 838 4339 potuisses.
885 4247 1010 4313 Phorm.
1037 4247 1067 4327 l,
1090 4255 1125 4327 2,
1148 4253 1206 4314 69:
1239 4252 1305 4313 Non
1337 4253 1363 4313 si

210 4348 342 4417 redisset,
365 4348 394 4406 ei
415 4352 503 4421 pater
525 4348 644 4406 ueniam
662 4348 767 4408 daret?

265 4445 472 4496 Beneuentanis.
493 4445 521 4485 11.
1134 4454 1152 4515 6
