<?xml version="1.0" encoding="UTF-8"?>
<!DOCTYPE html PUBLIC "-//W3C//DTD XHTML 1.0 Transitional//EN"
    "http://www.w3.org/TR/xhtml1/DTD/xhtml1-transitional.dtd">
<html xmlns="http://www.w3.org/1999/xhtml" xml:lang="en" lang="en">
 <head>
  <title>
</title>
<meta http-equiv="Content-Type" content="text/html;charset=utf-8" />
  <meta name='ocr-system' content='tesseract 3.04.00' />
  <meta name='ocr-capabilities' content='ocr_page ocr_carea ocr_par ocr_line ocrx_word'/>
</head>
<body>
  <div class='ocr_page' id='page_1' title='image "./syntaxispriscor00holtgoog_0795.png"; bbox 0 0 3125 5075; ppageno 0'>
   <div class='ocr_carea' id='block_1_1' title="bbox 300 349 1164 424">
    <p class='ocr_par' dir='ltr' id='par_1_1' title="bbox 300 349 1164 424">
     <span class='ocr_line' id='line_1_1' title="bbox 300 349 1164 424; baseline 0.005 -35"><span class='ocrx_word' id='word_1_1' title='bbox 300 362 361 424; x_wconf 71' lang='lat' dir='ltr'>33ss</span> <span class='ocrx_word' id='word_1_2' title='bbox 582 352 645 407; x_wconf 63' lang='grc' dir='ltr'>(ΙΑΙζ.</span> <span class='ocrx_word' id='word_1_3' title='bbox 658 352 704 394; x_wconf 79' lang='lat' dir='ltr'>XV.</span> <span class='ocrx_word' id='word_1_4' title='bbox 737 352 884 391; x_wconf 72' lang='lat' dir='ltr'>noenninn</span> <span class='ocrx_word' id='word_1_5' title='bbox 913 349 1164 394; x_wconf 73' lang='grc' dir='ltr'>ΕΝΙΙΙΙΟΙΛΤΙΟΙΙΙΙΙ.</span> 
     </span>
    </p>
   </div>
   <div class='ocr_carea' id='block_1_2' title="bbox 301 539 1450 1011">
    <p class='ocr_par' dir='ltr' id='par_1_2' title="bbox 301 539 1450 1011">
     <span class='ocr_line' id='line_1_2' title="bbox 301 539 1447 617; baseline 0.001 -15"><span class='ocrx_word' id='word_1_6' title='bbox 301 545 416 603; x_wconf 87' lang='lat' dir='ltr'>nodum</span> <span class='ocrx_word' id='word_1_7' title='bbox 439 547 541 615; x_wconf 52' lang='lat' dir='ltr'>since,</span> <span class='ocrx_word' id='word_1_8' title='bbox 580 540 706 604; x_wconf 83' lang='lat' dir='ltr'>Terent.</span> <span class='ocrx_word' id='word_1_9' title='bbox 729 539 845 603; x_wconf 80' lang='lat' dir='ltr'>Heaut</span> <span class='ocrx_word' id='word_1_10' title='bbox 870 540 908 617; x_wconf 81' lang='lat' dir='ltr'>n,</span> <span class='ocrx_word' id='word_1_11' title='bbox 933 546 961 615; x_wconf 89' lang='lat'>3,</span> <span class='ocrx_word' id='word_1_12' title='bbox 986 542 1042 601; x_wconf 78' lang='lat'>24:</span> <span class='ocrx_word' id='word_1_13' title='bbox 1074 542 1151 601; x_wconf 86' lang='lat' dir='ltr'>Nom</span> <span class='ocrx_word' id='word_1_14' title='bbox 1182 555 1214 603; x_wconf 88' lang='lat' dir='ltr'>ot</span> <span class='ocrx_word' id='word_1_15' title='bbox 1244 545 1336 604; x_wconf 71' lang='lat' dir='ltr'>sitast</span> <span class='ocrx_word' id='word_1_16' title='bbox 1358 547 1447 604; x_wconf 82' lang='lat' dir='ltr'>eaden</span> 
     </span>
     <span class='ocr_line' id='line_1_3' title="bbox 301 637 1446 720; baseline 0.001 -21"><span class='ocrx_word' id='word_1_17' title='bbox 301 648 332 699; x_wconf 88' lang='lat' dir='ltr'>ct</span> <span class='ocrx_word' id='word_1_18' title='bbox 354 642 468 700; x_wconf 85' lang='lat' dir='ltr'>suimus</span> <span class='ocrx_word' id='word_1_19' title='bbox 491 647 521 700; x_wconf 87' lang='lat' dir='ltr'>te</span> <span class='ocrx_word' id='word_1_20' title='bbox 545 657 616 714; x_wconf 80' lang='lat' dir='ltr'>ergo</span> <span class='ocrx_word' id='word_1_21' title='bbox 646 640 719 698; x_wconf 80' lang='lat' dir='ltr'>idem</span> <span class='ocrx_word' id='word_1_22' title='bbox 750 656 785 698; x_wconf 88' lang='lat' dir='ltr'>oc</span> <span class='ocrx_word' id='word_1_23' title='bbox 808 639 871 700; x_wconf 87' lang='lat' dir='ltr'>init.</span> <span class='ocrx_word' id='word_1_24' title='bbox 896 671 937 681; x_wconf 94' lang='lat'><em>-</em></span> <span class='ocrx_word' id='word_1_25' title='bbox 962 643 1034 716; x_wconf 73' lang='lat' dir='ltr'>post</span> <span class='ocrx_word' id='word_1_26' title='bbox 1057 657 1122 712; x_wconf 82' lang='lat' dir='ltr'>por</span> <span class='ocrx_word' id='word_1_27' title='bbox 1151 637 1258 702; x_wconf 76' lang='lat' dir='ltr'>plaut.</span> <span class='ocrx_word' id='word_1_28' title='bbox 1288 638 1353 702; x_wconf 84' lang='lat' dir='ltr'>nin.</span> <span class='ocrx_word' id='word_1_29' title='bbox 1380 640 1446 720; x_wconf 82' lang='lat' dir='ltr'>glor.</span> 
     </span>
     <span class='ocr_line' id='line_1_4' title="bbox 301 730 1448 813; baseline -0.001 -14"><span class='ocrx_word' id='word_1_30' title='bbox 301 735 354 812; x_wconf 90' lang='lat' dir='ltr'>IV,</span> <span class='ocrx_word' id='word_1_31' title='bbox 378 740 412 812; x_wconf 83' lang='lat'>6,</span> <span class='ocrx_word' id='word_1_32' title='bbox 437 740 494 799; x_wconf 84' lang='lat'>36:</span> <span class='ocrx_word' id='word_1_33' title='bbox 518 739 549 797; x_wconf 85' lang='lat' dir='ltr'>Si</span> <span class='ocrx_word' id='word_1_34' title='bbox 572 739 682 796; x_wconf 79' lang='lat' dir='ltr'>emovit</span> <span class='ocrx_word' id='word_1_35' title='bbox 698 752 833 811; x_wconf 79' lang='lat' dir='ltr'>umquem</span> <span class='ocrx_word' id='word_1_36' title='bbox 858 745 909 795; x_wconf 77' lang='lat' dir='ltr'>aut</span> <span class='ocrx_word' id='word_1_37' title='bbox 932 740 958 796; x_wconf 90' lang='lat' dir='ltr'>si</span> <span class='ocrx_word' id='word_1_38' title='bbox 974 753 1080 809; x_wconf 78' lang='lat' dir='ltr'>porcos</span> <span class='ocrx_word' id='word_1_39' title='bbox 1096 739 1145 798; x_wconf 91' lang='lat' dir='ltr'>bic</span> <span class='ocrx_word' id='word_1_40' title='bbox 1170 741 1351 813; x_wconf 75' lang='lat' dir='ltr'>sapientium</span> <span class='ocrx_word' id='word_1_41' title='bbox 1374 730 1448 800; x_wconf 72' lang='lat' dir='ltr'>babet</span> 
     </span>
     <span class='ocr_line' id='line_1_5' title="bbox 301 833 1448 911; baseline 0.003 -17"><span class='ocrx_word' id='word_1_42' title='bbox 301 853 335 894; x_wconf 88' lang='lat' dir='ltr'>oo</span> <span class='ocrx_word' id='word_1_43' title='bbox 357 835 491 901; x_wconf 79' lang='lat' dir='ltr'>iormorn,</span> <span class='ocrx_word' id='word_1_44' title='bbox 515 837 573 894; x_wconf 89' lang='lat' dir='ltr'>Per</span> <span class='ocrx_word' id='word_1_45' title='bbox 595 851 724 893; x_wconf 81' lang='lat' dir='ltr'>umorem</span> <span class='ocrx_word' id='word_1_46' title='bbox 748 833 844 908; x_wconf 84' lang='lat' dir='ltr'>siquid</span> <span class='ocrx_word' id='word_1_47' title='bbox 873 834 989 909; x_wconf 85' lang='lat' dir='ltr'>ieccro,</span> <span class='ocrx_word' id='word_1_48' title='bbox 1021 835 1163 894; x_wconf 84' lang='lat' dir='ltr'>clementi</span> <span class='ocrx_word' id='word_1_49' title='bbox 1194 838 1333 911; x_wconf 76' lang='lat' dir='ltr'>ignoscet</span> <span class='ocrx_word' id='word_1_50' title='bbox 1355 841 1448 898; x_wconf 80' lang='lat' dir='ltr'>oninu</span> 
     </span>
     <span class='ocr_line' id='line_1_6' title="bbox 302 926 1450 1011; baseline -0.003 -17"><span class='ocrx_word' id='word_1_51' title='bbox 302 963 339 975; x_wconf 93' lang='lat'>·-</span> <span class='ocrx_word' id='word_1_52' title='bbox 364 936 445 1011; x_wconf 86' lang='lat' dir='ltr'>,post</span> <span class='ocrx_word' id='word_1_53' title='bbox 477 934 596 1005; x_wconf 83' lang='lat' dir='ltr'>pariter</span> <span class='ocrx_word' id='word_1_54' title='bbox 628 929 719 992; x_wconf 86' lang='lat' dir='ltr'>Ennii</span> <span class='ocrx_word' id='word_1_55' title='bbox 753 926 903 993; x_wconf 85' lang='lat' dir='ltr'>Hecubae</span> <span class='ocrx_word' id='word_1_56' title='bbox 926 928 963 992; x_wconf 90' lang='lat' dir='ltr'>ir.</span> <span class='ocrx_word' id='word_1_57' title='bbox 987 937 1023 1008; x_wconf 83' lang='lat'>4,</span> <span class='ocrx_word' id='word_1_58' title='bbox 1052 948 1080 993; x_wconf 89' lang='lat' dir='ltr'>v.</span> <span class='ocrx_word' id='word_1_59' title='bbox 1110 935 1187 995; x_wconf 83' lang='lat'>230:</span> <span class='ocrx_word' id='word_1_60' title='bbox 1220 935 1300 994; x_wconf 83' lang='lat' dir='ltr'>Non</span> <span class='ocrx_word' id='word_1_61' title='bbox 1328 939 1450 1009; x_wconf 75' lang='lat' dir='ltr'><strong>opulenti</strong></span> 
     </span>
    </p>
   </div>
   <div class='ocr_carea' id='block_1_3' title="bbox 241 1027 1451 4424">
    <p class='ocr_par' dir='ltr' id='par_1_3' title="bbox 241 1027 1451 2258">
     <span class='ocr_line' id='line_1_7' title="bbox 300 1027 1450 1106; baseline 0.001 -16"><span class='ocrx_word' id='word_1_62' title='bbox 300 1048 366 1090; x_wconf 87' lang='lat' dir='ltr'>cum</span> <span class='ocrx_word' id='word_1_63' title='bbox 397 1033 535 1091; x_wconf 87' lang='lat' dir='ltr'>locuntur</span> <span class='ocrx_word' id='word_1_64' title='bbox 566 1030 682 1102; x_wconf 76' lang='lat' dir='ltr'>pariter</span> <span class='ocrx_word' id='word_1_65' title='bbox 717 1032 805 1101; x_wconf 78' lang='lat' dir='ltr'>atquc</span> <span class='ocrx_word' id='word_1_66' title='bbox 834 1030 989 1102; x_wconf 79' lang='lat' dir='ltr'><strong>ignobiles.</strong></span> <span class='ocrx_word' id='word_1_67' title='bbox 1038 1027 1143 1092; x_wconf 84' lang='lat' dir='ltr'>Pluut.</span> <span class='ocrx_word' id='word_1_68' title='bbox 1175 1027 1260 1094; x_wconf 85' lang='lat' dir='ltr'>Men.</span> <span class='ocrx_word' id='word_1_69' title='bbox 1288 1030 1326 1106; x_wconf 86' lang='lat' dir='ltr'>V,</span> <span class='ocrx_word' id='word_1_70' title='bbox 1351 1035 1450 1106; x_wconf 76' lang='lat'>1,5·2:</span> 
     </span>
     <span class='ocr_line' id='line_1_8' title="bbox 294 1124 1451 1209; baseline -0.001 -22"><span class='ocrx_word' id='word_1_71' title='bbox 294 1131 418 1209; x_wconf 77' lang='lat' dir='ltr'>pariter</span> <span class='ocrx_word' id='word_1_72' title='bbox 440 1130 496 1188; x_wconf 90' lang='lat' dir='ltr'>boc</span> <span class='ocrx_word' id='word_1_73' title='bbox 517 1132 606 1199; x_wconf 76' lang='lat' dir='ltr'>atque</span> <span class='ocrx_word' id='word_1_74' title='bbox 629 1129 704 1185; x_wconf 82' lang='lat' dir='ltr'>clius</span> <span class='ocrx_word' id='word_1_75' title='bbox 726 1143 775 1184; x_wconf 88' lang='lat' dir='ltr'>res</span> <span class='ocrx_word' id='word_1_76' title='bbox 799 1129 887 1186; x_wconf 86' lang='lat' dir='ltr'>soles.</span> <span class='ocrx_word' id='word_1_77' title='bbox 925 1124 1052 1189; x_wconf 83' lang='lat' dir='ltr'>Terent.</span> <span class='ocrx_word' id='word_1_78' title='bbox 1078 1124 1203 1190; x_wconf 85' lang='lat' dir='ltr'>Phorm.</span> <span class='ocrx_word' id='word_1_79' title='bbox 1229 1127 1269 1206; x_wconf 88' lang='lat' dir='ltr'>V,</span> <span class='ocrx_word' id='word_1_80' title='bbox 1295 1133 1325 1206; x_wconf 88' lang='lat'>3,</span> <span class='ocrx_word' id='word_1_81' title='bbox 1349 1130 1451 1192; x_wconf 64' lang='lat'>3:1²4</span> 
     </span>
     <span class='ocr_line' id='line_1_9' title="bbox 299 1225 1449 1305; baseline 0 -19"><span class='ocrx_word' id='word_1_82' title='bbox 299 1229 373 1286; x_wconf 81' lang='lat' dir='ltr'>riter</span> <span class='ocrx_word' id='word_1_83' title='bbox 396 1241 473 1285; x_wconf 88' lang='lat' dir='ltr'>nnnc</span> <span class='ocrx_word' id='word_1_84' title='bbox 494 1240 588 1298; x_wconf 81' lang='lat' dir='ltr'>opera</span> <span class='ocrx_word' id='word_1_85' title='bbox 610 1241 656 1282; x_wconf 86' lang='lat' dir='ltr'>rue</span> <span class='ocrx_word' id='word_1_86' title='bbox 680 1225 812 1298; x_wconf 80' lang='lat' dir='ltr'>adiuvas,</span> <span class='ocrx_word' id='word_1_87' title='bbox 836 1242 872 1284; x_wconf 83' lang='lat' dir='ltr'>ac</span> <span class='ocrx_word' id='word_1_88' title='bbox 892 1243 926 1284; x_wconf 89' lang='lat' dir='ltr'>re</span> <span class='ocrx_word' id='word_1_89' title='bbox 950 1226 1057 1284; x_wconf 85' lang='lat' dir='ltr'>dudum</span> <span class='ocrx_word' id='word_1_90' title='bbox 1081 1228 1230 1299; x_wconf 72' lang='lat' dir='ltr'><strong>opitulata</strong></span> <span class='ocrx_word' id='word_1_91' title='bbox 1255 1245 1299 1287; x_wconf 87' lang='lat' dir='ltr'>es.</span> <span class='ocrx_word' id='word_1_92' title='bbox 1326 1260 1369 1270; x_wconf 97' lang='lat'>-</span> <span class='ocrx_word' id='word_1_93' title='bbox 1389 1239 1449 1305; x_wconf 78' lang='lat' dir='ltr'>post</span> 
     </span>
     <span class='ocr_line' id='line_1_10' title="bbox 299 1317 1450 1399; baseline -0.002 -14"><span class='ocrx_word' id='word_1_94' title='bbox 299 1323 408 1385; x_wconf 78' lang='lat' dir='ltr'>similis</span> <span class='ocrx_word' id='word_1_95' title='bbox 436 1326 469 1383; x_wconf 91' lang='lat' dir='ltr'>et</span> <span class='ocrx_word' id='word_1_96' title='bbox 503 1321 664 1380; x_wconf 73' lang='lat' dir='ltr'>costsimiiis</span> <span class='ocrx_word' id='word_1_97' title='bbox 688 1317 792 1382; x_wconf 85' lang='lat' dir='ltr'>Plout.</span> <span class='ocrx_word' id='word_1_98' title='bbox 825 1318 935 1399; x_wconf 82' lang='lat' dir='ltr'><strong>Amph.</strong></span> <span class='ocrx_word' id='word_1_99' title='bbox 966 1320 994 1397; x_wconf 89' lang='lat'>1,</span> <span class='ocrx_word' id='word_1_100' title='bbox 1025 1326 1060 1396; x_wconf 88' lang='lat'>1,</span> <span class='ocrx_word' id='word_1_101' title='bbox 1083 1325 1159 1383; x_wconf 77' lang='lat'>287:</span> <span class='ocrx_word' id='word_1_102' title='bbox 1196 1332 1258 1383; x_wconf 80' lang='lat' dir='ltr'>tom</span> <span class='ocrx_word' id='word_1_103' title='bbox 1289 1326 1450 1385; x_wconf 77' lang='lat' dir='ltr'>consimilis</span> 
     </span>
     <span class='ocr_line' id='line_1_11' title="bbox 300 1415 1450 1494; baseline 0.003 -15"><span class='ocrx_word' id='word_1_104' title='bbox 300 1426 388 1492; x_wconf 78' lang='lat' dir='ltr'>osque</span> <span class='ocrx_word' id='word_1_105' title='bbox 409 1436 475 1493; x_wconf 80' lang='lat' dir='ltr'>ego.</span> <span class='ocrx_word' id='word_1_106' title='bbox 520 1415 587 1479; x_wconf 82' lang='lat' dir='ltr'>nin.</span> <span class='ocrx_word' id='word_1_107' title='bbox 612 1416 658 1494; x_wconf 90' lang='lat' dir='ltr'>ll,</span> <span class='ocrx_word' id='word_1_108' title='bbox 682 1424 712 1493; x_wconf 85' lang='lat'>4,</span> <span class='ocrx_word' id='word_1_109' title='bbox 732 1421 787 1479; x_wconf 82' lang='lat'>48:</span> <span class='ocrx_word' id='word_1_110' title='bbox 819 1419 860 1479; x_wconf 92' lang='lat' dir='ltr'>Ut</span> <span class='ocrx_word' id='word_1_111' title='bbox 892 1419 929 1478; x_wconf 84' lang='lat' dir='ltr'>od</span> <span class='ocrx_word' id='word_1_112' title='bbox 952 1419 981 1477; x_wconf 89' lang='lat' dir='ltr'>id</span> <span class='ocrx_word' id='word_1_113' title='bbox 1005 1423 1173 1494; x_wconf 82' lang='lat' dir='ltr'>exemplum</span> <span class='ocrx_word' id='word_1_114' title='bbox 1196 1426 1347 1481; x_wconf 85' lang='lat' dir='ltr'>somnium</span> <span class='ocrx_word' id='word_1_115' title='bbox 1370 1425 1450 1481; x_wconf 70' lang='lat' dir='ltr'>consi</span> 
     </span>
     <span class='ocr_line' id='line_1_12' title="bbox 241 1514 1449 1592; baseline 0.002 -18"><span class='ocrx_word' id='word_1_116' title='bbox 241 1553 244 1558; x_wconf 20' lang='grc' dir='ltr'><strong>Δ</strong></span> <span class='ocrx_word' id='word_1_117' title='bbox 299 1518 368 1575; x_wconf 76' lang='lat' dir='ltr'>mile</span> <span class='ocrx_word' id='word_1_118' title='bbox 392 1517 558 1592; x_wconf 74' lang='lat' dir='ltr'>somniavit,</span> <span class='ocrx_word' id='word_1_119' title='bbox 579 1514 678 1587; x_wconf 72' lang='lat' dir='ltr'>Atque</span> <span class='ocrx_word' id='word_1_120' title='bbox 700 1524 732 1575; x_wconf 93' lang='lat' dir='ltr'>nt</span> <span class='ocrx_word' id='word_1_121' title='bbox 754 1525 786 1574; x_wconf 88' lang='lat' dir='ltr'>tu</span> <span class='ocrx_word' id='word_1_122' title='bbox 810 1519 978 1590; x_wconf 79' lang='lat' dir='ltr'>suspicatus</span> <span class='ocrx_word' id='word_1_123' title='bbox 1002 1535 1034 1577; x_wconf 90' lang='lat' dir='ltr'>cs</span> <span class='ocrx_word' id='word_1_124' title='bbox 1057 1515 1114 1592; x_wconf 91' lang='lat' dir='ltr'>[te]</span> <span class='ocrx_word' id='word_1_125' title='bbox 1137 1534 1202 1578; x_wconf 81' lang='lat' dir='ltr'>conr</span> <span class='ocrx_word' id='word_1_126' title='bbox 1228 1521 1342 1580; x_wconf 80' lang='lat' dir='ltr'>vidisse</span> <span class='ocrx_word' id='word_1_127' title='bbox 1358 1537 1449 1579; x_wconf 68' lang='lat' dir='ltr'>cunu-</span> 
     </span>
     <span class='ocr_line' id='line_1_13' title="bbox 301 1609 1450 1692; baseline 0.003 -17"><span class='ocrx_word' id='word_1_128' title='bbox 301 1619 427 1688; x_wconf 84' lang='lat' dir='ltr'>iontem‚</span> <span class='ocrx_word' id='word_1_129' title='bbox 451 1611 505 1674; x_wconf 94' lang='lat' dir='ltr'>ubi</span> <span class='ocrx_word' id='word_1_130' title='bbox 528 1609 764 1675; x_wconf 83' lang='lat' dir='ltr'>Lindemannus</span> <span class='ocrx_word' id='word_1_131' title='bbox 787 1629 849 1674; x_wconf 94' lang='lat' dir='ltr'>non</span> <span class='ocrx_word' id='word_1_132' title='bbox 873 1619 970 1689; x_wconf 86' lang='lat' dir='ltr'>recte,</span> <span class='ocrx_word' id='word_1_133' title='bbox 994 1617 1082 1692; x_wconf 86' lang='lat' dir='ltr'>puto,</span> <span class='ocrx_word' id='word_1_134' title='bbox 1105 1614 1203 1678; x_wconf 86' lang='lat' dir='ltr'>verbu</span> <span class='ocrx_word' id='word_1_135' title='bbox 1218 1623 1309 1690; x_wconf 74' lang='lat' dir='ltr'>atque</span> <span class='ocrx_word' id='word_1_136' title='bbox 1332 1619 1450 1689; x_wconf 62' lang='lat' dir='ltr'>scenos</span> 
     </span>
     <span class='ocr_line' id='line_1_14' title="bbox 300 1707 1450 1787; baseline -0.002 -15"><span class='ocrx_word' id='word_1_137' title='bbox 300 1717 347 1772; x_wconf 81' lang='lat' dir='ltr'>tus</span> <span class='ocrx_word' id='word_1_138' title='bbox 368 1729 398 1771; x_wconf 81' lang='lat' dir='ltr'>es</span> <span class='ocrx_word' id='word_1_139' title='bbox 420 1707 518 1772; x_wconf 80' lang='lat' dir='ltr'>refert</span> <span class='ocrx_word' id='word_1_140' title='bbox 540 1708 580 1771; x_wconf 88' lang='lat' dir='ltr'>ad</span> <span class='ocrx_word' id='word_1_141' title='bbox 602 1727 630 1771; x_wconf 82' lang='lat' dir='ltr'>v.</span> <span class='ocrx_word' id='word_1_142' title='bbox 654 1711 695 1769; x_wconf 82' lang='lat' dir='ltr'>od</span> <span class='ocrx_word' id='word_1_143' title='bbox 715 1711 749 1769; x_wconf 85' lang='lat' dir='ltr'>id</span> <span class='ocrx_word' id='word_1_144' title='bbox 770 1712 908 1783; x_wconf 63' lang='lat' dir='ltr'>exempl„</span> <span class='ocrx_word' id='word_1_145' title='bbox 931 1709 1026 1774; x_wconf 91' lang='lat' dir='ltr'>immo</span> <span class='ocrx_word' id='word_1_146' title='bbox 1049 1712 1089 1771; x_wconf 81' lang='lat' dir='ltr'>od</span> <span class='ocrx_word' id='word_1_147' title='bbox 1109 1711 1142 1773; x_wconf 73' lang='lat' dir='ltr'>io</span> <span class='ocrx_word' id='word_1_148' title='bbox 1163 1716 1290 1787; x_wconf 71' lang='lat' dir='ltr'>coenspi.</span> <span class='ocrx_word' id='word_1_149' title='bbox 1314 1716 1450 1774; x_wconf 64' lang='lat' dir='ltr'>wuston</span> 
     </span>
     <span class='ocr_line' id='line_1_15' title="bbox 300 1804 1447 1887; baseline -0.002 -17"><span class='ocrx_word' id='word_1_150' title='bbox 300 1825 394 1871; x_wconf 79' lang='lat' dir='ltr'>innam</span> <span class='ocrx_word' id='word_1_151' title='bbox 426 1804 566 1869; x_wconf 80' lang='lat' dir='ltr'>efficiunt</span> <span class='ocrx_word' id='word_1_152' title='bbox 596 1806 773 1881; x_wconf 85' lang='lat' dir='ltr'>notionum,</span> <span class='ocrx_word' id='word_1_153' title='bbox 809 1808 848 1869; x_wconf 82' lang='lat' dir='ltr'>cd</span> <span class='ocrx_word' id='word_1_154' title='bbox 876 1823 970 1885; x_wconf 81' lang='lat' dir='ltr'>quum</span> <span class='ocrx_word' id='word_1_155' title='bbox 1000 1806 1140 1872; x_wconf 82' lang='lat' dir='ltr'>refertur</span> <span class='ocrx_word' id='word_1_156' title='bbox 1170 1809 1338 1887; x_wconf 77' lang='lat' dir='ltr'>porticula</span> <span class='ocrx_word' id='word_1_157' title='bbox 1367 1818 1447 1883; x_wconf 67' lang='lat' dir='ltr'>atquc</span> 
     </span>
     <span class='ocr_line' id='line_1_16' title="bbox 299 1903 1448 1971; baseline -0.003 -3"><span class='ocrx_word' id='word_1_158' title='bbox 299 1904 448 1968; x_wconf 78' lang='lat' dir='ltr'>Ceterum</span> <span class='ocrx_word' id='word_1_159' title='bbox 470 1910 505 1963; x_wconf 77' lang='lat' dir='ltr'>ut</span> <span class='ocrx_word' id='word_1_160' title='bbox 527 1909 614 1966; x_wconf 86' lang='lat' dir='ltr'>recto</span> <span class='ocrx_word' id='word_1_161' title='bbox 630 1903 708 1968; x_wconf 87' lang='lat' dir='ltr'>dicit</span> <span class='ocrx_word' id='word_1_162' title='bbox 724 1904 959 1969; x_wconf 83' lang='lat' dir='ltr'>Lindemannus</span> <span class='ocrx_word' id='word_1_163' title='bbox 982 1905 1152 1971; x_wconf 82' lang='lat' dir='ltr'>abundare.</span> <span class='ocrx_word' id='word_1_164' title='bbox 1184 1905 1317 1971; x_wconf 84' lang='lat' dir='ltr'>Terent.</span> <span class='ocrx_word' id='word_1_165' title='bbox 1336 1905 1448 1969; x_wconf 85' lang='lat' dir='ltr'>Phonn.</span> 
     </span>
     <span class='ocr_line' id='line_1_17' title="bbox 299 2000 1448 2083; baseline 0 -20"><span class='ocrx_word' id='word_1_166' title='bbox 299 2000 378 2080; x_wconf 90' lang='lat' dir='ltr'>prol.</span> <span class='ocrx_word' id='word_1_167' title='bbox 402 2020 430 2062; x_wconf 87' lang='lat' dir='ltr'>v.</span> <span class='ocrx_word' id='word_1_168' title='bbox 455 2006 509 2063; x_wconf 87' lang='lat'>31:</span> <span class='ocrx_word' id='word_1_169' title='bbox 533 2005 578 2062; x_wconf 92' lang='lat' dir='ltr'>Ne</span> <span class='ocrx_word' id='word_1_170' title='bbox 601 2004 833 2063; x_wconf 73' lang='lat' dir='ltr'>simili-utemur</span> <span class='ocrx_word' id='word_1_171' title='bbox 856 2003 985 2081; x_wconf 80' lang='lat' dir='ltr'>fortune,</span> <span class='ocrx_word' id='word_1_172' title='bbox 1009 2010 1096 2078; x_wconf 75' lang='lat' dir='ltr'>atque</span> <span class='ocrx_word' id='word_1_173' title='bbox 1118 2007 1163 2065; x_wconf 84' lang='lat' dir='ltr'>usi</span> <span class='ocrx_word' id='word_1_174' title='bbox 1186 2023 1299 2067; x_wconf 87' lang='lat' dir='ltr'>sumus.</span> <span class='ocrx_word' id='word_1_175' title='bbox 1324 2038 1369 2049; x_wconf 96' lang='lat'>—</span> <span class='ocrx_word' id='word_1_176' title='bbox 1391 2015 1448 2083; x_wconf 80' lang='lat' dir='ltr'>post</span> 
     </span>
     <span class='ocr_line' id='line_1_18' title="bbox 300 2096 1447 2178; baseline 0.001 -20"><span class='ocrx_word' id='word_1_177' title='bbox 300 2101 369 2158; x_wconf 80' lang='lat' dir='ltr'>totis</span> <span class='ocrx_word' id='word_1_178' title='bbox 393 2097 463 2160; x_wconf 87' lang='lat' dir='ltr'>Ter.</span> <span class='ocrx_word' id='word_1_179' title='bbox 488 2096 613 2162; x_wconf 87' lang='lat' dir='ltr'>Phorm.</span> <span class='ocrx_word' id='word_1_180' title='bbox 637 2099 675 2176; x_wconf 93' lang='lat' dir='ltr'>V,</span> <span class='ocrx_word' id='word_1_181' title='bbox 699 2106 728 2176; x_wconf 85' lang='lat'>9,</span> <span class='ocrx_word' id='word_1_182' title='bbox 754 2105 809 2164; x_wconf 84' lang='lat'>39:</span> <span class='ocrx_word' id='word_1_183' title='bbox 840 2103 922 2161; x_wconf 77' lang='lat' dir='ltr'>Faxo</span> <span class='ocrx_word' id='word_1_184' title='bbox 950 2104 1005 2162; x_wconf 77' lang='lat' dir='ltr'>toli</span> <span class='ocrx_word' id='word_1_185' title='bbox 1026 2120 1092 2163; x_wconf 86' lang='lat' dir='ltr'>curn</span> <span class='ocrx_word' id='word_1_186' title='bbox 1115 2110 1279 2163; x_wconf 84' lang='lat' dir='ltr'>moctutum</span> <span class='ocrx_word' id='word_1_187' title='bbox 1302 2109 1392 2178; x_wconf 70' lang='lat' dir='ltr'>‹dpuc</span> <span class='ocrx_word' id='word_1_188' title='bbox 1412 2105 1447 2161; x_wconf 87' lang='lat' dir='ltr'>bic</span> 
     </span>
     <span class='ocr_line' id='line_1_19' title="bbox 300 2195 933 2258; baseline 0.003 -1"><span class='ocrx_word' id='word_1_189' title='bbox 300 2208 347 2257; x_wconf 89' lang='lat' dir='ltr'>est</span> <span class='ocrx_word' id='word_1_190' title='bbox 369 2197 541 2258; x_wconf 85' lang='lat' dir='ltr'>infortunio.</span> <span class='ocrx_word' id='word_1_191' title='bbox 930 2195 933 2202; x_wconf 78' lang='grc'><strong>’</strong></span> 
     </span>
    </p>

    <p class='ocr_par' dir='ltr' id='par_1_4' title="bbox 294 2292 1449 3248">
     <span class='ocr_line' id='line_1_20' title="bbox 386 2292 1446 2361; baseline 0 -5"><span class='ocrx_word' id='word_1_192' title='bbox 386 2294 404 2355; x_wconf 83' lang='grc' dir='ltr'>Ι.</span> <span class='ocrx_word' id='word_1_193' title='bbox 450 2292 571 2357; x_wconf 85' lang='lat' dir='ltr'>Eodem</span> <span class='ocrx_word' id='word_1_194' title='bbox 594 2293 687 2357; x_wconf 86' lang='lat' dir='ltr'>inodo</span> <span class='ocrx_word' id='word_1_195' title='bbox 710 2293 816 2358; x_wconf 76' lang='lat' dir='ltr'>Latini</span> <span class='ocrx_word' id='word_1_196' title='bbox 840 2294 951 2359; x_wconf 88' lang='lat' dir='ltr'>dicunt</span> <span class='ocrx_word' id='word_1_197' title='bbox 970 2295 1002 2360; x_wconf 94' lang='lat' dir='ltr'>in</span> <span class='ocrx_word' id='word_1_198' title='bbox 1024 2295 1216 2360; x_wconf 82' lang='lat' dir='ltr'>conterendo</span> <span class='ocrx_word' id='word_1_199' title='bbox 1244 2315 1281 2360; x_wconf 90' lang='lat' dir='ltr'>re</span> <span class='ocrx_word' id='word_1_200' title='bbox 1304 2296 1446 2361; x_wconf 85' lang='lat' dir='ltr'>dissimili.</span> 
     </span>
     <span class='ocr_line' id='line_1_21' title="bbox 298 2390 1447 2470; baseline 0 -15"><span class='ocrx_word' id='word_1_201' title='bbox 298 2390 376 2455; x_wconf 86' lang='lat' dir='ltr'>Post</span> <span class='ocrx_word' id='word_1_202' title='bbox 399 2395 478 2455; x_wconf 74' lang='lat' dir='ltr'>aiios</span> <span class='ocrx_word' id='word_1_203' title='bbox 501 2390 603 2454; x_wconf 85' lang='lat' dir='ltr'>Plaut.</span> <span class='ocrx_word' id='word_1_204' title='bbox 627 2393 713 2456; x_wconf 77' lang='lat' dir='ltr'>Asin.</span> <span class='ocrx_word' id='word_1_205' title='bbox 737 2391 767 2470; x_wconf 91' lang='lat' dir='ltr'>l,</span> <span class='ocrx_word' id='word_1_206' title='bbox 792 2398 826 2470; x_wconf 89' lang='lat'>3,</span> <span class='ocrx_word' id='word_1_207' title='bbox 851 2398 907 2457; x_wconf 79' lang='lat'>54:</span> <span class='ocrx_word' id='word_1_208' title='bbox 936 2398 1031 2455; x_wconf 76' lang='lat' dir='ltr'>Alieni</span> <span class='ocrx_word' id='word_1_209' title='bbox 1063 2413 1139 2455; x_wconf 90' lang='lat' dir='ltr'>nunc</span> <span class='ocrx_word' id='word_1_210' title='bbox 1162 2400 1202 2455; x_wconf 88' lang='lat' dir='ltr'>mi</span> <span class='ocrx_word' id='word_1_211' title='bbox 1227 2400 1395 2456; x_wconf 85' lang='lat' dir='ltr'>orotioncn</span> <span class='ocrx_word' id='word_1_212' title='bbox 1416 2427 1447 2436; x_wconf 95' lang='lat'><em>-</em></span> 
     </span>
     <span class='ocr_line' id='line_1_22' title="bbox 298 2491 1447 2568; baseline 0.003 -19"><span class='ocrx_word' id='word_1_213' title='bbox 298 2491 472 2566; x_wconf 77' lang='lat' dir='ltr'>praedicas,</span> <span class='ocrx_word' id='word_1_214' title='bbox 501 2491 605 2551; x_wconf 79' lang='lat' dir='ltr'>Anum</span> <span class='ocrx_word' id='word_1_215' title='bbox 633 2497 721 2565; x_wconf 71' lang='lat' dir='ltr'>cepoe</span> <span class='ocrx_word' id='word_1_216' title='bbox 750 2494 821 2554; x_wconf 77' lang='lat' dir='ltr'>olins</span> <span class='ocrx_word' id='word_1_217' title='bbox 844 2511 930 2568; x_wconf 84' lang='lat' dir='ltr'>quoni</span> <span class='ocrx_word' id='word_1_218' title='bbox 955 2493 1109 2555; x_wconf 77' lang='lat' dir='ltr'>inliciebas</span> <span class='ocrx_word' id='word_1_219' title='bbox 1137 2497 1214 2556; x_wconf 85' lang='lat' dir='ltr'>cett.</span> <span class='ocrx_word' id='word_1_220' title='bbox 1240 2492 1359 2558; x_wconf 83' lang='lat' dir='ltr'>Pseud·</span> <span class='ocrx_word' id='word_1_221' title='bbox 1383 2491 1406 2567; x_wconf 91' lang='grc' dir='ltr'>Ι,</span> <span class='ocrx_word' id='word_1_222' title='bbox 1426 2497 1447 2563; x_wconf 79' lang='lat' dir='ltr'>i,</span> 
     </span>
     <span class='ocr_line' id='line_1_23' title="bbox 299 2591 1449 2667; baseline 0.003 -17"><span class='ocrx_word' id='word_1_223' title='bbox 299 2593 353 2653; x_wconf 81' lang='lat'>59:</span> <span class='ocrx_word' id='word_1_224' title='bbox 388 2591 460 2649; x_wconf 86' lang='lat' dir='ltr'>bsut</span> <span class='ocrx_word' id='word_1_225' title='bbox 486 2592 546 2648; x_wconf 84' lang='lat' dir='ltr'>clio</span> <span class='ocrx_word' id='word_1_226' title='bbox 574 2592 660 2651; x_wconf 89' lang='lat' dir='ltr'>modo</span> <span class='ocrx_word' id='word_1_227' title='bbox 695 2594 744 2650; x_wconf 88' lang='lat' dir='ltr'>Me</span> <span class='ocrx_word' id='word_1_228' title='bbox 774 2593 934 2650; x_wconf 78' lang='lat' dir='ltr'>verberare</span> <span class='ocrx_word' id='word_1_229' title='bbox 963 2597 1051 2663; x_wconf 74' lang='lat' dir='ltr'>cipite</span> <span class='ocrx_word' id='word_1_230' title='bbox 1080 2610 1134 2667; x_wconf 80' lang='lat' dir='ltr'>ego</span> <span class='ocrx_word' id='word_1_231' title='bbox 1163 2602 1192 2651; x_wconf 90' lang='lat' dir='ltr'>te</span> <span class='ocrx_word' id='word_1_232' title='bbox 1221 2596 1307 2653; x_wconf 86' lang='lat' dir='ltr'>solco</span> <span class='ocrx_word' id='word_1_233' title='bbox 1339 2596 1449 2666; x_wconf 77' lang='lat' dir='ltr'>cogites.</span> 
     </span>
     <span class='ocr_line' id='line_1_24' title="bbox 299 2685 1446 2766; baseline 0 -18"><span class='ocrx_word' id='word_1_234' title='bbox 299 2702 393 2764; x_wconf 86' lang='lat' dir='ltr'>quern</span> <span class='ocrx_word' id='word_1_235' title='bbox 417 2686 520 2750; x_wconf 89' lang='lat' dir='ltr'>locum</span> <span class='ocrx_word' id='word_1_236' title='bbox 545 2685 681 2764; x_wconf 84' lang='lat' dir='ltr'>explicat</span> <span class='ocrx_word' id='word_1_237' title='bbox 706 2685 904 2766; x_wconf 80' lang='lat' dir='ltr'>Ladeuigius</span> <span class='ocrx_word' id='word_1_238' title='bbox 926 2685 958 2748; x_wconf 90' lang='lat' dir='ltr'>in</span> <span class='ocrx_word' id='word_1_239' title='bbox 979 2685 1129 2751; x_wconf 79' lang='lat' dir='ltr'>Zeitscbr.</span> <span class='ocrx_word' id='word_1_240' title='bbox 1153 2687 1172 2751; x_wconf 89' lang='lat' dir='ltr'>i.</span> <span class='ocrx_word' id='word_1_241' title='bbox 1194 2687 1339 2753; x_wconf 82' lang='lat' dir='ltr'>Altertb.</span> <span class='ocrx_word' id='word_1_242' title='bbox 1368 2691 1446 2751; x_wconf 70' lang='lat'>1842.</span> 
     </span>
     <span class='ocr_line' id='line_1_25' title="bbox 297 2782 1447 2863; baseline -0.003 -18"><span class='ocrx_word' id='word_1_243' title='bbox 297 2800 326 2862; x_wconf 87' lang='lat' dir='ltr'>p.</span> <span class='ocrx_word' id='word_1_244' title='bbox 363 2789 451 2847; x_wconf 79' lang='lat'>1074.</span> <span class='ocrx_word' id='word_1_245' title='bbox 491 2783 607 2846; x_wconf 87' lang='lat' dir='ltr'>Pseud.</span> <span class='ocrx_word' id='word_1_246' title='bbox 631 2782 686 2860; x_wconf 91' lang='lat' dir='ltr'>IV,</span> <span class='ocrx_word' id='word_1_247' title='bbox 717 2790 748 2861; x_wconf 83' lang='grc'>7,</span> <span class='ocrx_word' id='word_1_248' title='bbox 779 2790 834 2847; x_wconf 84' lang='grc'>35;</span> <span class='ocrx_word' id='word_1_249' title='bbox 869 2787 929 2845; x_wconf 80' lang='lat' dir='ltr'>clio</span> <span class='ocrx_word' id='word_1_250' title='bbox 963 2796 1030 2846; x_wconf 89' lang='lat' dir='ltr'>sunt</span> <span class='ocrx_word' id='word_1_251' title='bbox 1064 2788 1109 2846; x_wconf 91' lang='lat' dir='ltr'>iili</span> <span class='ocrx_word' id='word_1_252' title='bbox 1139 2789 1262 2863; x_wconf 78' lang='lat' dir='ltr'>ingenio</span> <span class='ocrx_word' id='word_1_253' title='bbox 1293 2794 1384 2860; x_wconf 75' lang='lat' dir='ltr'>otone</span> <span class='ocrx_word' id='word_1_254' title='bbox 1416 2796 1447 2844; x_wconf 89' lang='lat' dir='ltr'>tu.</span> 
     </span>
     <span class='ocr_line' id='line_1_26' title="bbox 301 2879 1447 2960; baseline 0 -18"><span class='ocrx_word' id='word_1_255' title='bbox 301 2879 429 2943; x_wconf 80' lang='lat' dir='ltr'>Terent.</span> <span class='ocrx_word' id='word_1_256' title='bbox 455 2880 550 2943; x_wconf 84' lang='lat' dir='ltr'>Andr.</span> <span class='ocrx_word' id='word_1_257' title='bbox 567 2879 624 2957; x_wconf 93' lang='grc' dir='ltr'>ΙΙΙ,</span> <span class='ocrx_word' id='word_1_258' title='bbox 642 2886 669 2956; x_wconf 91' lang='lat'>3,</span> <span class='ocrx_word' id='word_1_259' title='bbox 692 2886 744 2945; x_wconf 89' lang='lat'>13:</span> <span class='ocrx_word' id='word_1_260' title='bbox 768 2884 872 2943; x_wconf 69' lang='lat' dir='ltr'>Alium</span> <span class='ocrx_word' id='word_1_261' title='bbox 896 2902 961 2944; x_wconf 85' lang='lat' dir='ltr'>csse</span> <span class='ocrx_word' id='word_1_262' title='bbox 986 2901 1089 2944; x_wconf 85' lang='lat' dir='ltr'>censes</span> <span class='ocrx_word' id='word_1_263' title='bbox 1113 2903 1190 2944; x_wconf 83' lang='lat' dir='ltr'>nnnc</span> <span class='ocrx_word' id='word_1_264' title='bbox 1214 2904 1262 2946; x_wconf 82' lang='lat' dir='ltr'>nie</span> <span class='ocrx_word' id='word_1_265' title='bbox 1285 2888 1447 2960; x_wconf 76' lang='lat' dir='ltr'>atpncoiin</span> 
     </span>
     <span class='ocr_line' id='line_1_27' title="bbox 299 2975 1448 3056; baseline 0.003 -20"><span class='ocrx_word' id='word_1_266' title='bbox 299 2997 388 3052; x_wconf 86' lang='lat' dir='ltr'>quom</span> <span class='ocrx_word' id='word_1_267' title='bbox 414 2975 541 3038; x_wconf 73' lang='lat' dir='ltr'>dabam?</span> <span class='ocrx_word' id='word_1_268' title='bbox 585 2976 710 3048; x_wconf 80' lang='lat' dir='ltr'>Phorm,</span> <span class='ocrx_word' id='word_1_269' title='bbox 733 2977 788 3054; x_wconf 80' lang='lat' dir='ltr'>lv,</span> <span class='ocrx_word' id='word_1_270' title='bbox 812 2985 843 3056; x_wconf 80' lang='grc'>4,</span> <span class='ocrx_word' id='word_1_271' title='bbox 867 2985 902 3043; x_wconf 87' lang='lat'>3:</span> <span class='ocrx_word' id='word_1_272' title='bbox 938 2983 1018 3054; x_wconf 84' lang='lat' dir='ltr'>Ebc,</span> <span class='ocrx_word' id='word_1_273' title='bbox 1042 2983 1183 3054; x_wconf 83' lang='lat' dir='ltr'>verbero,</span> <span class='ocrx_word' id='word_1_274' title='bbox 1207 2984 1296 3041; x_wconf 81' lang='lat' dir='ltr'>aliud</span> <span class='ocrx_word' id='word_1_275' title='bbox 1319 2986 1389 3043; x_wconf 86' lang='lat' dir='ltr'>mibi</span> <span class='ocrx_word' id='word_1_276' title='bbox 1410 3001 1448 3040; x_wconf 80' lang='lat' dir='ltr'>re-</span> 
     </span>
     <span class='ocr_line' id='line_1_28' title="bbox 300 3077 1448 3155; baseline 0.001 -20"><span class='ocrx_word' id='word_1_277' title='bbox 300 3077 430 3150; x_wconf 84' lang='lat' dir='ltr'>spondes</span> <span class='ocrx_word' id='word_1_278' title='bbox 460 3092 496 3135; x_wconf 87' lang='lat' dir='ltr'>oc</span> <span class='ocrx_word' id='word_1_279' title='bbox 518 3077 612 3151; x_wconf 82' lang='lat' dir='ltr'>rogo?</span> <span class='ocrx_word' id='word_1_280' title='bbox 634 3106 674 3117; x_wconf 92' lang='lat'><em>-</em></span> <span class='ocrx_word' id='word_1_281' title='bbox 699 3082 772 3155; x_wconf 81' lang='lat' dir='ltr'>post</span> <span class='ocrx_word' id='word_1_282' title='bbox 796 3079 941 3138; x_wconf 72' lang='lat' dir='ltr'>aliorsum</span> <span class='ocrx_word' id='word_1_283' title='bbox 963 3077 1044 3139; x_wconf 88' lang='lat' dir='ltr'>Eun.</span> <span class='ocrx_word' id='word_1_284' title='bbox 1069 3077 1098 3154; x_wconf 94' lang='grc' dir='ltr'>Ι,</span> <span class='ocrx_word' id='word_1_285' title='bbox 1123 3082 1158 3150; x_wconf 82' lang='lat'>2,</span> <span class='ocrx_word' id='word_1_286' title='bbox 1183 3082 1218 3141; x_wconf 83' lang='lat'>2:</span> <span class='ocrx_word' id='word_1_287' title='bbox 1244 3082 1391 3141; x_wconf 74' lang='lat' dir='ltr'>aliorsum</span> <span class='ocrx_word' id='word_1_288' title='bbox 1410 3085 1448 3137; x_wconf 87' lang='lat' dir='ltr'>ot-</span> 
     </span>
     <span class='ocr_line' id='line_1_29' title="bbox 294 3173 520 3248; baseline 0.004 -15"><span class='ocrx_word' id='word_1_289' title='bbox 294 3191 350 3246; x_wconf 79' lang='lat' dir='ltr'>puc</span> <span class='ocrx_word' id='word_1_290' title='bbox 375 3191 428 3248; x_wconf 81' lang='lat' dir='ltr'>ego</span> <span class='ocrx_word' id='word_1_291' title='bbox 453 3173 520 3234; x_wconf 88' lang='lat' dir='ltr'>ieci.</span> 
     </span>
    </p>

    <p class='ocr_par' dir='ltr' id='par_1_5' title="bbox 292 3268 1448 3837">
     <span class='ocr_line' id='line_1_30' title="bbox 386 3268 1446 3350; baseline 0.004 -18"><span class='ocrx_word' id='word_1_292' title='bbox 386 3270 415 3332; x_wconf 87' lang='lat' dir='ltr'>k.</span> <span class='ocrx_word' id='word_1_293' title='bbox 462 3268 498 3330; x_wconf 92' lang='lat' dir='ltr'>In</span> <span class='ocrx_word' id='word_1_294' title='bbox 521 3268 571 3332; x_wconf 89' lang='lat' dir='ltr'>his</span> <span class='ocrx_word' id='word_1_295' title='bbox 594 3271 798 3348; x_wconf 80' lang='lat' dir='ltr'>comparandi</span> <span class='ocrx_word' id='word_1_296' title='bbox 820 3270 964 3335; x_wconf 86' lang='lat' dir='ltr'>formulis</span> <span class='ocrx_word' id='word_1_297' title='bbox 989 3271 1143 3350; x_wconf 84' lang='lat' dir='ltr'>particulo</span> <span class='ocrx_word' id='word_1_298' title='bbox 1172 3278 1262 3346; x_wconf 69' lang='lat' dir='ltr'>cepoe</span> <span class='ocrx_word' id='word_1_299' title='bbox 1294 3274 1356 3338; x_wconf 90' lang='lat' dir='ltr'>sibi</span> <span class='ocrx_word' id='word_1_300' title='bbox 1384 3293 1446 3338; x_wconf 89' lang='lat' dir='ltr'>cou-</span> 
     </span>
     <span class='ocr_line' id='line_1_31' title="bbox 299 3366 1446 3447; baseline 0.004 -19"><span class='ocrx_word' id='word_1_301' title='bbox 299 3366 441 3430; x_wconf 84' lang='lat' dir='ltr'>iunctum</span> <span class='ocrx_word' id='word_1_302' title='bbox 464 3366 581 3430; x_wconf 79' lang='lat' dir='ltr'>hubenc</span> <span class='ocrx_word' id='word_1_303' title='bbox 606 3374 712 3445; x_wconf 76' lang='lat' dir='ltr'>potu-si</span> <span class='ocrx_word' id='word_1_304' title='bbox 735 3370 923 3433; x_wconf 79' lang='lat' dir='ltr'>vocabulum</span> <span class='ocrx_word' id='word_1_305' title='bbox 946 3375 992 3446; x_wconf 80' lang='lat' dir='ltr'>ut,</span> <span class='ocrx_word' id='word_1_306' title='bbox 1023 3369 1104 3431; x_wconf 89' lang='lat' dir='ltr'>unde</span> <span class='ocrx_word' id='word_1_307' title='bbox 1133 3367 1169 3432; x_wconf 88' lang='lat' dir='ltr'>fit</span> <span class='ocrx_word' id='word_1_308' title='bbox 1191 3373 1283 3432; x_wconf 76' lang='lat' dir='ltr'>aliter</span> <span class='ocrx_word' id='word_1_309' title='bbox 1306 3378 1393 3447; x_wconf 78' lang='lat' dir='ltr'>atque</span> <span class='ocrx_word' id='word_1_310' title='bbox 1411 3377 1446 3432; x_wconf 79' lang='lat' dir='ltr'>ut.</span> 
     </span>
     <span class='ocr_line' id='line_1_32' title="bbox 292 3462 1448 3544; baseline 0 -18"><span class='ocrx_word' id='word_1_311' title='bbox 292 3462 407 3527; x_wconf 86' lang='lat' dir='ltr'>Caecil.</span> <span class='ocrx_word' id='word_1_312' title='bbox 440 3464 519 3528; x_wconf 81' lang='lat' dir='ltr'>stat.</span> <span class='ocrx_word' id='word_1_313' title='bbox 551 3463 694 3527; x_wconf 86' lang='lat' dir='ltr'>Plocium</span> <span class='ocrx_word' id='word_1_314' title='bbox 729 3463 767 3527; x_wconf 88' lang='lat' dir='ltr'>ir.</span> <span class='ocrx_word' id='word_1_315' title='bbox 802 3472 854 3529; x_wconf 81' lang='lat'>14:</span> <span class='ocrx_word' id='word_1_316' title='bbox 890 3470 1027 3528; x_wconf 78' lang='lat' dir='ltr'>Insanum</span> <span class='ocrx_word' id='word_1_317' title='bbox 1058 3473 1222 3544; x_wconf 81' lang='lat' dir='ltr'>auspicium</span> <span class='ocrx_word' id='word_1_318' title='bbox 1261 3471 1337 3531; x_wconf 81' lang='lat' dir='ltr'>bont</span> <span class='ocrx_word' id='word_1_319' title='bbox 1371 3475 1448 3531; x_wconf 81' lang='lat' dir='ltr'>uiiter</span> 
     </span>
     <span class='ocr_line' id='line_1_33' title="bbox 297 3562 1446 3644; baseline 0.003 -24"><span class='ocrx_word' id='word_1_320' title='bbox 297 3565 488 3622; x_wconf 88' lang='lat' dir='ltr'>histrionium</span> <span class='ocrx_word' id='word_1_321' title='bbox 511 3571 570 3635; x_wconf 89' lang='lat' dir='ltr'>est,</span> <span class='ocrx_word' id='word_1_322' title='bbox 594 3562 693 3636; x_wconf 81' lang='lat' dir='ltr'>Atque</span> <span class='ocrx_word' id='word_1_323' title='bbox 715 3571 749 3624; x_wconf 85' lang='lat' dir='ltr'>ut</span> <span class='ocrx_word' id='word_1_324' title='bbox 770 3568 976 3641; x_wconf 75' lang='lat' dir='ltr'>magistratus,</span> <span class='ocrx_word' id='word_1_325' title='bbox 1000 3568 1118 3640; x_wconf 82' lang='lat' dir='ltr'>publice</span> <span class='ocrx_word' id='word_1_326' title='bbox 1141 3569 1262 3641; x_wconf 85' lang='lat' dir='ltr'>quondo</span> <span class='ocrx_word' id='word_1_327' title='bbox 1286 3573 1446 3644; x_wconf 66' lang='lat' dir='ltr'>suspicent.</span> 
     </span>
     <span class='ocr_line' id='line_1_34' title="bbox 292 3656 1447 3737; baseline 0.001 -19"><span class='ocrx_word' id='word_1_328' title='bbox 292 3656 396 3720; x_wconf 89' lang='lat' dir='ltr'>Plout.</span> <span class='ocrx_word' id='word_1_329' title='bbox 413 3657 527 3737; x_wconf 78' lang='lat' dir='ltr'><strong>Amph.</strong></span> <span class='ocrx_word' id='word_1_330' title='bbox 551 3658 606 3737; x_wconf 90' lang='lat' dir='ltr'>IV,</span> <span class='ocrx_word' id='word_1_331' title='bbox 626 3666 653 3736; x_wconf 94' lang='grc'>],</span> <span class='ocrx_word' id='word_1_332' title='bbox 675 3666 728 3722; x_wconf 91' lang='lat' dir='ltr'>ll:</span> <span class='ocrx_word' id='word_1_333' title='bbox 752 3663 872 3721; x_wconf 68' lang='lat' dir='ltr'>Pariter</span> <span class='ocrx_word' id='word_1_334' title='bbox 894 3666 950 3724; x_wconf 88' lang='lat' dir='ltr'>boc</span> <span class='ocrx_word' id='word_1_335' title='bbox 973 3665 1006 3723; x_wconf 87' lang='lat' dir='ltr'>fit</span> <span class='ocrx_word' id='word_1_336' title='bbox 1029 3668 1116 3735; x_wconf 71' lang='lat' dir='ltr'>copae</span> <span class='ocrx_word' id='word_1_337' title='bbox 1136 3669 1170 3724; x_wconf 84' lang='lat' dir='ltr'>ut</span> <span class='ocrx_word' id='word_1_338' title='bbox 1193 3667 1257 3726; x_wconf 84' lang='lat' dir='ltr'>otia</span> <span class='ocrx_word' id='word_1_339' title='bbox 1280 3666 1364 3728; x_wconf 74' lang='lat' dir='ltr'>iacto</span> <span class='ocrx_word' id='word_1_340' title='bbox 1381 3678 1447 3726; x_wconf 81' lang='lat' dir='ltr'>snut.</span> 
     </span>
     <span class='ocr_line' id='line_1_35' title="bbox 294 3752 1207 3837; baseline 0.002 -21"><span class='ocrx_word' id='word_1_341' title='bbox 294 3753 384 3816; x_wconf 86' lang='lat' dir='ltr'>Adde</span> <span class='ocrx_word' id='word_1_342' title='bbox 408 3754 511 3818; x_wconf 89' lang='lat' dir='ltr'>locum</span> <span class='ocrx_word' id='word_1_343' title='bbox 537 3752 603 3819; x_wconf 86' lang='lat' dir='ltr'>Mil.</span> <span class='ocrx_word' id='word_1_344' title='bbox 627 3757 673 3829; x_wconf 89' lang='grc' dir='ltr'>ΙΙ,</span> <span class='ocrx_word' id='word_1_345' title='bbox 697 3764 726 3832; x_wconf 90' lang='grc'>4,</span> <span class='ocrx_word' id='word_1_346' title='bbox 751 3763 793 3822; x_wconf 85' lang='grc'>48</span> <span class='ocrx_word' id='word_1_347' title='bbox 817 3758 924 3837; x_wconf 83' lang='lat' dir='ltr'>pauno</span> <span class='ocrx_word' id='word_1_348' title='bbox 947 3776 1045 3837; x_wconf 85' lang='lat' dir='ltr'>supra</span> <span class='ocrx_word' id='word_1_349' title='bbox 1065 3758 1207 3823; x_wconf 79' lang='lat' dir='ltr'>allatum.</span> 
     </span>
    </p>

    <p class='ocr_par' dir='ltr' id='par_1_6' title="bbox 285 3851 1447 4424">
     <span class='ocr_line' id='line_1_36' title="bbox 378 3851 1447 3937; baseline 0.006 -24"><span class='ocrx_word' id='word_1_350' title='bbox 378 3851 396 3912; x_wconf 95' lang='grc' dir='ltr'>Ι.</span> <span class='ocrx_word' id='word_1_351' title='bbox 443 3852 528 3932; x_wconf 84' lang='lat' dir='ltr'>Ipsa,</span> <span class='ocrx_word' id='word_1_352' title='bbox 552 3871 635 3933; x_wconf 88' lang='lat' dir='ltr'>quoe</span> <span class='ocrx_word' id='word_1_353' title='bbox 658 3855 688 3917; x_wconf 92' lang='lat' dir='ltr'>in</span> <span class='ocrx_word' id='word_1_354' title='bbox 712 3854 761 3919; x_wconf 88' lang='lat' dir='ltr'>his</span> <span class='ocrx_word' id='word_1_355' title='bbox 779 3856 865 3919; x_wconf 84' lang='lat' dir='ltr'>clare</span> <span class='ocrx_word' id='word_1_356' title='bbox 887 3873 1039 3934; x_wconf 80' lang='lat' dir='ltr'>expressa</span> <span class='ocrx_word' id='word_1_357' title='bbox 1055 3863 1113 3934; x_wconf 84' lang='lat' dir='ltr'>est,</span> <span class='ocrx_word' id='word_1_358' title='bbox 1137 3858 1339 3937; x_wconf 83' lang='lat' dir='ltr'>comparatio</span> <span class='ocrx_word' id='word_1_359' title='bbox 1363 3861 1447 3923; x_wconf 81' lang='lat' dir='ltr'>inter·</span> 
     </span>
     <span class='ocr_line' id='line_1_37' title="bbox 291 3947 1445 4028; baseline 0.006 -18"><span class='ocrx_word' id='word_1_360' title='bbox 291 3947 367 4011; x_wconf 84' lang='lat' dir='ltr'>duin</span> <span class='ocrx_word' id='word_1_361' title='bbox 391 3950 500 4028; x_wconf 80' lang='lat' dir='ltr'>paullo</span> <span class='ocrx_word' id='word_1_362' title='bbox 525 3952 689 4016; x_wconf 89' lang='lat' dir='ltr'>obscurior</span> <span class='ocrx_word' id='word_1_363' title='bbox 712 3952 784 4016; x_wconf 83' lang='lat' dir='ltr'>eliis</span> <span class='ocrx_word' id='word_1_364' title='bbox 808 3953 915 4017; x_wconf 87' lang='lat' dir='ltr'>verbis</span> <span class='ocrx_word' id='word_1_365' title='bbox 939 3953 1129 4017; x_wconf 88' lang='lat' dir='ltr'>continetur.</span> <span class='ocrx_word' id='word_1_366' title='bbox 1174 3954 1281 4019; x_wconf 82' lang='lat' dir='ltr'>Picnt.</span> <span class='ocrx_word' id='word_1_367' title='bbox 1307 3957 1375 4021; x_wconf 81' lang='lat' dir='ltr'>nin.</span> <span class='ocrx_word' id='word_1_368' title='bbox 1399 3955 1445 4019; x_wconf 88' lang='lat'><em>111.</em></span> 
     </span>
     <span class='ocr_line' id='line_1_38' title="bbox 292 4050 1445 4125; baseline 0.006 -18"><span class='ocrx_word' id='word_1_369' title='bbox 292 4050 317 4122; x_wconf 92' lang='lat'>1,</span> <span class='ocrx_word' id='word_1_370' title='bbox 345 4050 424 4108; x_wconf 86' lang='lat'>167:</span> <span class='ocrx_word' id='word_1_371' title='bbox 454 4052 536 4109; x_wconf 81' lang='lat' dir='ltr'>Haut</span> <span class='ocrx_word' id='word_1_372' title='bbox 559 4060 780 4111; x_wconf 81' lang='lat' dir='ltr'>centensumeur</span> <span class='ocrx_word' id='word_1_373' title='bbox 805 4055 924 4112; x_wconf 80' lang='lat' dir='ltr'>Partem</span> <span class='ocrx_word' id='word_1_374' title='bbox 950 4055 1010 4112; x_wconf 83' lang='lat' dir='ltr'>dixi</span> <span class='ocrx_word' id='word_1_375' title='bbox 1033 4059 1133 4125; x_wconf 79' lang='lat' dir='ltr'>atque,</span> <span class='ocrx_word' id='word_1_376' title='bbox 1165 4057 1260 4115; x_wconf 89' lang='lat' dir='ltr'>otium</span> <span class='ocrx_word' id='word_1_377' title='bbox 1292 4060 1339 4117; x_wconf 90' lang='lat' dir='ltr'>rei</span> <span class='ocrx_word' id='word_1_378' title='bbox 1363 4061 1388 4118; x_wconf 90' lang='lat' dir='ltr'>si</span> <span class='ocrx_word' id='word_1_379' title='bbox 1408 4059 1445 4125; x_wconf 77' lang='lat' dir='ltr'>sit</span> 
     </span>
     <span class='ocr_line' id='line_1_39' title="bbox 289 4148 1443 4233; baseline 0.01 -30"><span class='ocrx_word' id='word_1_380' title='bbox 289 4161 409 4217; x_wconf 86' lang='lat' dir='ltr'>possum</span> <span class='ocrx_word' id='word_1_381' title='bbox 434 4164 620 4221; x_wconf 82' lang='lat' dir='ltr'>expromere.</span> <span class='ocrx_word' id='word_1_382' title='bbox 666 4148 737 4211; x_wconf 91' lang='lat' dir='ltr'>Huc</span> <span class='ocrx_word' id='word_1_383' title='bbox 760 4149 902 4226; x_wconf 88' lang='lat' dir='ltr'>pertinet</span> <span class='ocrx_word' id='word_1_384' title='bbox 926 4151 1021 4212; x_wconf 84' lang='lat' dir='ltr'>etium</span> <span class='ocrx_word' id='word_1_385' title='bbox 1045 4150 1178 4213; x_wconf 84' lang='lat' dir='ltr'>uerbum</span> <span class='ocrx_word' id='word_1_386' title='bbox 1206 4159 1345 4223; x_wconf 79' lang='lat' dir='ltr'>mutare,</span> <span class='ocrx_word' id='word_1_387' title='bbox 1374 4150 1443 4233; x_wconf 86' lang='lat' dir='ltr'>quod</span> 
     </span>
     <span class='ocr_line' id='line_1_40' title="bbox 285 4240 1443 4328; baseline 0.005 -28"><span class='ocrx_word' id='word_1_388' title='bbox 285 4240 416 4316; x_wconf 88' lang='lat' dir='ltr'>ponitur</span> <span class='ocrx_word' id='word_1_389' title='bbox 440 4259 498 4320; x_wconf 88' lang='lat' dir='ltr'>pro</span> <span class='ocrx_word' id='word_1_390' title='bbox 522 4247 608 4305; x_wconf 80' lang='lat' dir='ltr'>aliud</span> <span class='ocrx_word' id='word_1_391' title='bbox 631 4265 698 4308; x_wconf 82' lang='lat' dir='ltr'>esse.</span> <span class='ocrx_word' id='word_1_392' title='bbox 732 4244 835 4310; x_wconf 12' lang='lat' dir='ltr'>Plauti</span> <span class='ocrx_word' id='word_1_393' title='bbox 855 4247 968 4326; x_wconf 81' lang='lat' dir='ltr'><strong>Amph.</strong></span> <span class='ocrx_word' id='word_1_394' title='bbox 994 4247 1018 4325; x_wconf 94' lang='grc' dir='ltr'>Ι,</span> <span class='ocrx_word' id='word_1_395' title='bbox 1045 4253 1078 4318; x_wconf 90' lang='lat' dir='ltr'>l,</span> <span class='ocrx_word' id='word_1_396' title='bbox 1108 4252 1179 4310; x_wconf 82' lang='lat'>118:</span> <span class='ocrx_word' id='word_1_397' title='bbox 1207 4253 1317 4328; x_wconf 88' lang='lat' dir='ltr'>Neque</span> <span class='ocrx_word' id='word_1_398' title='bbox 1341 4273 1372 4313; x_wconf 89' lang='lat' dir='ltr'>se</span> <span class='ocrx_word' id='word_1_399' title='bbox 1388 4257 1443 4312; x_wconf 81' lang='lat' dir='ltr'>lunc</span> 
     </span>
     <span class='ocr_line' id='line_1_41' title="bbox 288 4343 1442 4424; baseline 0.012 -30"><span class='ocrx_word' id='word_1_400' title='bbox 288 4354 434 4412; x_wconf 80' lang='lat' dir='ltr'>quoquam</span> <span class='ocrx_word' id='word_1_401' title='bbox 459 4347 666 4416; x_wconf 73' lang='lat' dir='ltr'>mutataeque</span> <span class='ocrx_word' id='word_1_402' title='bbox 690 4349 733 4404; x_wconf 90' lang='lat' dir='ltr'>uti</span> <span class='ocrx_word' id='word_1_403' title='bbox 760 4355 896 4405; x_wconf 81' lang='lat' dir='ltr'>oxortnst</span> <span class='ocrx_word' id='word_1_404' title='bbox 914 4350 1014 4407; x_wconf 85' lang='lat' dir='ltr'>semel.</span> <span class='ocrx_word' id='word_1_405' title='bbox 1060 4343 1126 4407; x_wconf 88' lang='lat' dir='ltr'>Mil.</span> <span class='ocrx_word' id='word_1_406' title='bbox 1151 4345 1208 4424; x_wconf 89' lang='lat' dir='ltr'>IV,</span> <span class='ocrx_word' id='word_1_407' title='bbox 1227 4354 1256 4421; x_wconf 89' lang='lat'>3,</span> <span class='ocrx_word' id='word_1_408' title='bbox 1282 4353 1342 4412; x_wconf 81' lang='lat'>37:</span> <span class='ocrx_word' id='word_1_409' title='bbox 1367 4353 1442 4410; x_wconf 76' lang='lat' dir='ltr'>b&#39;nn·</span> 
     </span>
    </p>
   </div>
   <div class='ocr_carea' id='block_1_4' title="bbox 0 0 1568 5075">
    <p class='ocr_par' dir='ltr' id='par_1_7' title="bbox 0 0 1568 5075">
     <span class='ocr_line' id='line_1_42' title="bbox 0 0 1568 5075; baseline 0 1"><span class='ocrx_word' id='word_1_410' title='bbox 0 0 1568 5075; x_wconf 95' lang='lat' dir='ltr'> </span> 
     </span>
    </p>
   </div>
  </div>
 </body>
</html>
