3125 5075
586 364 624 402 nit
639 362 736 404 uoltis.
749 382 775 391 ·
801 361 1024 401 coaluacrlvus.
1309 369 1369 428 185

213 566 404 615 concessum
434 551 613 616 arbitrium.
658 550 722 615 Sed
753 550 787 613 in
813 552 1011 629 narratione,
1038 568 1102 629 qua
1130 548 1288 630 quomodo
1318 566 1371 614 rea

212 646 410 713 cohaereant
449 650 631 730 exponitur,
672 648 869 727 necessario,
912 648 974 712 uisi
1015 647 1211 729 negligentia
1248 655 1370 727 peccat,

209 744 438 825 imperieetum
461 747 645 829 requiritur.
667 744 838 823 —Quum
869 763 932 810 non
959 745 1091 826 simplex
1119 751 1169 810 est
1194 763 1301 812 rerum
1323 743 1371 808 in·

212 842 343 920 dicium,
367 845 424 909 sed
440 844 609 910 intercedit
625 844 787 925 cogitatio,
811 842 986 923 consilinm,
1010 843 1166 918 voluntas,
1188 841 1369 907 necessario

212 941 347 1021 ponitur
368 943 598 1008 coniunctivus.
620 976 664 987 -
686 943 736 1007 lta
757 940 803 1018 fit.
828 948 864 1006 ut
887 943 1086 1007 coniunctivo
1108 942 1139 1005 id
1163 942 1369 1021 exprimatur,

210 1039 299 1118 quod
324 1058 363 1104 ne
386 1038 458 1116 fiat,
488 1038 575 1105 aliud
604 1041 679 1120 quid
703 1041 928 1119 praemittitur.
952 1074 993 1084 —
1016 1039 1075 1104 ille
1097 1038 1274 1121 imperfecti
1296 1057 1370 1103 con·

209 1136 374 1202 iunctirus
405 1137 578 1218 respondet
600 1140 743 1217 optativo
775 1137 980 1202 Graecorum.
1005 1170 1046 1183 -
1075 1136 1214 1202 Periecti
1241 1137 1369 1201 coniun-

211 1234 332 1299 ctirnm
355 1235 480 1314 probati
504 1236 678 1316 scriptores
700 1254 763 1300 non
787 1235 999 1316 usurpabant,
1027 1236 1091 1301 nisi
1111 1236 1165 1300 ubi
1188 1236 1251 1299 alia
1272 1253 1370 1299 musa

210 1332 386 1397 accedebat
407 1334 438 1397 in
461 1333 603 1398 oratione
628 1333 677 1397 vel
700 1352 739 1398 ex
763 1333 868 1398 aliena
891 1334 1049 1399 sententia
1075 1332 1291 1413 dependente,
1317 1332 1369 1397 vel

210 1429 276 1495 alio
306 1429 398 1495 modo
426 1431 623 1511 obliquata.“
668 1431 755 1496 idem
786 1431 826 1495 dc
849 1436 1032 1507 priusquam
1063 1431 1117 1510 lV,
1140 1450 1169 1511 p.
1200 1436 1262 1496 568
1283 1447 1368 1511 sqq.:

211 1527 346 1606 „Totius
363 1530 558 1608 quaestionis
573 1530 812 1595 fundamentum
828 1530 860 1593 in
878 1548 916 1594 eo
932 1533 1082 1605 cernitur,
1105 1529 1190 1608 quod
1213 1533 1270 1593 aut
1284 1528 1367 1592 dnae

210 1643 265 1689 res
288 1631 375 1691 certo
399 1627 430 1690 in
455 1633 599 1706 tenrpore
616 1634 847 1709 componuntur
870 1635 1072 1707 apparentes,
1095 1634 1153 1691 aut
1174 1628 1258 1691 inter
1272 1645 1306 1691 se
1322 1627 1369 1690 ita

209 1730 451 1804 comparantur,
485 1732 521 1787 ut
547 1726 651 1790 altera
681 1744 738 1806 pro
766 1727 947 1791 corrditione
982 1724 1115 1790 alterius
1145 1723 1305 1789 habeatur
1335 1732 1368 1788 et

210 1826 418 1901 exspectetur
440 1819 516 1886 fieri.
563 1823 632 1888 Hoc
660 1842 757 1903 quum
780 1825 812 1888 in
842 1824 1037 1905 cogitatione
1060 1830 1208 1888 versetur
1230 1823 1298 1886 sive
1320 1821 1368 1887 lu·

208 1919 353 1998 quentis,
387 1919 453 1983 sive
477 1921 561 1998 eius,
590 1922 630 1984 de
653 1939 715 2002 quo
746 1930 911 2000 narratur,
942 1921 1141 1985 coniunctivo
1169 1921 1366 2001 exprimitur.

207 2016 371 2096 Reisigius
397 2018 429 2081 in
457 2036 588 2098 gramm.
618 2037 647 2099 p.
672 2024 734 2083 526
757 2019 878 2096 omnia,
907 2035 988 2099 quae
1010 2019 1052 2083 ad
1074 2018 1216 2082 futurum
1239 2026 1367 2100 tempus

208 2120 356 2195 spectare
377 2117 577 2189 ridebantur,
599 2118 710 2182 retulit
732 2118 772 2181 ad
788 2114 999 2180 differentiam
1023 2116 1107 2180 inter
1128 2117 1310 2195 negativam
1334 2122 1367 2181 et

208 2209 433 2292 affirmativam
459 2216 651 2279 senteutiam
675 2216 935 2284 intercedentem,
958 2232 1021 2278 non
1036 2221 1199 2293 reputans,
1223 2216 1366 2294 negatio-

207 2328 282 2375 nem
304 2328 368 2376 non
391 2330 462 2375 esse
496 2329 651 2392 caussam,
685 2320 883 2393 quapropter
905 2312 1124 2376 coniunctivus
1139 2308 1285 2391 ponatur,
1309 2312 1366 2376 sed

205 2407 240 2473 id
264 2409 336 2473 ideo
359 2407 439 2480 fieri,
461 2412 609 2489 quoniam
626 2430 678 2475 res
693 2416 811 2492 negata
827 2430 888 2474 non
903 2410 935 2474 in
951 2417 1156 2490 conspectum
1172 2410 1286 2486 veniat,
1309 2409 1365 2473 sed

208 2508 404 2588 cogitatione
436 2518 643 2590 supponatur.
690 2510 801 2589 Neque
832 2509 895 2574 alia
924 2513 974 2574 est
997 2525 1120 2583 caussa,
1144 2508 1270 2589 quando
1292 2499 1367 2573 con·

206 2600 369 2670 iunctirus
395 2607 429 2671 in
460 2608 498 2672 iis
533 2608 702 2672 sententiis
733 2619 921 2688 usurpatur,
956 2607 1071 2687 quibus
1098 2625 1151 2672 res
1178 2607 1367 2687 exprimitur

208 2720 307 2783 saepe
335 2703 422 2768 faeta
454 2705 503 2768 vel
533 2702 601 2768 fieri
636 2705 739 2770 solita.
785 2707 878 2770 Ratio
907 2707 991 2771 enim
1027 2706 1162 2770 duarum
1195 2723 1302 2768 rerum
1335 2705 1367 2768 in

206 2806 354 2881 tempore
375 2809 432 2865 aut
454 2808 586 2867 externa
608 2809 658 2868 est
685 2823 743 2883 per
765 2805 969 2869 indicativum
994 2802 1217 2886 significanda,
1240 2810 1298 2868 aut
1319 2806 1367 2867 in-

206 2903 309 2976 terna,
333 2917 415 2981 quae
439 2902 631 2980 cogitatione
654 2901 792 2966 eiiicitur
814 2904 876 2981 ita,
908 2913 943 2966 ut
972 2922 1024 2967 res
1052 2903 1189 2967 caussaii
1220 2902 1270 2967 vel
1293 2920 1367 2966 con-

205 2996 352 3062 ditionali
376 3017 460 3062 nexu
483 2999 654 3063 cohaerere
677 3006 734 3063 ant
755 3001 858 3063 altera
881 3019 990 3065 earum
1014 3002 1183 3080 negatione
1207 2999 1286 3077 tolli,
1309 3005 1366 3064 aut

206 3096 369 3160 sententia
395 3114 457 3159 non
486 3096 525 3160 de
553 3105 803 3177 reapparente,
832 3099 949 3185 sedin
978 3099 1157 3162 universum
1191 3098 1230 3161 de
1257 3098 1365 3177 rebus,

205 3210 289 3273 quae
303 3191 373 3257 lieri
388 3195 519 3273 possint,
543 3204 696 3275 concepta
717 3195 864 3260 videatur
880 3197 977 3276 (quod
991 3196 1086 3276 logici
1101 3195 1364 3276 problematicum

205 3288 358 3355 iudicium
383 3300 517 3361 vocanti.
549 3294 764 3373 Scriptoribus
787 3299 894 3358 autem
917 3295 1004 3374 optio
1028 3311 1124 3373 saepe
1148 3298 1197 3357 est
1219 3293 1294 3356 data
1317 3294 1365 3356 iu-

205 3387 296 3451 dicii:
318 3406 377 3453 neo
401 3408 477 3455 usus
501 3397 622 3456 temere
645 3393 786 3457 admittit
801 3389 883 3471 qua'e
898 3392 1013 3457 rationi
1028 3388 1365 3472 repugnent-Con·

204 3485 367 3552 iunctivns
390 3490 569 3567 praesentis
596 3492 741 3570 ponitur,
769 3491 824 3555 ubi
846 3492 1005 3555 sententia
1035 3509 1052 3553 e
1076 3488 1268 3570 cogitatione
1292 3506 1364 3567 pro·

206 3581 372 3656 ficiscitur,
395 3587 461 3650 sire
487 3589 665 3652 conditione
689 3591 809 3667 posita,
837 3590 904 3654 sivo
927 3589 966 3653 de
991 3609 1038 3668 eo,
1062 3589 1147 3669 quod
1170 3586 1239 3652 fieri
1262 3590 1365 3668 possit

203 3681 371 3747 debeatre.
417 3682 525 3761 Quare
560 3687 677 3751 dicitnr
704 3690 749 3752 ita
778 3688 818 3753 de
846 3688 943 3753 rebus
973 3688 1112 3752 nondum
1145 3688 1238 3752 iactis
1266 3695 1299 3751 et
1330 3687 1362 3750 in

203 3782 376 3846 sententiis
399 3800 461 3847 uon
492 3802 586 3847 uuam
617 3805 684 3850 rem
712 3786 844 3866 iactam,
875 3786 931 3851 sed
959 3786 1218 3852 consuetudinem
1245 3785 1362 3851 antid

203 3878 291 3957 quod
321 3880 474 3959 possibile
508 3890 558 3946 est
592 3883 838 3948 declarantibus.
869 3919 910 3930 -
938 3885 1151 3950 Praeteritum
1185 3882 1361 3963 perlectum

201 3996 266 4042 non
297 3976 450 4042 differta
482 3981 655 4060 praesenti.
688 4017 729 4027 —
764 3982 963 4049 Coniunctivi
994 3982 1171 4062 imperiecti
1206 4002 1268 4048 non
1299 3984 1362 4047 alia

202 4076 287 4140 ratio
309 4084 361 4140 est
380 4094 474 4156 quarn
498 4096 561 4157 qua
583 4080 794 4145 coniunctioni
823 4101 913 4156 mum
940 4083 1111 4162 apponitur
1141 4082 1361 4147 coniunctivns

201 4173 392 4254 imperfecti,
415 4194 515 4242 nexus
530 4178 694 4259 caussalis,
719 4181 815 4244 etiam
839 4182 871 4244 in
885 4182 1017 4245 consilio
1040 4182 1154 4262 agendi
1170 4179 1360 4260 apparens.“

201 4272 284 4338 Cato
307 4271 343 4335 R
370 4275 406 4337 R.
430 4293 455 4338 c.
481 4281 535 4339 53:
553 4280 733 4352 priusquam
756 4298 856 4343 semen
880 4292 1025 4342 maturum
1048 4285 1111 4357 siet,
1140 4293 1251 4342 secato.
1296 4280 1360 4344 lla:

200 4389 257 4448 per
281 4392 333 4434 rer
358 4393 422 4435 cum
447 4378 770 4451 arabitur-,antequam
792 4383 908 4439 ocinum
925 4386 1077 4454 noscatur,
1100 4384 1153 4442 dos
1169 4381 1247 4455 quod
1269 4383 1361 4442 eduat
