3125 5075
491 393 580 435 casus
594 396 861 437 suasrasrrvoaua.
881 418 899 426 -
915 399 1053 439 senuaar.
1298 407 1360 463 249

199 565 273 632 nn
294 566 390 634 tabb.
412 566 510 634 VIII:
537 572 596 646 uni
617 588 650 634 ae
673 574 760 634 sierit
781 576 932 636 testarier.
976 570 1147 638 Oraculnm
1171 569 1362 652 Delphicum

201 680 251 746 ap
264 662 345 730 niv.
376 663 422 746 V,
452 669 509 732 16:
539 685 647 746 aqum
674 671 821 732 Albanam
844 689 916 734 cave
944 674 1013 732 lacu
1040 672 1203 745 contineri,
1235 688 1307 738 cave
1329 671 1360 730 in

201 781 282 824 aare
303 781 428 826 ananus
452 784 506 828 sno
529 766 651 828 llominc
673 769 764 841 sinas,
788 765 845 831 ib.:
868 786 1043 830 memor-
1065 769 1184 830 tibi-
1205 771 1359 830 victoriam

205 863 312 924 mum
338 859 490 944 Elogium
511 861 608 943 appii
631 860 757 928 Claudii
781 862 875 929 Caeci
898 882 939 946 ap
957 863 1110 929 Orellium
1133 864 1289 945 inscripti
1305 863 1359 929 lat

203 956 237 1022 ’1.
258 957 284 1038 l,
306 977 339 1040 p.
363 963 436 1038 146,
464 978 493 1024 n.
517 964 598 1028 539:
628 979 734 1037 paoem
763 964 831 1035 fieri
860 982 927 1024 cum
956 965 1073 1040 Pyrrho
1102 981 1171 1040 rege
1194 965 1358 1039 probibuit.

207 1055 270 1122 liv.
302 1055 404 1124 Andr.
427 1056 577 1138 Aegisthi
596 1056 634 1122 ir.
651 1062 687 1123 8:
724 1061 802 1136 Quin
825 1064 903 1137 quod
920 1079 1030 1137 parere
1053 1063 1125 1123 mibi
1146 1079 1197 1123 uos
1218 1063 1359 1124 maiestas

208 1173 267 1218 nea
287 1157 401 1217 Procul
421 1154 464 1224 lin
486 1173 515 1221 e.
538 1155 705 1237 postulat),
727 1161 866 1221 toleratis
891 1159 952 1220 -l
975 1156 1075 1223 Naev.
1098 1156 1135 1221 fr.
1160 1157 1359 1238 agitatoriae

213 1258 241 1316 l:
258 1254 373 1316 Demea
395 1256 535 1328 obrem
557 1256 652 1316 sinam
674 1274 729 1332 epo
755 1257 823 1318 illos
851 1276 918 1319 esee.
967 1255 1066 1321 Naev.
1094 1253 1132 1319 lr.
1163 1253 1359 1320 Tarentillae

212 1353 243 1413 8:
279 1353 362 1424 Quae
396 1369 452 1427 epo
479 1355 511 1413 in
540 1354 660 1415 theatro
688 1355 736 1414 bic
766 1356 841 1415 meis
868 1357 992 1431 probavi
1021 1356 1189 1433 plausibus,
1233 1357 1278 1416 Ea
1298 1373 1357 1416 non

218 1450 313 1510 aare
335 1466 512 1526 quemquam
534 1468 636 1528 nepem
659 1470 813 1527 rumpere:
858 1452 976 1527 Quanto
1004 1455 1175 1515 libertatem
1203 1455 1280 1513 bauo
1309 1453 1357 1513 bic

214 1557 321 1622 murat
342 1549 487 1609 servitus!
520 1545 598 1611 Post
619 1550 731 1612 odere
751 1549 876 1629 positus
898 1553 948 1613 est
970 1566 1034 1615 acc.
1059 1568 1083 1615 c.
1107 1548 1161 1614 iul.
1185 1566 1235 1630 ap.
1257 1548 1356 1614 Naev.

216 1640 246 1704 ir.
264 1647 283 1707 9
303 1642 514 1710 Tarentinae:
560 1649 651 1708 etiam
687 1665 718 1708 ae
753 1648 865 1709 audeat
899 1667 946 1709 me
985 1667 1085 1710 coram
1119 1665 1278 1724 apparere,
1316 1644 1355 1711 cf.

215 1737 335 1804 llluasm.
358 1758 388 1821 p.
419 1746 494 1820 175,
515 1741 571 1822 qui
594 1742 674 1807 citat
695 1742 894 1809 Westerhov.
917 1744 958 1808 ad
980 1744 1109 1810 Terent.
1134 1744 1230 1809 Andr.
1254 1743 1309 1823 IV,
1327 1750 1356 1823 b,

215 1842 275 1902 let
294 1836 386 1904 alios
412 1837 527 1904 Naevii
551 1839 691 1921 elogium
713 1840 754 1906 ab
776 1841 847 1921 ipso
874 1843 1028 1924 scriptum
1053 1841 1185 1923 (Eggcr.
1208 1860 1239 1923 p.
1274 1847 1356 1916 list:

216 1939 342 1999 Homolen
365 1941 553 2000 immortales
575 1939 649 2000 flere
674 1942 699 2002 si
722 1939 802 2002 foret
824 1940 879 2001 las.
902 1939 1014 2005 Naevii
1037 1939 1148 2005 Danae
1170 1937 1207 2004 fr.
1230 1946 1266 2005 4:
1289 1960 1354 2002 eam

215 2054 275 2096 runc
295 2053 363 2098 esse
387 2039 538 2098 inventam
560 2039 664 2112 probri
687 2038 862 2113 Gompotem
885 2043 955 2102 scie.
986 2037 1084 2104 Naev.
1106 2037 1143 2102 ir.
1167 2038 1296 2103 Danaes
1320 2044 1353 2103 5:

213 2135 263 2194 anri
281 2135 370 2196 iubeo
392 2132 475 2194 tonte
497 2136 601 2196 lavere
625 2138 772 2196 neminem
796 2154 923 2200 manum.
947 2134 1172 2217 Gymnasticus
1195 2133 1231 2199 tr.
1259 2142 1287 2200 l:
1316 2140 1354 2198 ln

213 2233 384 2292 donarem
406 2232 474 2292 iube
497 2239 530 2292 tn
553 2233 678 2294 destitui
700 2235 849 2296 anchoris.
894 2232 1076 2313 Triphallus
1107 2253 1135 2297 v.
1160 2236 1199 2298 96
1223 2251 1284 2314 sq:
1321 2238 1353 2297 Si

213 2347 331 2406 mquam
377 2333 533 2404 quicquam
581 2330 674 2390 libum
711 2334 863 2392 rescivere
903 2337 1066 2408 Argentum
1111 2333 1220 2393 amoris
1263 2352 1353 2393 causa

212 2445 313 2504 sumpse
346 2434 489 2489 mutuum
533 2425 598 2491 luc.
629 2444 708 2491 com.
735 2425 850 2507 iragrn.
876 2435 908 2493 l:
947 2433 1013 2490 Pati
1040 2447 1163 2492 necesse
1191 2438 1238 2490 est
1260 2434 1352 2492 molta

212 2529 350 2587 mnalem
393 2529 480 2588 mala.
540 2522 578 2589 fr.
612 2529 664 2589 13:
714 2528 778 2589 Risi
824 2536 940 2604 egomet
981 2547 1094 2590 mecum
1136 2531 1350 2591 cassabundum

210 2624 243 2682 ire
260 2626 384 2685 ebrium.
422 2621 461 2686 ir.
485 2626 542 2687 21:
569 2625 723 2686 Sonticam
747 2643 815 2687 esse
839 2636 958 2703 oportet
981 2646 1115 2702 causam,
1140 2645 1226 2704 qoam
1249 2630 1350 2693 obrem

211 2724 304 2796 prose
332 2723 499 2783 mulierem.
543 2720 643 2786 Naev.
687 2720 839 2787 Hectoris
866 2721 1098 2803 proficiscentis
1133 2720 1171 2787 fr.
1196 2728 1235 2788 2:
1258 2728 1352 2787 betas

210 2836 273 2887 aar,
309 2820 433 2879 tumori
463 2838 509 2879 me
545 2821 598 2881 abs
632 2829 672 2894 te,
710 2831 814 2896 pater,
852 2824 1014 2885 alaudato
1049 2825 1120 2885 viro.
1171 2821 1270 2887 Naev.
1299 2840 1349 2902 ap.

210 2911 278 2982 tut
301 2933 331 2979 v.
355 2923 504 2993 stuprum:
537 2936 656 2994 seseque
679 2921 708 2979 ei
745 2918 802 2993 (sic
825 2917 976 2995 Vahlen.)
994 2922 1097 2996 perire
1118 2922 1274 2982 mavolunt
1294 2924 1346 2983 ibi·

210 3013 269 3087 dem,
292 3033 381 3091 quam
405 3032 470 3075 cunr
495 3024 598 3092 stupro
620 3017 718 3076 redire
740 3017 777 3077 ad
801 3035 869 3078 euos
897 3021 1060 3093 popularis.
1096 3015 1133 3094 Q.
1156 3016 1275 3082 Fabius
1299 3017 1350 3082 Pi-

212 3114 267 3175 cor
303 3109 437 3191 (ligger.
460 3127 490 3191 p.
518 3114 589 3187 105)
626 3129 676 3192 ap.
708 3111 791 3177 Gell.
815 3113 854 3190 X,
881 3119 933 3177 15:
963 3118 1049 3192 Equo
1072 3118 1180 3176 dialem
1201 3118 1350 3177 flaminem

210 3211 261 3269 vobi
283 3212 392 3287 religio
416 3221 471 3273 est.
509 3242 552 3253 -
588 3212 663 3272 Item
685 3214 786 3272 iurare
808 3214 925 3272 Dialem
950 3213 995 3274 las
1018 3232 1165 3289 nunquam
1189 3221 1250 3274 est:
1280 3218 1350 3275 item

211 3309 303 3368 anulo
325 3309 371 3368 uti
393 3309 451 3369 nisi
474 3311 576 3384 pervio
600 3327 745 3385 cassoque
774 3310 820 3371 las
844 3330 902 3371 non
926 3318 983 3371 est.
1029 3313 1129 3386 lgnem
1153 3328 1169 3369 e
1193 3313 1351 3388 Flaminia,

209 3402 290 3468 idest
312 3422 330 3466 e
356 3404 485 3467 flaminis
507 3406 598 3468 dialis
619 3407 720 3481 domo,
747 3410 805 3470 uisi
827 3411 857 3467 in
882 3426 998 3468 sacrum
1019 3409 1120 3469 slierri
1143 3410 1188 3470 ius
1213 3427 1271 3469 non
1294 3416 1351 3471 est.

210 3494 339 3566 ldibid.
386 3500 518 3583 (agger.
551 3519 583 3582 p.
609 3505 698 3581 loll:
744 3507 897 3583 Vinctum,
928 3509 954 3566 si
977 3507 1066 3567 aedos
1096 3507 1160 3566 eius
1189 3508 1351 3586 introierit,

211 3604 267 3663 alvi
290 3618 450 3663 necessum
471 3610 531 3676 est,
555 3608 588 3661 et
610 3603 727 3663 vincula
749 3621 805 3678 per
827 3606 998 3678 impluvium
1021 3606 1051 3663 in
1074 3606 1190 3679 tegulas
1214 3605 1352 3679 subduci,

209 3707 281 3777 tique
304 3700 377 3760 indo
400 3698 482 3760 foras
509 3701 539 3759 in
563 3701 638 3760 mam
662 3701 788 3760 demitti.
811 3704 970 3763 -Pedes
994 3704 1081 3776 lecti,
1110 3704 1140 3762 in
1168 3721 1226 3778 quo
1249 3704 1350 3776 cubat,

207 3793 253 3858 bu
271 3798 360 3859 unni
382 3797 566 3859 circumlitos
589 3814 657 3858 esse
680 3807 811 3875 oportet,
835 3829 878 3840 -
901 3818 996 3875 neque
1020 3803 1050 3860 in
1075 3817 1110 3860 eo
1134 3802 1214 3861 lecto
1239 3800 1351 3861 cubare

202 3894 275 3957 lium
297 3895 346 3957 las
369 3902 426 3971 est,
449 3913 545 3971 neque
569 3896 648 3970 apud
671 3898 735 3957 eius
758 3899 831 3957 lecti
852 3897 979 3958 fulcrum
1003 3901 1155 3973 capsulam
1183 3916 1250 3959 esse
1275 3916 1344 3958 cum

202 3998 270 4054 tuoe
291 4002 385 4070 atque
401 3992 480 4055 terto
493 4001 621 4067 oportet.
644 3991 691 4056 Id.
715 4010 765 4072 ap.
784 3992 865 4058 Gell.
888 3994 914 4073 I,
942 3998 978 4058 12
1003 3994 1131 4074 (Egger.
1150 3995 1168 4059 1.
1189 3997 1245 4068 c.):
1270 4014 1349 4072 quae

202 4087 237 4152 ias
257 4095 298 4153 sit
318 4091 508 4155 sacerdotem
535 4093 679 4152 vestalem
701 4089 802 4153 lacere
832 4111 887 4168 pro
910 4096 1022 4169 populo
1045 4091 1188 4155 Romano.
1239 4091 1353 4157 Marcii

201 4187 369 4263 vadatura
393 4184 584 4251 1.(3111.Ξ
608 4193 667 4252 541
693 4207 720 4252 a
744 4207 773 4252 u.
799 4198 837 4259 c.)
861 4207 990 4255 carmen
1014 4187 1167 4253 alterum:
1213 4192 1351 4268 apollini

201 4298 297 4350 mnaso
319 4288 470 4350 vovendos
491 4285 588 4360 ludos,
612 4289 662 4362 qui
684 4291 843 4363 quotannis
867 4291 1063 4349 communiter
1087 4289 1168 4350 fiant
1209 4285 1288 4351 Cato
1311 4286 1351 4353 de

203 4374 353 4449 Lusitanis
367 4400 419 4463 ap.
444 4381 527 4451 Gen.
550 4380 577 4462 I,
602 4388 620 4446 7
645 4381 768 4465 (Egger
792 4401 821 4463 p.
848 4387 936 4459 lost:
960 4388 1025 4461 Ego
1048 4404 1093 4448 me
1117 4404 1195 4448 nunc
1218 4391 1284 4449 volo
1306 4389 1353 4450 ine
