3125 5075
202 340 243 402 24
530 368 533 372 ,
640 338 767 379 ΙΙΕΒΒΙΙΙ.
795 340 858 382 ΟΔΡ.
874 342 910 381 tx.

202 519 387 586 Terentium
424 522 592 603 aliquoties
627 546 700 594 usos
734 529 888 609 videmus,
923 529 978 594 ubi
1007 529 1150 595 indicere
1179 528 1360 607 voluerunt,

204 617 346 684 insolens
368 620 488 701 aliquid
512 627 545 687 et
566 624 763 706 inopinatum
787 632 819 692 et
839 628 1022 694 incredibile
1038 627 1119 694 deri.
1165 628 1258 693 Tunc
1280 626 1361 694 euim

204 714 375 786 Terentius
408 717 489 784 banc
523 728 657 804 usurpat
689 722 871 791 formulam:
921 726 1018 792 Andr.
1053 726 1093 805 V,
1122 731 1152 805 2,
1186 729 1241 790 12:
1288 727 1362 802 Quid

202 816 287 875 illum
311 818 440 879 censes?
483 816 620 899 Adelph.
643 821 696 901 IV,
721 828 749 892 5,
774 828 830 889 22:
866 828 943 901 Quid
964 828 1032 887 illas
1056 826 1184 887 censes?
1231 822 1363 888 emaus

205 929 281 976 vero
304 911 390 978 Trin.
413 914 473 995 ΠΙ,
497 922 526 995 3,
549 922 605 983 82:
651 923 729 999 Quid
756 924 843 984 idam
864 929 956 999 potos
981 927 1098 985 Natura
1129 925 1183 985 illa
1205 930 1299 1000 atque
1321 926 1364 985 in·

204 1010 313 1088 genio?
357 1011 472 1078 Bacch
489 1013 531 1094 11,
548 1021 577 1095 2,
594 1021 648 1081 30:
672 1022 760 1081 immo
782 1026 818 1081 ot
838 1040 903 1083 cum
924 1022 1039 1084 medo?
1084 1019 1178 1085 Cure.
1203 1018 1230 1096 Ι,
1258 1026 1287 1096 1,
1310 1025 1366 1085 59;

206 1109 299 1170 Immo
322 1118 356 1172 ut
376 1114 461 1172 illam
483 1119 598 1178 moses?
628 1123 662 1180 et
683 1115 768 1181 alibi.
814 1116 937 1195 Quibus
962 1115 999 1182 ¹in
1020 1116 1167 1183 formulis
1189 1113 1367 1182 infinitivus

203 1201 304 1285 deest,
339 1209 389 1274 vel
425 1230 464 1276 cx
491 1213 713 1293 praecedentis
742 1216 920 1282 sententiae
950 1216 1049 1281 verbo
1080 1215 1289 1297 repetendus,
1318 1214 1368 1279 vel

203 1304 395 1431 cogitatione
425 1311 635 1393 supplendus,
664 1313 764 1378 velati
793 1315 903 1395 facere,
932 1317 1043 1393 dicere,
1067 1318 1190 1395 sentire,
1227 1316 1368 1377 aemon

205 1419 281 1464 esse.

710 1671 781 1745 Cap.
807 1672 859 1730 IX.

631 1822 687 1886 De
716 1822 934 1888 inlinitivo.

293 1997 361 2063 Iam
383 2007 509 2068 veteres
532 2006 730 2084 grammatici
755 2008 869 2073 Graeci
892 2009 931 2073 dc
954 2016 1070 2074 natura
1091 2006 1242 2072 infinitivi
1263 2006 1365 2089 inqui·

209 2095 363 2161 siverunt.
408 2097 489 2164 Nam
514 2109 549 2166 ut
571 2101 696 2169 Stoicos
718 2108 873 2184 omittam,
897 2108 1085 2187 Apollonius
1112 2124 1183 2171 eum
1207 2102 1365 2187 significa·

209 2194 255 2257 vit
289 2201 439 2276 tanquam
473 2198 707 2267 substantivum
741 2205 840 2280 verbi,
869 2206 901 2270 in
929 2222 992 2284 quo
1023 2222 1131 2269 omnes
1159 2204 1247 2268 modi
1277 2203 1366 2269 verbi

210 2292 371 2358 coniuncti
394 2303 427 2358 et
443 2298 535 2375 quasi
551 2298 677 2364 conflati
694 2308 810 2381 essent,
835 2304 899 2381 qui,
919 2319 1111 2383 quamquam
1127 2301 1254 2381 generis
1270 2309 1365 2383 atqua

208 2392 365 2471 temporis
398 2395 528 2459 notione
562 2398 692 2464 indutus
719 2406 816 2478 esset,
849 2408 955 2465 mmen
986 2400 1070 2463 omni
1100 2417 1307 2464 numerorum
1337 2407 1367 2463 et

210 2507 418 2570 personarum
441 2492 671 2574 significatione
689 2505 821 2563 careret.
869 2498 956 2563 Inter
973 2497 1167 2563 recentiores
1183 2498 1366 2563 acutissime

209 2587 289 2653 hanc
317 2608 383 2655 rem
412 2595 618 2676 investigavit
645 2596 825 2663 Guilelmus
854 2596 1082 2662 Humboldtius
1112 2598 1143 2658 in
1174 2595 1366 2660 bibliotheca

210 2686 323 2754 indico.
370 2690 469 2758 Cuius
492 2697 682 2760 sententiam
705 2697 876 2760 secundum
901 2714 971 2759 cam
994 2695 1247 2773 descriptionem,
1272 2711 1366 2773 quum

210 2783 401 2853 Lucbkerus
431 2793 470 2855 de
500 2812 559 2857 usu
586 2793 639 2857 ini.
669 2794 808 2858 Plautini
838 2814 868 2875 p.
897 2801 928 2858 li
964 2811 1010 2873 sq.
1034 2792 1118 2869 iecit,
1151 2792 1293 2856 breviter
1315 2809 1367 2854 en·

212 2899 336 2961 ponam.
384 2887 416 2952 Si
440 2890 604 2967 quaeritur
626 2890 799 2957 infinitivus
828 2911 940 2956 nomen
964 2892 1006 2954 sit
1030 2909 1142 2968 necne,
1169 2890 1290 2953 multae
1312 2889 1366 2952 ob

212 2990 298 3048 stant
336 3003 398 3064 quo
434 2989 537 3054 minus
574 2992 620 3054 ita
657 3008 788 3055 censeas
832 2989 1044 3056 difficultates.
1105 2987 1245 3053 Primum
1285 2988 1366 3051 enim

212 3084 338 3146 omnino
361 3084 455 3150 aliam
479 3105 610 3167 prorsus
634 3088 695 3152 vim
724 3088 852 3153 exhibet
874 3090 1004 3153 verbum
1029 3106 1099 3151 cum
1124 3087 1249 3149 nomine
1273 3094 1367 3164 atque

214 3197 285 3244 cum
319 3181 473 3249 infinitivo
507 3186 664 3264 iunctum3
697 3185 748 3251 hic
778 3205 850 3252 cum
879 3187 976 3250 verbo
1005 3205 1062 3249 suo
1093 3184 1181 3248 finito
1208 3183 1368 3247 artissimo

214 3278 366 3344 cohaeret
396 3289 428 3346 et
455 3284 486 3348 in
515 3305 608 3350 mrem
633 3285 724 3365 quasi
748 3284 899 3350 coalescit
921 3285 1092 3361 notionem,
1115 3300 1232 3348 nomen
1252 3270 1369 3347 verbs

215 3379 313 3441 verbo
336 3381 478 3459 pendens
501 3382 594 3463 plane
618 3383 798 3448 seiunctam
821 3383 860 3446 ab
884 3380 938 3444 illo
960 3381 1057 3445 habet
1078 3383 1234 3445 rationem
1257 3385 1292 3443 et
1314 3395 1369 3459 per

213 3492 247 3538 se
271 3478 439 3543 valentem.
484 3481 605 3546 Deinde
638 3488 885 3546 consentancum
910 3480 981 3544 binc
1004 3480 1095 3549 toret.
1124 3477 1314 3542 infinitivum
1337 3477 1368 3540 in

213 3575 312 3640 latino
343 3596 488 3645 sermone
516 3598 624 3644 ornnes
654 3587 686 3644 et
714 3581 831 3644 obiecti
861 3578 944 3657 quod
975 3577 1175 3658 grammatici
1203 3577 1315 3640 dicunt
1337 3581 1367 3638 et

213 3675 349 3741 subiecti
383 3678 467 3742 vices
501 3679 673 3756 sustincrc3
709 3679 793 3759 quod
829 3677 888 3741 nisi
922 3675 967 3754 fit,
1002 3693 1114 3740 nomen
1149 3694 1221 3740 esse
1249 3673 1367 3753 nequit

215 3773 405 3839 Accusatius
438 3775 539 3856 igitur
572 3775 717 3841 infinitivi
752 3775 910 3841 notionem
944 3774 1138 3854 assequeris,
1172 3775 1200 3838 si
1233 3779 1267 3837 et
1301 3789 1370 3837 cum

213 3870 311 3935 verbo
342 3869 430 3939 finito
460 3884 493 3938 et
522 3895 592 3940 cum
624 3875 802 3957 participiis
832 3891 902 3937 cern
933 3873 1116 3937 contuleris.
1162 3871 1370 3952 Participium

216 3969 299 4032 enim
330 3980 364 4035 et
392 3973 583 4039 adiectivum
610 3972 872 4038 attributivorum
902 3975 1012 4050 partes
1038 3978 1123 4049 sunt,
1155 3969 1233 4034 illud
1262 3977 1371 4033 autem

213 4069 255 4132 ab
289 4070 391 4135 altero
424 4073 470 4137 ita
503 4073 610 4144 distet,
642 4078 678 4135 ut
706 4068 875 4145 efficaciae,
905 4056 1020 4146 motu's,
1050 4069 1183 4133 actionis
1212 4068 1371 4132 notionem

216 4164 334 4236 habeat
367 4172 542 4252 propriam;
576 4172 659 4235 unde
693 4172 719 4235 si
753 4167 931 4242 detraxeris
959 4168 1000 4243 id,
1035 4167 1119 4246 quod
1148 4167 1369 4232 attributivum

217 4265 329 4347 elficit,
360 4288 480 4335 meram
508 4268 654 4335 infinitivi
681 4267 819 4332 indolem
850 4267 1052 4330 nancisceris.
1105 4267 1245 4331 Medium
1275 4265 1371 4346 igitur

216 4366 320 4436 locum
350 4369 473 4437 obtinet
499 4369 673 4436 infinitivus
702 4368 788 4431 inter
817 4363 1021 4445 participium
1044 4372 1077 4431 et
1100 4384 1223 4444 nomen,
1252 4383 1314 4429 non
1337 4370 1370 4425 ut
