3125 5075
284 398 328 458 44
731 387 860 429 vnnnnii.
888 386 951 428 GAP.
964 388 991 427 Χ.

286 583 324 642 ol
350 594 414 658 sd:
443 579 487 639 Tu
511 580 622 653 quiesce
643 579 720 639 hano
742 598 806 641 rem
829 580 915 640 modo
938 578 1045 640 Petere.
1092 575 1186 642 Truc.
1209 576 1264 654 lv,
1288 580 1318 651 3,
1342 578 1376 640 9:
1397 578 1437 638 vla

284 679 397 751 addon
424 695 525 738 verum
557 678 656 749 soteri
701 674 829 739 Terent.
853 674 979 739 Phorm.
1003 673 1028 752 1,
1052 679 1081 754 2,
1105 680 1142 737 4:
1172 679 1248 737 Amo
1275 681 1306 736 te
1330 684 1363 735 et
1384 693 1438 738 neu

285 773 453 849 moleaiase
475 776 530 849 (sc
554 773 600 849 te)
625 775 717 834 aare
738 776 878 849 granum

372 875 422 934 10.
444 873 618 945 Inficitiooa
639 873 672 931 ia
692 874 956 933 exclamationibus
977 877 1007 933 et
1025 871 1308 944 interrogationibus
1329 870 1439 929 mm

291 971 367 1031 tium
395 972 441 1031 ool
467 970 689 1044 indignantium
707 970 830 1043 matera
861 967 922 1033 Hic
944 987 1008 1032 non
1028 986 1067 1032 ex
1089 966 1207 1047 ellipsi‚
1231 965 1288 1029 sed
1312 984 1353 1029 ex
1375 966 1441 1047 ipsa

283 1070 401 1131 natura
422 1063 584 1145 infinitivi,
607 1065 662 1145 qui
684 1064 729 1129 nil
752 1066 813 1130 nisi
835 1065 1059 1146 cogitationem
1084 1064 1248 1144 exprimit,
1279 1064 1441 1144 explican-

285 1162 345 1228 dus
383 1169 443 1243 θεῖ,
476 1165 515 1228 de
549 1180 612 1243 qua
645 1181 680 1226 re
712 1162 785 1226 vide
818 1165 912 1227 etiam
937 1162 1178 1229 Stallbaumium
1203 1162 1243 1226 ad
1267 1160 1374 1226 Rudd.
1400 1160 1440 1241 IL

286 1279 317 1343 p.
344 1267 404 1326 226
429 1279 473 1340 sq.
517 1261 622 1326 Plaut.
652 1260 743 1325 Ourc.
775 1261 817 1340 V,
848 1267 881 1339 2,
913 1266 968 1325 25:
1006 1264 1127 1324 Servom
1160 1262 1331 1321 amatori?
1365 1262 1441 1323 vide.

287 1357 373 1422 einen
397 1355 535 1423 &claren
559 1375 626 1441 gum
648 1355 774 1443 Bergan
799 1357 949 1440 onruimi
972 1357 1029 1440 step
1045 1356 1106 1436 tici
1130 1373 1195 1422 nor.
1230 1356 1301 1422 Cas.
1318 1356 1345 1437 1,
1361 1375 1390 1421 v.
1410 1362 1440 1421 1:

287 1461 356 1520 Nun
385 1461 456 1518 mihi
485 1459 571 1520 licere
601 1463 676 1522 cett.
728 1456 854 1521 Terent.
883 1458 981 1522 Andr.
1005 1457 1030 1535 Ι,
1051 1462 1080 1527 5,
1106 1460 1158 1520 18:
1186 1459 1352 1518 Tantamne
1380 1473 1441 1517 ren

284 1564 345 1618 tam
376 1559 569 1636 neglegenter
600 1559 707 1631 ogere!
750 1555 787 1634 V,
810 1561 839 1634 2,
863 1560 920 1620 29:
955 1559 1080 1618 Tantum
1110 1556 1241 1616 laborem
1269 1572 1376 1628 capere
1405 1556 1440 1615 ob

284 1658 375 1716 talem
404 1655 517 1715 filium?
561 1651 598 1732 V,
622 1659 650 1732 3,
676 1658 712 1717 8:
742 1656 827 1716 Adeo
850 1652 1028 1727 (sic-Both.
1056 1656 1090 1719 et
1110 1651 1326 1730 Fleckeisen.)
1356 1656 1439 1728 inpo-

284 1755 362 1813 tenti
383 1770 444 1813 esee
467 1754 574 1812 animo.
626 1751 709 1815 Eun.
732 1749 774 1827 ΙΙ,
801 1755 828 1821 l,
852 1754 885 1814 3:
912 1754 961 1812 Ah
983 1753 1136 1826 Rogitore,
1159 1766 1241 1828 quae
1264 1755 1316 1812 est
1339 1746 1440 1812 excla-

286 1847 384 1912 matio
408 1847 613 1928 indignantis,
638 1848 691 1913 ubi
714 1846 817 1914 Schm.
840 1848 1020 1911 addendum
1045 1854 1168 1912 censet:
1191 1851 1224 1910 ῖθ
1247 1846 1359 1910 miror.
1376 1845 1440 1909 Do·

287 1954 398 2010 natus:
421 1946 542 2025 „Deest
564 1950 607 2009 vis
629 1945 681 2011 vel
702 1950 813 2024 pergis,
836 1951 873 2009 ut
895 1946 946 2027 sit,
969 1950 1100 2022 rogitare
1123 1947 1243 2021 pergis?
1266 1943 1329 2006 Vel
1351 1955 1393 2019 te,
1415 1941 1439 2007 si

284 2043 389 2124 ipsum
411 2043 549 2123 respicit,
573 2044 623 2107 vel
646 2047 733 2122 hune,
757 2044 785 2107 si
807 2061 940 2108 aversus
963 2042 1042 2106 haec
1065 2043 1151 2120 dicit,
1174 2048 1211 2104 ut
1231 2041 1287 2105 sit:
1310 2045 1369 2117 Ah,
1393 2061 1437 2103 ro

285 2146 380 2219 gitare
404 2143 455 2204 ta?
483 2147 540 2205 aut
569 2145 700 2219 rogitare
729 2144 852 2204 hunoi“
896 2140 984 2206 Nihil
1006 2138 1186 2204 addendum
1210 2144 1270 2218 est,
1294 2139 1353 2204 sed
1376 2144 1437 2204 est:

286 2237 360 2304 ibor
383 2239 442 2301 boi
466 2236 606 2323 progeni
650 2239 776 2305 Phorm.
799 2239 842 2318 11,
871 2246 895 2318 1,
919 2245 952 2303 2:
980 2258 1037 2300 non
1062 2242 1241 2301 simultatem
1263 2256 1360 2298 meam
1384 2238 1438 2299 Ita

283 2340 379 2402 uereri
402 2336 523 2401 saltem!
548 2359 606 2420 non
625 2341 768 2413 puderet·
798 2336 835 2417 V,
860 2343 889 2417 9,
914 2343 969 2402 53:
999 2340 1039 2397 nil
1058 2338 1191 2412 pudere?
1225 2334 1362 2415 Adelph.
1387 2332 1438 2412 iv,

284 2442 314 2515 i,
339 2440 391 2500 23:
415 2440 482 2500 Non
498 2438 640 2512 pudone
663 2440 823 2499 verberare
847 2439 994 2497 hominem
1010 2433 1124 2498 senem!
1155 2432 1232 2497 Hcc.
1256 2431 1311 2511 lv,
1339 2439 1366 2512 i,
1385 2438 1438 2496 17:

284 2535 390 2596 Adeon
413 2539 563 2611 pervicaci
584 2555 643 2597 esse
666 2539 771 2612 animo,
796 2544 829 2596 ut
851 2554 973 2611 puerum
998 2545 1192 2610 praeoptares
1214 2536 1325 2609 perire.

792 2814 862 2888 Cap.
886 2815 924 2873 X.

547 2979 602 3044 De
632 2981 833 3060 gerundio
865 2984 906 3046 et
933 2977 1170 3060 gerundivo.

369 3148 404 3212 In
429 3153 546 3214 natura
569 3151 711 3227 gerundii
735 3158 768 3215 et
791 3150 957 3232 gerundivi
982 3153 1068 3213 recte
1092 3148 1316 3214 constituenda
1341 3156 1375 3214 et
1389 3168 1437 3215 oo·

284 3247 464 3327 gnoscenda
486 3249 526 3313 ab
549 3250 781 3329 antiquissimis
804 3249 999 3330 temporibus
1022 3246 1062 3310 ab
1085 3247 1133 3324 iis,
1156 3248 1209 3326 qui
1226 3248 1265 3310 de
1282 3266 1438 3328 gramma·

284 3345 348 3410 tica
370 3345 469 3409 latina
492 3346 696 3428 scripserunt,
719 3347 911 3427 permultum
935 3363 1052 3428 operae
1076 3351 1109 3408 et
1132 3345 1228 3409 studii
1251 3344 1437 3411 collocatum

285 3447 344 3522 est,
368 3442 425 3506 sed
447 3444 493 3506 ita
515 3449 552 3507 ut
575 3444 808 3510 diversissimas
836 3446 957 3510 dehac
980 3462 1015 3507 re
1038 3442 1229 3522 protulerint
1252 3446 1436 3522 sententias,

284 3542 368 3622 quod
393 3561 454 3606 non
478 3547 528 3606 est
550 3542 743 3623 mirandum,
774 3543 930 3624 siquidem
954 3541 1006 3606 hic
1027 3548 1076 3605 est
1098 3539 1186 3605 locus
1210 3545 1436 3622 grammaticae

287 3640 327 3704 ad
351 3641 605 3721 investigandum
628 3658 779 3720 perquam
805 3640 947 3705 difficilis.
994 3639 1179 3716 Quaesitum
1203 3641 1286 3703 enim
1311 3647 1363 3705 est
1378 3640 1438 3722 pri·

284 3756 371 3802 mum
395 3740 434 3803 de
459 3739 580 3820 origine
604 3740 771 3819 utriusque
794 3738 915 3803 formae
938 3743 972 3802 θῖ
994 3743 1100 3802 utrum
1124 3738 1313 3827 gerundium
1332 3757 1372 3802 ex
1387 3757 1438 3821 ge

285 3836 419 3900 rundivo
443 3844 530 3902 esset
551 3837 783 3916 deducendum,
807 3828 990 3902 an'eontra.
1037 3837 1158 3901 Deinde
1182 3836 1266 3915 quod
1287 3835 1327 3899 ad
1345 3836 1439 3919 signi-

285 3932 465 3999 ficationem
493 3936 609 4025 attinet
639 3935 801 4016 gerundi,
831 3942 938 3999 utrum
962 3953 1020 4016 pro
1043 3936 1146 3998 activo
1168 3953 1208 3997 an
1231 3952 1289 4013 pro
1313 3936 1439 4015 passivo

285 4043 372 4097 esset
393 4033 583 4112 habendum,
607 4039 675 4098 tum
696 4035 854 4115 quomodo
870 4032 1014 4098 differret
1030 4034 1098 4096 eius
1114 4032 1327 4097 nominativus
1344 4032 1440 4115 signi·

284 4128 433 4197 ficatione
456 4150 476 4195 a
498 4133 625 4197 casibus
647 4131 784 4212 obliquis
807 4150 951 4212 quaeque
975 4133 1004 4195 ei
1028 4131 1108 4194 ratio
1131 4130 1347 4195 intercederet
1370 4149 1439 4198 cum

283 4227 446 4294 infinitivo.
489 4230 538 4294 De
562 4231 736 4311 gerundivo
760 4235 881 4309 antem,
912 4247 1008 4310 quum
1032 4234 1065 4293 et
1086 4229 1263 4308 praesentis
1287 4235 1320 4294 θῖ
1342 4228 1440 4295 futuri

283 4332 317 4393 et
343 4329 547 4394 necessitatis
576 4332 608 4393 θῖ
635 4330 678 4403 (in
707 4328 834 4395 casibus
862 4327 1009 4408 obliquis)
1042 4327 1145 4391 nudae
1174 4327 1324 4408 actionis,
1359 4344 1439 4410 qnae

283 4426 384 4491 verbo
407 4418 558 4507 erpressa
581 4429 640 4507 est,
664 4425 926 4508 significationem
950 4426 1080 4505 habeat,
1104 4443 1185 4505 quae
1208 4424 1321 4490 harum
1344 4425 1439 4508 signi-
