<?xml version="1.0" encoding="UTF-8"?>
<!DOCTYPE html PUBLIC "-//W3C//DTD XHTML 1.0 Transitional//EN"
    "http://www.w3.org/TR/xhtml1/DTD/xhtml1-transitional.dtd">
<html xmlns="http://www.w3.org/1999/xhtml" xml:lang="en" lang="en">
 <head>
  <title>
</title>
<meta http-equiv="Content-Type" content="text/html;charset=utf-8" />
  <meta name='ocr-system' content='tesseract 3.04.00' />
  <meta name='ocr-capabilities' content='ocr_page ocr_carea ocr_par ocr_line ocrx_word'/>
</head>
<body>
  <div class='ocr_page' id='page_1' title='image "./syntaxispriscor00holtgoog_0431.png"; bbox 0 0 3125 5075; ppageno 0'>
   <div class='ocr_carea' id='block_1_1' title="bbox 290 331 973 395">
    <p class='ocr_par' dir='ltr' id='par_1_1' title="bbox 290 331 973 395">
     <span class='ocr_line' id='line_1_1' title="bbox 290 331 973 395; baseline -0.028 -5"><span class='ocrx_word' id='word_1_1' title='bbox 290 339 353 395; x_wconf 77' lang='lat'><strong>412</strong></span> <span class='ocrx_word' id='word_1_2' title='bbox 715 332 842 373; x_wconf 82' lang='lat' dir='ltr'><strong>rnouorr.</strong></span> <span class='ocrx_word' id='word_1_3' title='bbox 857 331 920 372; x_wconf 76' lang='lat' dir='ltr'><strong>cnr.</strong></span> <span class='ocrx_word' id='word_1_4' title='bbox 935 331 973 371; x_wconf 87' lang='lat' dir='ltr'><strong>vr.</strong></span> 
     </span>
    </p>
   </div>
   <div class='ocr_carea' id='block_1_2' title="bbox 202 500 1448 2448">
    <p class='ocr_par' dir='ltr' id='par_1_2' title="bbox 291 500 1448 1151">
     <span class='ocr_line' id='line_1_2' title="bbox 292 500 1448 585; baseline 0.002 -19"><span class='ocrx_word' id='word_1_5' title='bbox 292 500 407 583; x_wconf 86' lang='lat' dir='ltr'><strong>Nepot.</strong></span> <span class='ocrx_word' id='word_1_6' title='bbox 423 519 452 583; x_wconf 89' lang='lat' dir='ltr'><strong>p.</strong></span> <span class='ocrx_word' id='word_1_7' title='bbox 470 505 557 585; x_wconf 82' lang='lat'>367),</span> <span class='ocrx_word' id='word_1_8' title='bbox 580 507 607 573; x_wconf 91' lang='lat' dir='ltr'><strong>si</strong></span> <span class='ocrx_word' id='word_1_9' title='bbox 623 507 663 573; x_wconf 93' lang='lat' dir='ltr'><strong>ad</strong></span> <span class='ocrx_word' id='word_1_10' title='bbox 678 507 816 573; x_wconf 82' lang='lat' dir='ltr'><strong>virtutes</strong></span> <span class='ocrx_word' id='word_1_11' title='bbox 831 505 883 571; x_wconf 85' lang='lat' dir='ltr'><strong>vel</strong></span> <span class='ocrx_word' id='word_1_12' title='bbox 897 504 1011 570; x_wconf 81' lang='lat' dir='ltr'><strong>merita</strong></span> <span class='ocrx_word' id='word_1_13' title='bbox 1024 502 1161 568; x_wconf 90' lang='lat' dir='ltr'><strong>hominis</strong></span> <span class='ocrx_word' id='word_1_14' title='bbox 1176 506 1313 584; x_wconf 74' lang='lat' dir='ltr'><strong>spectat</strong></span> <span class='ocrx_word' id='word_1_15' title='bbox 1338 519 1448 584; x_wconf 88' lang='lat' dir='ltr'><strong>quem·</strong></span> 
     </span>
     <span class='ocr_line' id='line_1_3' title="bbox 292 598 1445 682; baseline 0.002 -20"><span class='ocrx_word' id='word_1_16' title='bbox 292 598 460 664; x_wconf 78' lang='lat' dir='ltr'><strong>admodum</strong></span> <span class='ocrx_word' id='word_1_17' title='bbox 483 604 579 668; x_wconf 90' lang='lat' dir='ltr'><strong>etiam</strong></span> <span class='ocrx_word' id='word_1_18' title='bbox 601 603 768 670; x_wconf 87' lang='lat' dir='ltr'><strong>aGraecis</strong></span> <span class='ocrx_word' id='word_1_19' title='bbox 791 603 930 674; x_wconf 68' lang='lat' dir='ltr'><strong>torciaco</strong></span> <span class='ocrx_word' id='word_1_20' title='bbox 952 605 1134 682; x_wconf 91' lang='lat' dir='ltr'><strong>usurpatur.</strong></span> <span class='ocrx_word' id='word_1_21' title='bbox 1156 599 1208 666; x_wconf 92' lang='lat' dir='ltr'><strong>Sic</strong></span> <span class='ocrx_word' id='word_1_22' title='bbox 1220 600 1349 667; x_wconf 81' lang='lat' dir='ltr'><strong>Terent</strong></span> <span class='ocrx_word' id='word_1_23' title='bbox 1364 599 1445 665; x_wconf 88' lang='lat' dir='ltr'><strong>Eun.</strong></span> 
     </span>
     <span class='ocr_line' id='line_1_4' title="bbox 292 695 1446 779; baseline 0.003 -18"><span class='ocrx_word' id='word_1_24' title='bbox 292 695 318 775; x_wconf 88' lang='grc' dir='ltr'><strong>Ι,</strong></span> <span class='ocrx_word' id='word_1_25' title='bbox 341 702 370 775; x_wconf 83' lang='lat'><strong>2,</strong></span> <span class='ocrx_word' id='word_1_26' title='bbox 394 702 617 765; x_wconf 68' lang='lat' dir='ltr'><strong>amorinum</strong></span> <span class='ocrx_word' id='word_1_27' title='bbox 639 704 726 763; x_wconf 79' lang='lat' dir='ltr'><strong>talem</strong></span> <span class='ocrx_word' id='word_1_28' title='bbox 747 704 914 779; x_wconf 75' lang='lat' dir='ltr'><strong>praeripiat</strong></span> <span class='ocrx_word' id='word_1_29' title='bbox 936 704 1000 773; x_wconf 88' lang='lat' dir='ltr'><strong>tibi,</strong></span> <span class='ocrx_word' id='word_1_30' title='bbox 1023 697 1116 778; x_wconf 83' lang='lat' dir='ltr'><strong>adq.</strong></span> <span class='ocrx_word' id='word_1_31' title='bbox 1140 696 1160 761; x_wconf 94' lang='lat' dir='ltr'><strong>l.</strong></span> <span class='ocrx_word' id='word_1_32' title='bbox 1183 697 1327 764; x_wconf 74' lang='lat' dir='ltr'><strong>Ruhnkz</strong></span> <span class='ocrx_word' id='word_1_33' title='bbox 1357 698 1398 778; x_wconf 86' lang='lat' dir='ltr'><strong>„i.</strong></span> <span class='ocrx_word' id='word_1_34' title='bbox 1421 716 1446 764; x_wconf 80' lang='lat' dir='ltr'><strong>e</strong></span> 
     </span>
     <span class='ocr_line' id='line_1_5' title="bbox 291 794 1446 882; baseline 0.003 -25"><span class='ocrx_word' id='word_1_35' title='bbox 291 794 394 859; x_wconf 85' lang='lat' dir='ltr'><strong>virum</strong></span> <span class='ocrx_word' id='word_1_36' title='bbox 418 801 558 878; x_wconf 90' lang='lat' dir='ltr'><strong>tanturn,</strong></span> <span class='ocrx_word' id='word_1_37' title='bbox 592 800 860 882; x_wconf 82' lang='lat' dir='ltr'><strong>tamegregium.</strong></span> <span class='ocrx_word' id='word_1_38' title='bbox 903 798 965 863; x_wconf 87' lang='lat' dir='ltr'><strong>Est</strong></span> <span class='ocrx_word' id='word_1_39' title='bbox 996 816 1054 879; x_wconf 90' lang='lat' dir='ltr'><strong>per</strong></span> <span class='ocrx_word' id='word_1_40' title='bbox 1081 795 1217 860; x_wconf 80' lang='lat' dir='ltr'><strong>ironiam</strong></span> <span class='ocrx_word' id='word_1_41' title='bbox 1248 796 1446 878; x_wconf 89' lang='lat' dir='ltr'><strong>capiendum.</strong></span> 
     </span>
     <span class='ocr_line' id='line_1_6' title="bbox 291 893 1447 977; baseline 0.003 -24"><span class='ocrx_word' id='word_1_42' title='bbox 291 893 376 955; x_wconf 74' lang='lat' dir='ltr'><strong>Talis</strong></span> <span class='ocrx_word' id='word_1_43' title='bbox 404 893 520 960; x_wconf 90' lang='lat' dir='ltr'><strong>dicitur</strong></span> <span class='ocrx_word' id='word_1_44' title='bbox 548 898 588 961; x_wconf 93' lang='lat' dir='ltr'><strong>de</strong></span> <span class='ocrx_word' id='word_1_45' title='bbox 624 896 705 976; x_wconf 85' lang='lat' dir='ltr'><strong>iuis,</strong></span> <span class='ocrx_word' id='word_1_46' title='bbox 742 896 797 976; x_wconf 91' lang='lat' dir='ltr'><strong>qui</strong></span> <span class='ocrx_word' id='word_1_47' title='bbox 833 903 966 977; x_wconf 88' lang='lat' dir='ltr'><strong>propter</strong></span> <span class='ocrx_word' id='word_1_48' title='bbox 998 894 1094 959; x_wconf 88' lang='lat' dir='ltr'><strong>animi</strong></span> <span class='ocrx_word' id='word_1_49' title='bbox 1126 893 1333 975; x_wconf 81' lang='lat' dir='ltr'><strong>corporisque</strong></span> <span class='ocrx_word' id='word_1_50' title='bbox 1367 894 1447 958; x_wconf 88' lang='lat' dir='ltr'><strong>hona</strong></span> 
     </span>
     <span class='ocr_line' id='line_1_7' title="bbox 291 988 1444 1075; baseline 0.003 -23"><span class='ocrx_word' id='word_1_51' title='bbox 291 988 385 1054; x_wconf 89' lang='lat' dir='ltr'><strong>laude</strong></span> <span class='ocrx_word' id='word_1_52' title='bbox 408 991 495 1073; x_wconf 85' lang='lat' dir='ltr'><strong>digni</strong></span> <span class='ocrx_word' id='word_1_53' title='bbox 511 998 595 1058; x_wconf 90' lang='lat' dir='ltr'><strong>sunt.</strong></span> <span class='ocrx_word' id='word_1_54' title='bbox 640 993 774 1075; x_wconf 85' lang='lat' dir='ltr'><strong>Adelph.</strong></span> <span class='ocrx_word' id='word_1_55' title='bbox 788 993 848 1073; x_wconf 89' lang='lat'>111,</span> <span class='ocrx_word' id='word_1_56' title='bbox 873 999 901 1070; x_wconf 92' lang='lat'><strong>1,</strong></span> <span class='ocrx_word' id='word_1_57' title='bbox 927 997 980 1057; x_wconf 90' lang='lat'><strong>10:</strong></span> <span class='ocrx_word' id='word_1_58' title='bbox 1005 994 1116 1061; x_wconf 77' lang='lat' dir='ltr'><strong>Talea,</strong></span> <span class='ocrx_word' id='word_1_59' title='bbox 1139 993 1193 1053; x_wconf 75' lang='lat' dir='ltr'><strong>tali</strong></span> <span class='ocrx_word' id='word_1_60' title='bbox 1214 996 1336 1071; x_wconf 78' lang='lat' dir='ltr'><strong>ingenio</strong></span> <span class='ocrx_word' id='word_1_61' title='bbox 1359 1002 1444 1071; x_wconf 83' lang='lat' dir='ltr'><strong>atque</strong></span> 
     </span>
     <span class='ocr_line' id='line_1_8' title="bbox 291 1090 420 1151; baseline 0.016 -2"><span class='ocrx_word' id='word_1_62' title='bbox 291 1090 420 1151; x_wconf 90' lang='lat' dir='ltr'><strong>animo.“</strong></span> 
     </span>
    </p>

    <p class='ocr_par' dir='ltr' id='par_1_3' title="bbox 202 1187 1447 2448">
     <span class='ocr_line' id='line_1_9' title="bbox 376 1187 1447 1269; baseline 0.003 -20"><span class='ocrx_word' id='word_1_63' title='bbox 376 1192 426 1251; x_wconf 83' lang='lat'><strong>45.</strong></span> <span class='ocrx_word' id='word_1_64' title='bbox 469 1187 629 1265; x_wconf 79' lang='lat' dir='ltr'><strong>Appendo&#39;c</strong></span> <span class='ocrx_word' id='word_1_65' title='bbox 651 1191 686 1250; x_wconf 83' lang='lat' dir='ltr'><strong>de</strong></span> <span class='ocrx_word' id='word_1_66' title='bbox 707 1191 828 1266; x_wconf 67' lang='lat' dir='ltr'><strong>spatam·</strong></span> <span class='ocrx_word' id='word_1_67' title='bbox 849 1190 1060 1252; x_wconf 77' lang='lat' dir='ltr'><strong>numeralium.</strong></span> <span class='ocrx_word' id='word_1_68' title='bbox 1103 1187 1130 1251; x_wconf 84' lang='lat' dir='ltr'>E</span> <span class='ocrx_word' id='word_1_69' title='bbox 1152 1189 1357 1251; x_wconf 63' lang='lat' dir='ltr'><strong>eadraedus</strong></span> <span class='ocrx_word' id='word_1_70' title='bbox 1384 1188 1447 1269; x_wconf 87' lang='lat' dir='ltr'><strong>pri·</strong></span> 
     </span>
     <span class='ocr_line' id='line_1_10' title="bbox 289 1285 1445 1367; baseline 0.005 -22"><span class='ocrx_word' id='word_1_71' title='bbox 289 1299 375 1346; x_wconf 91' lang='lat' dir='ltr'><strong>mum</strong></span> <span class='ocrx_word' id='word_1_72' title='bbox 407 1302 485 1346; x_wconf 82' lang='lat' dir='ltr'><strong>anus</strong></span> <span class='ocrx_word' id='word_1_73' title='bbox 514 1288 720 1367; x_wconf 89' lang='lat' dir='ltr'><strong>spectandum</strong></span> <span class='ocrx_word' id='word_1_74' title='bbox 744 1290 802 1351; x_wconf 90' lang='lat' dir='ltr'><strong>est.</strong></span> <span class='ocrx_word' id='word_1_75' title='bbox 846 1285 980 1366; x_wconf 83' lang='lat' dir='ltr'><strong>Proprie</strong></span> <span class='ocrx_word' id='word_1_76' title='bbox 1006 1286 1177 1367; x_wconf 90' lang='lat' dir='ltr'><strong>opponitur</strong></span> <span class='ocrx_word' id='word_1_77' title='bbox 1205 1285 1371 1367; x_wconf 86' lang='lat' dir='ltr'><strong>pluribus,</strong></span> <span class='ocrx_word' id='word_1_78' title='bbox 1403 1286 1445 1351; x_wconf 91' lang='lat' dir='ltr'><strong>sic</strong></span> 
     </span>
     <span class='ocr_line' id='line_1_11' title="bbox 289 1377 1443 1463; baseline 0.003 -19"><span class='ocrx_word' id='word_1_79' title='bbox 289 1377 394 1446; x_wconf 88' lang='lat' dir='ltr'><strong>Plaut.</strong></span> <span class='ocrx_word' id='word_1_80' title='bbox 410 1380 481 1446; x_wconf 91' lang='lat' dir='ltr'><strong>Aul.</strong></span> <span class='ocrx_word' id='word_1_81' title='bbox 498 1381 524 1463; x_wconf 95' lang='grc' dir='ltr'>Ι,</span> <span class='ocrx_word' id='word_1_82' title='bbox 544 1390 570 1463; x_wconf 94' lang='lat' dir='ltr'><strong>l,</strong></span> <span class='ocrx_word' id='word_1_83' title='bbox 588 1388 642 1449; x_wconf 82' lang='lat'><strong>38:</strong></span> <span class='ocrx_word' id='word_1_84' title='bbox 666 1404 754 1462; x_wconf 89' lang='lat' dir='ltr'><strong>qnam</strong></span> <span class='ocrx_word' id='word_1_85' title='bbox 776 1404 814 1446; x_wconf 86' lang='lat' dir='ltr'><strong>ex</strong></span> <span class='ocrx_word' id='word_1_86' title='bbox 835 1402 883 1446; x_wconf 89' lang='lat' dir='ltr'><strong>me</strong></span> <span class='ocrx_word' id='word_1_87' title='bbox 904 1392 937 1445; x_wconf 91' lang='lat' dir='ltr'><strong>ut</strong></span> <span class='ocrx_word' id='word_1_88' title='bbox 957 1404 1050 1446; x_wconf 80' lang='lat' dir='ltr'><strong>anam</strong></span> <span class='ocrx_word' id='word_1_89' title='bbox 1071 1385 1176 1447; x_wconf 78' lang='lat' dir='ltr'><strong>faciam</strong></span> <span class='ocrx_word' id='word_1_90' title='bbox 1200 1387 1331 1446; x_wconf 86' lang='lat' dir='ltr'><strong>literam.</strong></span> <span class='ocrx_word' id='word_1_91' title='bbox 1356 1379 1443 1463; x_wconf 67' lang='lat' dir='ltr'><strong>Capi.</strong></span> 
     </span>
     <span class='ocr_line' id='line_1_12' title="bbox 288 1475 1444 1559; baseline 0 -18"><span class='ocrx_word' id='word_1_92' title='bbox 288 1475 348 1557; x_wconf 91' lang='lat'>111,</span> <span class='ocrx_word' id='word_1_93' title='bbox 377 1484 403 1559; x_wconf 90' lang='lat' dir='ltr'><strong>l,</strong></span> <span class='ocrx_word' id='word_1_94' title='bbox 427 1483 484 1544; x_wconf 79' lang='lat'><strong>28:</strong></span> <span class='ocrx_word' id='word_1_95' title='bbox 508 1484 603 1559; x_wconf 80' lang='lat' dir='ltr'><strong>Pergo</strong></span> <span class='ocrx_word' id='word_1_96' title='bbox 627 1485 664 1544; x_wconf 88' lang='lat' dir='ltr'><strong>ad</strong></span> <span class='ocrx_word' id='word_1_97' title='bbox 686 1486 770 1558; x_wconf 86' lang='lat' dir='ltr'><strong>alios,</strong></span> <span class='ocrx_word' id='word_1_98' title='bbox 794 1484 880 1544; x_wconf 82' lang='lat' dir='ltr'><strong>venio</strong></span> <span class='ocrx_word' id='word_1_99' title='bbox 903 1484 942 1544; x_wconf 92' lang='lat' dir='ltr'><strong>ad</strong></span> <span class='ocrx_word' id='word_1_100' title='bbox 963 1485 1047 1559; x_wconf 83' lang='lat' dir='ltr'><strong>alios,</strong></span> <span class='ocrx_word' id='word_1_101' title='bbox 1070 1479 1178 1544; x_wconf 88' lang='lat' dir='ltr'><strong>deinde</strong></span> <span class='ocrx_word' id='word_1_102' title='bbox 1200 1484 1239 1544; x_wconf 92' lang='lat' dir='ltr'><strong>ad</strong></span> <span class='ocrx_word' id='word_1_103' title='bbox 1260 1483 1353 1545; x_wconf 86' lang='lat' dir='ltr'><strong>alios:</strong></span> <span class='ocrx_word' id='word_1_104' title='bbox 1384 1498 1444 1542; x_wconf 82' lang='lat' dir='ltr'><strong>aaa</strong></span> 
     </span>
     <span class='ocr_line' id='line_1_13' title="bbox 287 1576 1441 1660; baseline 0.005 -23"><span class='ocrx_word' id='word_1_105' title='bbox 287 1586 359 1655; x_wconf 81' lang='lat' dir='ltr'><strong>rest,</strong></span> <span class='ocrx_word' id='word_1_106' title='bbox 383 1576 438 1641; x_wconf 93' lang='lat' dir='ltr'><strong>ubi</strong></span> <span class='ocrx_word' id='word_1_107' title='bbox 454 1576 716 1658; x_wconf 84' lang='lat' dir='ltr'><strong>significationem</strong></span> <span class='ocrx_word' id='word_1_108' title='bbox 737 1598 765 1643; x_wconf 89' lang='lat' dir='ltr'><strong>v.</strong></span> <span class='ocrx_word' id='word_1_109' title='bbox 781 1581 859 1640; x_wconf 75' lang='lat' dir='ltr'><strong>idun</strong></span> <span class='ocrx_word' id='word_1_110' title='bbox 880 1578 979 1644; x_wconf 89' lang='lat' dir='ltr'><strong>habet</strong></span> <span class='ocrx_word' id='word_1_111' title='bbox 1000 1578 1104 1660; x_wconf 89' lang='lat' dir='ltr'><strong>(Lind.</strong></span> <span class='ocrx_word' id='word_1_112' title='bbox 1121 1580 1161 1644; x_wconf 91' lang='lat' dir='ltr'><strong>ad</strong></span> <span class='ocrx_word' id='word_1_113' title='bbox 1176 1577 1241 1644; x_wconf 88' lang='lat' dir='ltr'><strong>Mil.</strong></span> <span class='ocrx_word' id='word_1_114' title='bbox 1258 1576 1303 1658; x_wconf 90' lang='lat' dir='ltr'><strong>II,</strong></span> <span class='ocrx_word' id='word_1_115' title='bbox 1327 1582 1358 1658; x_wconf 88' lang='grc'><strong>3,</strong></span> <span class='ocrx_word' id='word_1_116' title='bbox 1383 1581 1441 1653; x_wconf 76' lang='grc'>32).</span> 
     </span>
     <span class='ocr_line' id='line_1_14' title="bbox 289 1671 1441 1759; baseline 0.005 -22"><span class='ocrx_word' id='word_1_117' title='bbox 289 1671 466 1755; x_wconf 80' lang='lat' dir='ltr'><strong>cognatum</strong></span> <span class='ocrx_word' id='word_1_118' title='bbox 489 1682 540 1741; x_wconf 88' lang='lat' dir='ltr'><strong>est</strong></span> <span class='ocrx_word' id='word_1_119' title='bbox 561 1675 791 1757; x_wconf 87' lang='lat' dir='ltr'><strong>significatione</strong></span> <span class='ocrx_word' id='word_1_120' title='bbox 813 1695 842 1739; x_wconf 85' lang='lat' dir='ltr'><strong>v.</strong></span> <span class='ocrx_word' id='word_1_121' title='bbox 865 1679 958 1747; x_wconf 76' lang='lat' dir='ltr'><strong>solra,</strong></span> <span class='ocrx_word' id='word_1_122' title='bbox 993 1695 1065 1742; x_wconf 91' lang='lat' dir='ltr'><strong>cum</strong></span> <span class='ocrx_word' id='word_1_123' title='bbox 1087 1696 1149 1759; x_wconf 92' lang='lat' dir='ltr'><strong>quo</strong></span> <span class='ocrx_word' id='word_1_124' title='bbox 1174 1678 1380 1743; x_wconf 88' lang='lat' dir='ltr'><strong>coniunctum</strong></span> <span class='ocrx_word' id='word_1_125' title='bbox 1402 1675 1441 1743; x_wconf 84' lang='lat' dir='ltr'><strong>le</strong></span> 
     </span>
     <span class='ocr_line' id='line_1_15' title="bbox 289 1770 1441 1856; baseline 0.003 -20"><span class='ocrx_word' id='word_1_126' title='bbox 289 1772 378 1852; x_wconf 81' lang='lat' dir='ltr'><strong>gitur</strong></span> <span class='ocrx_word' id='word_1_127' title='bbox 406 1772 534 1838; x_wconf 85' lang='lat' dir='ltr'><strong>Terent.</strong></span> <span class='ocrx_word' id='word_1_128' title='bbox 557 1772 673 1838; x_wconf 89' lang='lat' dir='ltr'><strong>Heaut.</strong></span> <span class='ocrx_word' id='word_1_129' title='bbox 696 1773 722 1854; x_wconf 94' lang='grc' dir='ltr'><strong>Ι,</strong></span> <span class='ocrx_word' id='word_1_130' title='bbox 745 1780 773 1856; x_wconf 90' lang='grc'><strong>1,</strong></span> <span class='ocrx_word' id='word_1_131' title='bbox 797 1781 837 1839; x_wconf 84' lang='grc'><strong>77</strong></span> <span class='ocrx_word' id='word_1_132' title='bbox 868 1773 918 1849; x_wconf 85' lang='lat' dir='ltr'><strong>(ci.</strong></span> <span class='ocrx_word' id='word_1_133' title='bbox 945 1770 974 1855; x_wconf 63' lang='grc' dir='ltr'><strong>ἓ.</strong></span> <span class='ocrx_word' id='word_1_134' title='bbox 996 1779 1061 1851; x_wconf 85' lang='grc'>43).</span> <span class='ocrx_word' id='word_1_135' title='bbox 1107 1774 1318 1855; x_wconf 79' lang='lat' dir='ltr'><strong>coniungitur</strong></span> <span class='ocrx_word' id='word_1_136' title='bbox 1348 1774 1441 1839; x_wconf 85' lang='lat' dir='ltr'><strong>etiam</strong></span> 
     </span>
     <span class='ocr_line' id='line_1_16' title="bbox 288 1869 1441 1955; baseline 0.002 -22"><span class='ocrx_word' id='word_1_137' title='bbox 288 1885 361 1933; x_wconf 91' lang='lat' dir='ltr'><strong>cum</strong></span> <span class='ocrx_word' id='word_1_138' title='bbox 384 1872 468 1941; x_wconf 79' lang='lat' dir='ltr'><strong>alar,</strong></span> <span class='ocrx_word' id='word_1_139' title='bbox 488 1869 584 1947; x_wconf 84' lang='lat' dir='ltr'><strong>(lens.</strong></span> <span class='ocrx_word' id='word_1_140' title='bbox 607 1889 707 1952; x_wconf 87' lang='lat' dir='ltr'><strong>purae</strong></span> <span class='ocrx_word' id='word_1_141' title='bbox 730 1877 763 1938; x_wconf 91' lang='lat' dir='ltr'><strong>et</strong></span> <span class='ocrx_word' id='word_1_142' title='bbox 784 1872 927 1955; x_wconf 81' lang='lat' dir='ltr'><strong>impurae</strong></span> <span class='ocrx_word' id='word_1_143' title='bbox 949 1872 1004 1938; x_wconf 91' lang='lat' dir='ltr'><strong>lat.</strong></span> <span class='ocrx_word' id='word_1_144' title='bbox 1028 1869 1149 1939; x_wconf 75' lang='lat' dir='ltr'><strong>collect</strong></span> <span class='ocrx_word' id='word_1_145' title='bbox 1172 1891 1203 1954; x_wconf 89' lang='lat' dir='ltr'><strong>p.</strong></span> <span class='ocrx_word' id='word_1_146' title='bbox 1230 1872 1284 1947; x_wconf 84' lang='lat'><strong>55)</strong></span> <span class='ocrx_word' id='word_1_147' title='bbox 1315 1870 1441 1936; x_wconf 82' lang='lat' dir='ltr'><strong>Terent</strong></span> 
     </span>
     <span class='ocr_line' id='line_1_17' title="bbox 288 1966 1440 2050; baseline 0.001 -20"><span class='ocrx_word' id='word_1_148' title='bbox 288 1966 387 2031; x_wconf 87' lang='lat' dir='ltr'><strong>Andr.</strong></span> <span class='ocrx_word' id='word_1_149' title='bbox 411 1969 436 2047; x_wconf 91' lang='grc' dir='ltr'>Ι,</span> <span class='ocrx_word' id='word_1_150' title='bbox 462 1974 489 2047; x_wconf 94' lang='grc'><strong>1,</strong></span> <span class='ocrx_word' id='word_1_151' title='bbox 512 1974 567 2034; x_wconf 83' lang='lat'><strong>49:</strong></span> <span class='ocrx_word' id='word_1_152' title='bbox 598 1972 658 2033; x_wconf 91' lang='lat' dir='ltr'><strong>Sed</strong></span> <span class='ocrx_word' id='word_1_153' title='bbox 679 1980 834 2049; x_wconf 87' lang='lat' dir='ltr'><strong>postquam</strong></span> <span class='ocrx_word' id='word_1_154' title='bbox 858 1990 960 2034; x_wconf 86' lang='lat' dir='ltr'><strong>amans</strong></span> <span class='ocrx_word' id='word_1_155' title='bbox 983 1975 1111 2034; x_wconf 85' lang='lat' dir='ltr'><strong>accessit</strong></span> <span class='ocrx_word' id='word_1_156' title='bbox 1132 1974 1261 2050; x_wconf 87' lang='lat' dir='ltr'><strong>pretium</strong></span> <span class='ocrx_word' id='word_1_157' title='bbox 1284 1973 1440 2046; x_wconf 81' lang='lat' dir='ltr'><strong>pollicens,</strong></span> 
     </span>
     <span class='ocr_line' id='line_1_18' title="bbox 289 2067 1444 2150; baseline 0.003 -21"><span class='ocrx_word' id='word_1_158' title='bbox 289 2067 375 2129; x_wconf 64' lang='lat' dir='ltr'><strong>Uaro</strong></span> <span class='ocrx_word' id='word_1_159' title='bbox 395 2070 513 2129; x_wconf 77' lang='lat' dir='ltr'><strong>etitem</strong></span> <span class='ocrx_word' id='word_1_160' title='bbox 539 2070 623 2133; x_wconf 83' lang='lat' dir='ltr'><strong>alter.</strong></span> <span class='ocrx_word' id='word_1_161' title='bbox 668 2068 771 2150; x_wconf 92' lang='lat' dir='ltr'><strong>Saepe</strong></span> <span class='ocrx_word' id='word_1_162' title='bbox 793 2075 900 2134; x_wconf 88' lang='lat' dir='ltr'><strong>tamen</strong></span> <span class='ocrx_word' id='word_1_163' title='bbox 922 2070 971 2134; x_wconf 87' lang='lat' dir='ltr'><strong>vis</strong></span> <span class='ocrx_word' id='word_1_164' title='bbox 993 2068 1167 2144; x_wconf 87' lang='lat' dir='ltr'><strong>numeralis</strong></span> <span class='ocrx_word' id='word_1_165' title='bbox 1188 2067 1387 2132; x_wconf 89' lang='lat' dir='ltr'><strong>deminuitur</strong></span> <span class='ocrx_word' id='word_1_166' title='bbox 1413 2074 1444 2133; x_wconf 85' lang='lat' dir='ltr'><strong>et</strong></span> 
     </span>
     <span class='ocr_line' id='line_1_19' title="bbox 288 2162 1442 2246; baseline 0.003 -21"><span class='ocrx_word' id='word_1_167' title='bbox 288 2162 366 2227; x_wconf 87' lang='lat' dir='ltr'><strong>nihil</strong></span> <span class='ocrx_word' id='word_1_168' title='bbox 388 2162 474 2229; x_wconf 89' lang='lat' dir='ltr'><strong>aliud</strong></span> <span class='ocrx_word' id='word_1_169' title='bbox 498 2163 657 2246; x_wconf 82' lang='lat' dir='ltr'><strong>significat</strong></span> <span class='ocrx_word' id='word_1_170' title='bbox 677 2166 738 2231; x_wconf 91' lang='lat' dir='ltr'><strong>nisi</strong></span> <span class='ocrx_word' id='word_1_171' title='bbox 760 2169 895 2243; x_wconf 77' lang='lat' dir='ltr'><strong>quidam,</strong></span> <span class='ocrx_word' id='word_1_172' title='bbox 930 2170 1054 2242; x_wconf 76' lang='lat' dir='ltr'><strong>aliquis,</strong></span> <span class='ocrx_word' id='word_1_173' title='bbox 1088 2171 1125 2231; x_wconf 91' lang='lat' dir='ltr'><strong>ut</strong></span> <span class='ocrx_word' id='word_1_174' title='bbox 1153 2164 1255 2231; x_wconf 88' lang='lat' dir='ltr'><strong>simile</strong></span> <span class='ocrx_word' id='word_1_175' title='bbox 1275 2164 1360 2230; x_wconf 91' lang='lat' dir='ltr'><strong>adeo</strong></span> <span class='ocrx_word' id='word_1_176' title='bbox 1390 2163 1442 2231; x_wconf 87' lang='lat' dir='ltr'><strong>fiat</strong></span> 
     </span>
     <span class='ocr_line' id='line_1_20' title="bbox 284 2260 1439 2347; baseline 0.003 -23"><span class='ocrx_word' id='word_1_177' title='bbox 284 2260 420 2326; x_wconf 90' lang='lat' dir='ltr'><strong>articulo</strong></span> <span class='ocrx_word' id='word_1_178' title='bbox 434 2261 598 2328; x_wconf 87' lang='lat' dir='ltr'><strong>indefinito</strong></span> <span class='ocrx_word' id='word_1_179' title='bbox 613 2266 827 2329; x_wconf 85' lang='lat' dir='ltr'><strong>recentiorum</strong></span> <span class='ocrx_word' id='word_1_180' title='bbox 842 2266 1021 2347; x_wconf 78' lang='lat' dir='ltr'><strong>linguarum</strong></span> <span class='ocrx_word' id='word_1_181' title='bbox 1035 2268 1109 2345; x_wconf 85' lang='lat' dir='ltr'><strong>(qua</strong></span> <span class='ocrx_word' id='word_1_182' title='bbox 1124 2264 1164 2328; x_wconf 93' lang='lat' dir='ltr'><strong>de</strong></span> <span class='ocrx_word' id='word_1_183' title='bbox 1179 2282 1213 2329; x_wconf 92' lang='lat' dir='ltr'><strong>re</strong></span> <span class='ocrx_word' id='word_1_184' title='bbox 1228 2281 1255 2327; x_wconf 88' lang='lat' dir='ltr'><strong>v.</strong></span> <span class='ocrx_word' id='word_1_185' title='bbox 1265 2262 1439 2329; x_wconf 83' lang='lat' dir='ltr'><strong>Fuchsium</strong></span> 
     </span>
     <span class='ocr_line' id='line_1_21' title="bbox 202 2355 1440 2448; baseline 0 -23"><span class='ocrx_word' id='word_1_186' title='bbox 202 2401 207 2408; x_wconf 89' lang='lat'><em>-</em></span> <span class='ocrx_word' id='word_1_187' title='bbox 285 2355 549 2444; x_wconf 59' lang='lat' dir='ltr'><strong>dathunhlunqen</strong></span> <span class='ocrx_word' id='word_1_188' title='bbox 579 2359 631 2424; x_wconf 76' lang='lat' dir='ltr'><strong>bar</strong></span> <span class='ocrx_word' id='word_1_189' title='bbox 658 2367 685 2426; x_wconf 81' lang='lat'><strong>7.</strong></span> <span class='ocrx_word' id='word_1_190' title='bbox 715 2358 952 2448; x_wconf 66' lang='lat' dir='ltr'><strong>Seelcmmlunq</strong></span> <span class='ocrx_word' id='word_1_191' title='bbox 983 2361 1035 2425; x_wconf 78' lang='lat' dir='ltr'><strong>ta</strong></span> <span class='ocrx_word' id='word_1_192' title='bbox 1068 2360 1219 2443; x_wconf 69' lang='lat' dir='ltr'><strong>hentldyen</strong></span> <span class='ocrx_word' id='word_1_193' title='bbox 1249 2357 1440 2446; x_wconf 50' lang='lat' dir='ltr'><strong>Philologus</strong></span> 
     </span>
    </p>
   </div>
   <div class='ocr_carea' id='block_1_3' title="bbox 188 2455 1440 2542">
    <p class='ocr_par' dir='ltr' id='par_1_4' title="bbox 188 2455 1440 2542">
     <span class='ocr_line' id='line_1_22' title="bbox 188 2455 1440 2542; baseline 0.001 -20"><span class='ocrx_word' id='word_1_194' title='bbox 188 2480 191 2487; x_wconf 92' lang='lat'>·</span> <span class='ocrx_word' id='word_1_195' title='bbox 284 2457 348 2522; x_wconf 79' lang='lat' dir='ltr'><strong>unb</strong></span> <span class='ocrx_word' id='word_1_196' title='bbox 371 2455 601 2539; x_wconf 55' lang='lat' dir='ltr'><strong>&amp;dalmianus</strong></span> <span class='ocrx_word' id='word_1_197' title='bbox 622 2477 653 2540; x_wconf 93' lang='lat' dir='ltr'><strong>p.</strong></span> <span class='ocrx_word' id='word_1_198' title='bbox 676 2463 740 2536; x_wconf 79' lang='lat'><strong>45).</strong></span> <span class='ocrx_word' id='word_1_199' title='bbox 785 2461 835 2527; x_wconf 92' lang='lat' dir='ltr'><strong>Sic</strong></span> <span class='ocrx_word' id='word_1_200' title='bbox 854 2461 957 2526; x_wconf 91' lang='lat' dir='ltr'><strong>Plaut.</strong></span> <span class='ocrx_word' id='word_1_201' title='bbox 977 2459 1069 2542; x_wconf 87' lang='lat' dir='ltr'><strong>Epid.</strong></span> <span class='ocrx_word' id='word_1_202' title='bbox 1092 2458 1152 2540; x_wconf 93' lang='grc' dir='ltr'><strong>ΠΙ,</strong></span> <span class='ocrx_word' id='word_1_203' title='bbox 1174 2465 1204 2540; x_wconf 91' lang='grc'><strong>4,</strong></span> <span class='ocrx_word' id='word_1_204' title='bbox 1230 2465 1285 2523; x_wconf 76' lang='lat'><strong>17:</strong></span> <span class='ocrx_word' id='word_1_205' title='bbox 1308 2463 1365 2523; x_wconf 89' lang='lat' dir='ltr'><strong>Pol</strong></span> <span class='ocrx_word' id='word_1_206' title='bbox 1388 2479 1440 2540; x_wconf 77' lang='lat' dir='ltr'><strong>epo</strong></span> 
     </span>
    </p>
   </div>
   <div class='ocr_carea' id='block_1_4' title="bbox 277 2557 1442 4404">
    <p class='ocr_par' dir='ltr' id='par_1_5' title="bbox 277 2557 1442 4404">
     <span class='ocr_line' id='line_1_23' title="bbox 283 2557 1441 2638; baseline 0 -18"><span class='ocrx_word' id='word_1_207' title='bbox 283 2562 491 2636; x_wconf 71' lang='lat' dir='ltr'><strong>megistanum</strong></span> <span class='ocrx_word' id='word_1_208' title='bbox 513 2577 634 2634; x_wconf 87' lang='lat' dir='ltr'><strong>quaero,</strong></span> <span class='ocrx_word' id='word_1_209' title='bbox 658 2578 738 2622; x_wconf 90' lang='lat' dir='ltr'><strong>meas</strong></span> <span class='ocrx_word' id='word_1_210' title='bbox 763 2565 832 2636; x_wconf 91' lang='lat' dir='ltr'><strong>quoi</strong></span> <span class='ocrx_word' id='word_1_211' title='bbox 854 2563 1033 2638; x_wconf 77' lang='lat' dir='ltr'><strong>praedicem.</strong></span> <span class='ocrx_word' id='word_1_212' title='bbox 1077 2557 1170 2624; x_wconf 83' lang='lat' dir='ltr'><strong>Truc.</strong></span> <span class='ocrx_word' id='word_1_213' title='bbox 1186 2558 1229 2637; x_wconf 93' lang='grc' dir='ltr'><strong>ΙΙ,</strong></span> <span class='ocrx_word' id='word_1_214' title='bbox 1252 2563 1281 2637; x_wconf 94' lang='grc'><strong>1,</strong></span> <span class='ocrx_word' id='word_1_215' title='bbox 1303 2564 1360 2624; x_wconf 88' lang='lat'><strong>39:</strong></span> <span class='ocrx_word' id='word_1_216' title='bbox 1385 2560 1441 2621; x_wconf 89' lang='lat' dir='ltr'><strong>Sed</strong></span> 
     </span>
     <span class='ocr_line' id='line_1_24' title="bbox 286 2655 1442 2736; baseline -0.003 -16"><span class='ocrx_word' id='word_1_217' title='bbox 286 2664 333 2720; x_wconf 87' lang='lat' dir='ltr'><strong>ast</strong></span> <span class='ocrx_word' id='word_1_218' title='bbox 355 2660 423 2719; x_wconf 91' lang='lat' dir='ltr'><strong>huic</strong></span> <span class='ocrx_word' id='word_1_219' title='bbox 450 2675 528 2717; x_wconf 79' lang='lat' dir='ltr'><strong>auras</strong></span> <span class='ocrx_word' id='word_1_220' title='bbox 553 2674 651 2718; x_wconf 87' lang='lat' dir='ltr'><strong>servos</strong></span> <span class='ocrx_word' id='word_1_221' title='bbox 681 2660 927 2722; x_wconf 87' lang='lat' dir='ltr'><strong>violentissnmus.</strong></span> <span class='ocrx_word' id='word_1_222' title='bbox 972 2655 1087 2722; x_wconf 88' lang='lat' dir='ltr'><strong>Pseud.</strong></span> <span class='ocrx_word' id='word_1_223' title='bbox 1110 2655 1165 2736; x_wconf 90' lang='lat' dir='ltr'><strong>IV,</strong></span> <span class='ocrx_word' id='word_1_224' title='bbox 1193 2662 1220 2735; x_wconf 84' lang='lat'><strong>1,</strong></span> <span class='ocrx_word' id='word_1_225' title='bbox 1243 2660 1298 2722; x_wconf 85' lang='lat'><strong>38:</strong></span> <span class='ocrx_word' id='word_1_226' title='bbox 1325 2659 1442 2734; x_wconf 89' lang='lat' dir='ltr'><strong>Lepida</strong></span> 
     </span>
     <span class='ocr_line' id='line_1_25' title="bbox 283 2755 1442 2834; baseline 0.001 -18"><span class='ocrx_word' id='word_1_227' title='bbox 283 2757 393 2817; x_wconf 89' lang='lat' dir='ltr'><strong>ibidem</strong></span> <span class='ocrx_word' id='word_1_228' title='bbox 423 2775 485 2818; x_wconf 84' lang='lat' dir='ltr'><strong>una</strong></span> <span class='ocrx_word' id='word_1_229' title='bbox 514 2756 612 2816; x_wconf 89' lang='lat' dir='ltr'><strong>aderit</strong></span> <span class='ocrx_word' id='word_1_230' title='bbox 640 2756 755 2816; x_wconf 76' lang='lat' dir='ltr'><strong>naalier.</strong></span> <span class='ocrx_word' id='word_1_231' title='bbox 798 2755 863 2819; x_wconf 86' lang='lat' dir='ltr'><strong>Mil.</strong></span> <span class='ocrx_word' id='word_1_232' title='bbox 888 2755 912 2826; x_wconf 91' lang='lat' dir='ltr'><strong>I,</strong></span> <span class='ocrx_word' id='word_1_233' title='bbox 936 2760 964 2834; x_wconf 88' lang='lat'><strong>1,</strong></span> <span class='ocrx_word' id='word_1_234' title='bbox 988 2761 1043 2819; x_wconf 79' lang='lat'><strong>24:</strong></span> <span class='ocrx_word' id='word_1_235' title='bbox 1081 2758 1139 2817; x_wconf 83' lang='lat' dir='ltr'><strong>nisi</strong></span> <span class='ocrx_word' id='word_1_236' title='bbox 1162 2758 1261 2818; x_wconf 82' lang='lat' dir='ltr'><strong>Unam</strong></span> <span class='ocrx_word' id='word_1_237' title='bbox 1294 2757 1442 2831; x_wconf 72' lang='lat' dir='ltr'><strong>epityrum</strong></span> 
     </span>
     <span class='ocr_line' id='line_1_26' title="bbox 282 2851 1438 2935; baseline 0.003 -21"><span class='ocrx_word' id='word_1_238' title='bbox 282 2861 366 2915; x_wconf 89' lang='lat' dir='ltr'><strong>estur</strong></span> <span class='ocrx_word' id='word_1_239' title='bbox 395 2851 555 2930; x_wconf 89' lang='lat' dir='ltr'><strong>[insanum]</strong></span> <span class='ocrx_word' id='word_1_240' title='bbox 579 2855 683 2914; x_wconf 88' lang='lat' dir='ltr'><strong>insane</strong></span> <span class='ocrx_word' id='word_1_241' title='bbox 702 2854 789 2931; x_wconf 88' lang='lat' dir='ltr'><strong>bene,</strong></span> <span class='ocrx_word' id='word_1_242' title='bbox 813 2853 849 2919; x_wconf 86' lang='lat' dir='ltr'><strong>cl.</strong></span> <span class='ocrx_word' id='word_1_243' title='bbox 866 2852 1018 2923; x_wconf 77' lang='lat' dir='ltr'><strong>hindam,</strong></span> <span class='ocrx_word' id='word_1_244' title='bbox 1040 2854 1094 2935; x_wconf 92' lang='lat' dir='ltr'><strong>qui</strong></span> <span class='ocrx_word' id='word_1_245' title='bbox 1115 2851 1209 2919; x_wconf 81' lang='lat' dir='ltr'><strong>affert</strong></span> <span class='ocrx_word' id='word_1_246' title='bbox 1223 2852 1363 2918; x_wconf 87' lang='lat' dir='ltr'><strong>Mostell.</strong></span> <span class='ocrx_word' id='word_1_247' title='bbox 1381 2852 1438 2932; x_wconf 87' lang='lat' dir='ltr'>III,</span> 
     </span>
     <span class='ocr_line' id='line_1_27' title="bbox 283 2952 1438 3029; baseline 0.001 -17"><span class='ocrx_word' id='word_1_248' title='bbox 283 2953 312 3029; x_wconf 81' lang='grc'><strong>2,</strong></span> <span class='ocrx_word' id='word_1_249' title='bbox 336 2952 370 3013; x_wconf 82' lang='lat'><strong>2:</strong></span> <span class='ocrx_word' id='word_1_250' title='bbox 408 2955 516 3015; x_wconf 86' lang='lat' dir='ltr'><strong>Melius</strong></span> <span class='ocrx_word' id='word_1_251' title='bbox 540 2973 616 3016; x_wconf 93' lang='lat' dir='ltr'><strong>anno</strong></span> <span class='ocrx_word' id='word_1_252' title='bbox 639 2956 695 3015; x_wconf 91' lang='lat' dir='ltr'><strong>hoc</strong></span> <span class='ocrx_word' id='word_1_253' title='bbox 718 2956 790 3014; x_wconf 94' lang='lat' dir='ltr'><strong>mihi</strong></span> <span class='ocrx_word' id='word_1_254' title='bbox 811 2971 869 3014; x_wconf 91' lang='lat' dir='ltr'><strong>non</strong></span> <span class='ocrx_word' id='word_1_255' title='bbox 892 2953 948 3013; x_wconf 85' lang='lat' dir='ltr'><strong>fuit</strong></span> <span class='ocrx_word' id='word_1_256' title='bbox 971 2955 1062 3027; x_wconf 87' lang='lat' dir='ltr'><strong>domi,</strong></span> <span class='ocrx_word' id='word_1_257' title='bbox 1096 2955 1159 3014; x_wconf 86' lang='lat' dir='ltr'><strong>Nec</strong></span> <span class='ocrx_word' id='word_1_258' title='bbox 1182 2955 1259 3028; x_wconf 91' lang='lat' dir='ltr'><strong>quod</strong></span> <span class='ocrx_word' id='word_1_259' title='bbox 1288 2972 1351 3013; x_wconf 83' lang='lat' dir='ltr'><strong>aaa</strong></span> <span class='ocrx_word' id='word_1_260' title='bbox 1374 2971 1438 3013; x_wconf 86' lang='lat' dir='ltr'><strong>esee</strong></span> 
     </span>
     <span class='ocr_line' id='line_1_28' title="bbox 282 3048 1437 3130; baseline 0.004 -22"><span class='ocrx_word' id='word_1_261' title='bbox 282 3066 328 3109; x_wconf 88' lang='lat' dir='ltr'><strong>ma</strong></span> <span class='ocrx_word' id='word_1_262' title='bbox 351 3050 459 3111; x_wconf 84' lang='lat' dir='ltr'><strong>iuverit</strong></span> <span class='ocrx_word' id='word_1_263' title='bbox 481 3055 588 3129; x_wconf 79' lang='lat' dir='ltr'><strong>magis,</strong></span> <span class='ocrx_word' id='word_1_264' title='bbox 623 3078 665 3106; x_wconf 93' lang='lat'><strong><em>=</em></strong></span> <span class='ocrx_word' id='word_1_265' title='bbox 693 3069 767 3116; x_wconf 91' lang='lat' dir='ltr'><strong>esca</strong></span> <span class='ocrx_word' id='word_1_266' title='bbox 790 3050 944 3130; x_wconf 90' lang='lat' dir='ltr'><strong>quaedam</strong></span> <span class='ocrx_word' id='word_1_267' title='bbox 967 3068 991 3114; x_wconf 91' lang='lat' dir='ltr'><strong>s.</strong></span> <span class='ocrx_word' id='word_1_268' title='bbox 1014 3066 1105 3115; x_wconf 86' lang='lat' dir='ltr'><strong>escae</strong></span> <span class='ocrx_word' id='word_1_269' title='bbox 1135 3048 1262 3129; x_wconf 90' lang='lat' dir='ltr'><strong>aliquid.</strong></span> <span class='ocrx_word' id='word_1_270' title='bbox 1309 3048 1437 3114; x_wconf 87' lang='lat' dir='ltr'><strong>Terent.</strong></span> 
     </span>
     <span class='ocr_line' id='line_1_29' title="bbox 283 3144 1436 3227; baseline -0.001 -18"><span class='ocrx_word' id='word_1_271' title='bbox 283 3144 381 3210; x_wconf 88' lang='lat' dir='ltr'><strong>Andr.</strong></span> <span class='ocrx_word' id='word_1_272' title='bbox 404 3145 429 3225; x_wconf 91' lang='grc' dir='ltr'>Ι,</span> <span class='ocrx_word' id='word_1_273' title='bbox 457 3154 483 3227; x_wconf 88' lang='lat' dir='ltr'><strong>l,</strong></span> <span class='ocrx_word' id='word_1_274' title='bbox 506 3153 563 3213; x_wconf 89' lang='lat'><strong>91:</strong></span> <span class='ocrx_word' id='word_1_275' title='bbox 587 3153 704 3213; x_wconf 90' lang='lat' dir='ltr'><strong>interea</strong></span> <span class='ocrx_word' id='word_1_276' title='bbox 725 3154 806 3212; x_wconf 88' lang='lat' dir='ltr'><strong>inter</strong></span> <span class='ocrx_word' id='word_1_277' title='bbox 827 3152 977 3222; x_wconf 89' lang='lat' dir='ltr'><strong>mulieres,</strong></span> <span class='ocrx_word' id='word_1_278' title='bbox 1002 3150 1084 3222; x_wconf 85' lang='lat' dir='ltr'><strong>Quae</strong></span> <span class='ocrx_word' id='word_1_279' title='bbox 1112 3150 1153 3209; x_wconf 95' lang='lat' dir='ltr'><strong>ibi</strong></span> <span class='ocrx_word' id='word_1_280' title='bbox 1181 3150 1324 3223; x_wconf 78' lang='lat' dir='ltr'><strong>aderant,</strong></span> <span class='ocrx_word' id='word_1_281' title='bbox 1360 3149 1436 3209; x_wconf 79' lang='lat' dir='ltr'><strong>sorte</strong></span> 
     </span>
     <span class='ocr_line' id='line_1_30' title="bbox 282 3244 1436 3324; baseline 0.002 -18"><span class='ocrx_word' id='word_1_282' title='bbox 282 3262 376 3306; x_wconf 82' lang='lat' dir='ltr'><strong>unam</strong></span> <span class='ocrx_word' id='word_1_283' title='bbox 399 3250 510 3324; x_wconf 84' lang='lat' dir='ltr'><strong>aspicio</strong></span> <span class='ocrx_word' id='word_1_284' title='bbox 534 3250 790 3313; x_wconf 65' lang='lat' dir='ltr'><strong>marocenorum.</strong></span> <span class='ocrx_word' id='word_1_285' title='bbox 819 3246 924 3311; x_wconf 86' lang='lat' dir='ltr'><strong>Etiam</strong></span> <span class='ocrx_word' id='word_1_286' title='bbox 946 3244 1080 3324; x_wconf 90' lang='lat' dir='ltr'><strong>pluralis</strong></span> <span class='ocrx_word' id='word_1_287' title='bbox 1102 3263 1130 3310; x_wconf 90' lang='lat' dir='ltr'><strong>v.</strong></span> <span class='ocrx_word' id='word_1_288' title='bbox 1153 3249 1343 3310; x_wconf 73' lang='lat' dir='ltr'><strong>amoenat</strong></span> <span class='ocrx_word' id='word_1_289' title='bbox 1366 3262 1436 3310; x_wconf 92' lang='lat' dir='ltr'><strong>con·</strong></span> 
     </span>
     <span class='ocr_line' id='line_1_31' title="bbox 281 3342 1436 3427; baseline 0 -20"><span class='ocrx_word' id='word_1_290' title='bbox 281 3342 408 3410; x_wconf 88' lang='lat' dir='ltr'><strong>iunctus</strong></span> <span class='ocrx_word' id='word_1_291' title='bbox 439 3364 510 3410; x_wconf 92' lang='lat' dir='ltr'><strong>cum</strong></span> <span class='ocrx_word' id='word_1_292' title='bbox 534 3347 635 3412; x_wconf 91' lang='lat' dir='ltr'><strong>subst.</strong></span> <span class='ocrx_word' id='word_1_293' title='bbox 658 3347 691 3411; x_wconf 93' lang='lat' dir='ltr'><strong>in</strong></span> <span class='ocrx_word' id='word_1_294' title='bbox 713 3345 828 3427; x_wconf 89' lang='lat' dir='ltr'><strong>plurali</strong></span> <span class='ocrx_word' id='word_1_295' title='bbox 851 3360 983 3408; x_wconf 90' lang='lat' dir='ltr'><strong>numero</strong></span> <span class='ocrx_word' id='word_1_296' title='bbox 1005 3342 1127 3423; x_wconf 88' lang='lat' dir='ltr'><strong>positis,</strong></span> <span class='ocrx_word' id='word_1_297' title='bbox 1149 3344 1204 3409; x_wconf 93' lang='lat' dir='ltr'><strong>ubi</strong></span> <span class='ocrx_word' id='word_1_298' title='bbox 1226 3343 1336 3409; x_wconf 90' lang='lat' dir='ltr'><strong>itidem</strong></span> <span class='ocrx_word' id='word_1_299' title='bbox 1361 3361 1436 3407; x_wconf 92' lang='lat' dir='ltr'><strong>non·</strong></span> 
     </span>
     <span class='ocr_line' id='line_1_32' title="bbox 282 3441 1436 3524; baseline 0.001 -19"><span class='ocrx_word' id='word_1_300' title='bbox 282 3458 442 3521; x_wconf 90' lang='lat' dir='ltr'><strong>nunquam</strong></span> <span class='ocrx_word' id='word_1_301' title='bbox 464 3442 532 3508; x_wconf 82' lang='lat' dir='ltr'><strong>iere</strong></span> <span class='ocrx_word' id='word_1_302' title='bbox 554 3444 637 3509; x_wconf 91' lang='lat' dir='ltr'><strong>idem</strong></span> <span class='ocrx_word' id='word_1_303' title='bbox 660 3450 710 3508; x_wconf 92' lang='lat' dir='ltr'><strong>est</strong></span> <span class='ocrx_word' id='word_1_304' title='bbox 731 3461 761 3524; x_wconf 92' lang='lat' dir='ltr'><strong>q.</strong></span> <span class='ocrx_word' id='word_1_305' title='bbox 785 3446 872 3512; x_wconf 74' lang='lat' dir='ltr'><strong>solta,</strong></span> <span class='ocrx_word' id='word_1_306' title='bbox 894 3441 1037 3523; x_wconf 90' lang='lat' dir='ltr'><strong>inprimis</strong></span> <span class='ocrx_word' id='word_1_307' title='bbox 1059 3449 1166 3507; x_wconf 89' lang='lat' dir='ltr'><strong>autem</strong></span> <span class='ocrx_word' id='word_1_308' title='bbox 1189 3460 1260 3507; x_wconf 90' lang='lat' dir='ltr'><strong>cum</strong></span> <span class='ocrx_word' id='word_1_309' title='bbox 1284 3441 1333 3520; x_wconf 85' lang='lat' dir='ltr'><strong>iis,</strong></span> <span class='ocrx_word' id='word_1_310' title='bbox 1356 3458 1436 3521; x_wconf 91' lang='lat' dir='ltr'><strong>quae</strong></span> 
     </span>
     <span class='ocr_line' id='line_1_33' title="bbox 281 3539 1437 3621; baseline -0.003 -17"><span class='ocrx_word' id='word_1_311' title='bbox 281 3544 358 3605; x_wconf 87' lang='lat' dir='ltr'><strong>sunt</strong></span> <span class='ocrx_word' id='word_1_312' title='bbox 378 3539 517 3621; x_wconf 86' lang='lat' dir='ltr'><strong>pluralia</strong></span> <span class='ocrx_word' id='word_1_313' title='bbox 538 3546 670 3606; x_wconf 85' lang='lat' dir='ltr'><strong>tantum.</strong></span> <span class='ocrx_word' id='word_1_314' title='bbox 714 3540 794 3607; x_wconf 81' lang='lat' dir='ltr'><strong>Cato</strong></span> <span class='ocrx_word' id='word_1_315' title='bbox 818 3540 853 3604; x_wconf 85' lang='lat' dir='ltr'><strong>R.</strong></span> <span class='ocrx_word' id='word_1_316' title='bbox 876 3539 912 3603; x_wconf 89' lang='lat' dir='ltr'><strong>R.</strong></span> <span class='ocrx_word' id='word_1_317' title='bbox 936 3559 962 3605; x_wconf 92' lang='lat' dir='ltr'><strong>c.</strong></span> <span class='ocrx_word' id='word_1_318' title='bbox 987 3544 1041 3604; x_wconf 87' lang='lat'><strong>10:</strong></span> <span class='ocrx_word' id='word_1_319' title='bbox 1074 3543 1168 3603; x_wconf 84' lang='lat' dir='ltr'><strong>molas</strong></span> <span class='ocrx_word' id='word_1_320' title='bbox 1191 3544 1337 3603; x_wconf 87' lang='lat' dir='ltr'><strong>asinarias</strong></span> <span class='ocrx_word' id='word_1_321' title='bbox 1360 3558 1437 3603; x_wconf 82' lang='lat' dir='ltr'><strong>anca</strong></span> 
     </span>
     <span class='ocr_line' id='line_1_34' title="bbox 281 3641 1434 3716; baseline -0.001 -16"><span class='ocrx_word' id='word_1_322' title='bbox 281 3647 312 3700; x_wconf 87' lang='lat' dir='ltr'><strong>et</strong></span> <span class='ocrx_word' id='word_1_323' title='bbox 333 3643 486 3702; x_wconf 88' lang='lat' dir='ltr'><strong>trusatiles</strong></span> <span class='ocrx_word' id='word_1_324' title='bbox 502 3659 587 3709; x_wconf 84' lang='lat' dir='ltr'><strong>uuas,</strong></span> <span class='ocrx_word' id='word_1_325' title='bbox 609 3643 816 3716; x_wconf 86' lang='lat' dir='ltr'><strong>hispanienses</strong></span> <span class='ocrx_word' id='word_1_326' title='bbox 831 3656 909 3701; x_wconf 82' lang='lat' dir='ltr'><strong>uuas</strong></span> <span class='ocrx_word' id='word_1_327' title='bbox 922 3673 966 3682; x_wconf 98' lang='lat'>—</span> <span class='ocrx_word' id='word_1_328' title='bbox 981 3656 1130 3701; x_wconf 88' lang='lat' dir='ltr'><strong>scamnum</strong></span> <span class='ocrx_word' id='word_1_329' title='bbox 1146 3642 1175 3699; x_wconf 91' lang='lat' dir='ltr'><strong>in</strong></span> <span class='ocrx_word' id='word_1_330' title='bbox 1192 3641 1331 3701; x_wconf 90' lang='lat' dir='ltr'><strong>cubiculo</strong></span> <span class='ocrx_word' id='word_1_331' title='bbox 1347 3658 1434 3700; x_wconf 88' lang='lat' dir='ltr'><strong>unum</strong></span> 
     </span>
     <span class='ocr_line' id='line_1_35' title="bbox 280 3734 1435 3805; baseline -0.002 -4"><span class='ocrx_word' id='word_1_332' title='bbox 280 3740 356 3801; x_wconf 87' lang='lat' dir='ltr'><strong>cett.</strong></span> <span class='ocrx_word' id='word_1_333' title='bbox 381 3735 415 3801; x_wconf 85' lang='lat' dir='ltr'><strong>C.</strong></span> <span class='ocrx_word' id='word_1_334' title='bbox 443 3742 495 3802; x_wconf 89' lang='lat' dir='ltr'><strong>ll:</strong></span> <span class='ocrx_word' id='word_1_335' title='bbox 517 3742 611 3800; x_wconf 90' lang='lat' dir='ltr'><strong>molas</strong></span> <span class='ocrx_word' id='word_1_336' title='bbox 634 3741 780 3800; x_wconf 82' lang='lat' dir='ltr'><strong>asinarias</strong></span> <span class='ocrx_word' id='word_1_337' title='bbox 799 3744 884 3805; x_wconf 81' lang='lat' dir='ltr'><strong>anos,</strong></span> <span class='ocrx_word' id='word_1_338' title='bbox 907 3740 1059 3800; x_wconf 86' lang='lat' dir='ltr'><strong>trusatiles</strong></span> <span class='ocrx_word' id='word_1_339' title='bbox 1081 3754 1166 3798; x_wconf 78' lang='lat' dir='ltr'><strong>caua.</strong></span> <span class='ocrx_word' id='word_1_340' title='bbox 1212 3734 1319 3802; x_wconf 64' lang='lat'>013:</span> <span class='ocrx_word' id='word_1_341' title='bbox 1342 3740 1435 3800; x_wconf 83' lang='lat' dir='ltr'><strong>molas</strong></span> 
     </span>
     <span class='ocr_line' id='line_1_36' title="bbox 282 3832 1435 3912; baseline 0.001 -16"><span class='ocrx_word' id='word_1_342' title='bbox 282 3853 369 3912; x_wconf 69' lang='lat' dir='ltr'><strong>uam,</strong></span> <span class='ocrx_word' id='word_1_343' title='bbox 395 3838 524 3898; x_wconf 88' lang='lat' dir='ltr'><strong>cribrum</strong></span> <span class='ocrx_word' id='word_1_344' title='bbox 547 3856 647 3898; x_wconf 90' lang='lat' dir='ltr'><strong>unum.</strong></span> <span class='ocrx_word' id='word_1_345' title='bbox 691 3835 752 3900; x_wconf 82' lang='lat' dir='ltr'><strong>In:</strong></span> <span class='ocrx_word' id='word_1_346' title='bbox 776 3840 872 3897; x_wconf 86' lang='lat' dir='ltr'><strong>scalas</strong></span> <span class='ocrx_word' id='word_1_347' title='bbox 894 3853 979 3896; x_wconf 76' lang='lat' dir='ltr'><strong>araas.</strong></span> <span class='ocrx_word' id='word_1_348' title='bbox 1024 3833 1126 3898; x_wconf 85' lang='lat' dir='ltr'><strong>Plaut.</strong></span> <span class='ocrx_word' id='word_1_349' title='bbox 1150 3832 1234 3898; x_wconf 90' lang='lat' dir='ltr'><strong>Trin.</strong></span> <span class='ocrx_word' id='word_1_350' title='bbox 1257 3832 1282 3912; x_wconf 95' lang='grc' dir='ltr'>Ι,</span> <span class='ocrx_word' id='word_1_351' title='bbox 1307 3839 1336 3909; x_wconf 81' lang='lat'><strong>2,</strong></span> <span class='ocrx_word' id='word_1_352' title='bbox 1364 3839 1435 3900; x_wconf 85' lang='lat'>129:</span> 
     </span>
     <span class='ocr_line' id='line_1_37' title="bbox 279 3930 1435 4013; baseline 0.002 -18"><span class='ocrx_word' id='word_1_353' title='bbox 279 3952 358 3996; x_wconf 88' lang='lat' dir='ltr'><strong>nunc</strong></span> <span class='ocrx_word' id='word_1_354' title='bbox 384 3936 452 3995; x_wconf 92' lang='lat' dir='ltr'><strong>dum</strong></span> <span class='ocrx_word' id='word_1_355' title='bbox 475 3953 538 3996; x_wconf 88' lang='lat' dir='ltr'><strong>snm</strong></span> <span class='ocrx_word' id='word_1_356' title='bbox 562 3953 615 4010; x_wconf 82' lang='lat' dir='ltr'><strong>ego</strong></span> <span class='ocrx_word' id='word_1_357' title='bbox 638 3953 713 3996; x_wconf 84' lang='lat' dir='ltr'><strong>anea</strong></span> <span class='ocrx_word' id='word_1_358' title='bbox 734 3953 785 3996; x_wconf 78' lang='lat' dir='ltr'><strong>aaa</strong></span> <span class='ocrx_word' id='word_1_359' title='bbox 807 3934 877 4002; x_wconf 80' lang='lat' dir='ltr'><strong>dies,</strong></span> <span class='ocrx_word' id='word_1_360' title='bbox 897 3934 937 3997; x_wconf 87' lang='lat' dir='ltr'><strong>ad</strong></span> <span class='ocrx_word' id='word_1_361' title='bbox 961 3950 989 4012; x_wconf 90' lang='lat' dir='ltr'><strong>q.</strong></span> <span class='ocrx_word' id='word_1_362' title='bbox 1013 3931 1033 3995; x_wconf 92' lang='lat' dir='ltr'><strong>l.</strong></span> <span class='ocrx_word' id='word_1_363' title='bbox 1056 3931 1212 3996; x_wconf 84' lang='lat' dir='ltr'><strong>Lindem:</strong></span> <span class='ocrx_word' id='word_1_364' title='bbox 1244 3930 1317 4010; x_wconf 85' lang='lat' dir='ltr'><strong>„sic</strong></span> <span class='ocrx_word' id='word_1_365' title='bbox 1339 3949 1435 4013; x_wconf 86' lang='lat' dir='ltr'><strong>saepe</strong></span> 
     </span>
     <span class='ocr_line' id='line_1_38' title="bbox 277 4029 1435 4112; baseline 0.001 -18"><span class='ocrx_word' id='word_1_366' title='bbox 277 4031 364 4112; x_wconf 89' lang='lat' dir='ltr'><strong>apud</strong></span> <span class='ocrx_word' id='word_1_367' title='bbox 387 4029 544 4096; x_wconf 86' lang='lat' dir='ltr'><strong>Plautum.</strong></span> <span class='ocrx_word' id='word_1_368' title='bbox 590 4031 694 4109; x_wconf 83' lang='lat' dir='ltr'><strong>Quum</strong></span> <span class='ocrx_word' id='word_1_369' title='bbox 718 4030 802 4095; x_wconf 90' lang='lat' dir='ltr'><strong>enim</strong></span> <span class='ocrx_word' id='word_1_370' title='bbox 824 4051 901 4094; x_wconf 76' lang='lat' dir='ltr'><strong>unas</strong></span> <span class='ocrx_word' id='word_1_371' title='bbox 922 4030 1019 4112; x_wconf 87' lang='lat' dir='ltr'><strong>vulgo</strong></span> <span class='ocrx_word' id='word_1_372' title='bbox 1041 4031 1167 4096; x_wconf 88' lang='lat' dir='ltr'><strong>dicatur</strong></span> <span class='ocrx_word' id='word_1_373' title='bbox 1187 4046 1246 4110; x_wconf 90' lang='lat' dir='ltr'><strong>pro</strong></span> <span class='ocrx_word' id='word_1_374' title='bbox 1268 4031 1346 4098; x_wconf 81' lang='lat' dir='ltr'><strong>solo,</strong></span> <span class='ocrx_word' id='word_1_375' title='bbox 1374 4047 1435 4094; x_wconf 88' lang='lat' dir='ltr'><strong>non</strong></span> 
     </span>
     <span class='ocr_line' id='line_1_39' title="bbox 280 4126 1434 4210; baseline -0.003 -16"><span class='ocrx_word' id='word_1_376' title='bbox 280 4129 395 4194; x_wconf 90' lang='lat' dir='ltr'><strong>mirum</strong></span> <span class='ocrx_word' id='word_1_377' title='bbox 418 4135 478 4201; x_wconf 82' lang='lat' dir='ltr'><strong>est,</strong></span> <span class='ocrx_word' id='word_1_378' title='bbox 500 4130 595 4194; x_wconf 88' lang='lat' dir='ltr'><strong>etiam</strong></span> <span class='ocrx_word' id='word_1_379' title='bbox 619 4129 776 4210; x_wconf 86' lang='lat' dir='ltr'><strong>pluralem</strong></span> <span class='ocrx_word' id='word_1_380' title='bbox 796 4129 856 4196; x_wconf 92' lang='lat' dir='ltr'><strong>hac</strong></span> <span class='ocrx_word' id='word_1_381' title='bbox 878 4131 1001 4195; x_wconf 91' lang='lat' dir='ltr'><strong>ratione</strong></span> <span class='ocrx_word' id='word_1_382' title='bbox 1023 4127 1128 4209; x_wconf 85' lang='lat' dir='ltr'><strong>poni.“</strong></span> <span class='ocrx_word' id='word_1_383' title='bbox 1152 4126 1307 4192; x_wconf 85' lang='lat' dir='ltr'><strong>Similiter</strong></span> <span class='ocrx_word' id='word_1_384' title='bbox 1321 4127 1434 4193; x_wconf 89' lang='lat' dir='ltr'><strong>Pseud.</strong></span> 
     </span>
     <span class='ocr_line' id='line_1_40' title="bbox 279 4225 1432 4307; baseline -0.004 -16"><span class='ocrx_word' id='word_1_385' title='bbox 279 4225 305 4306; x_wconf 89' lang='grc' dir='ltr'>Ι,</span> <span class='ocrx_word' id='word_1_386' title='bbox 323 4233 420 4307; x_wconf 82' lang='lat'>1‚52:</span> <span class='ocrx_word' id='word_1_387' title='bbox 443 4248 521 4291; x_wconf 91' lang='lat' dir='ltr'><strong>nunc</strong></span> <span class='ocrx_word' id='word_1_388' title='bbox 543 4246 622 4289; x_wconf 83' lang='lat' dir='ltr'><strong>anae</strong></span> <span class='ocrx_word' id='word_1_389' title='bbox 643 4233 771 4304; x_wconf 80' lang='lat' dir='ltr'><strong>quinque</strong></span> <span class='ocrx_word' id='word_1_390' title='bbox 793 4238 980 4291; x_wconf 88' lang='lat' dir='ltr'><strong>remorantur</strong></span> <span class='ocrx_word' id='word_1_391' title='bbox 1001 4230 1106 4290; x_wconf 78' lang='lat' dir='ltr'><strong>minae.</strong></span> <span class='ocrx_word' id='word_1_392' title='bbox 1130 4225 1244 4290; x_wconf 84' lang='lat' dir='ltr'><strong>Bacch.</strong></span> <span class='ocrx_word' id='word_1_393' title='bbox 1260 4225 1316 4306; x_wconf 86' lang='lat' dir='ltr'><strong>lv,</strong></span> <span class='ocrx_word' id='word_1_394' title='bbox 1334 4232 1363 4306; x_wconf 82' lang='lat'><strong>7,</strong></span> <span class='ocrx_word' id='word_1_395' title='bbox 1379 4231 1432 4291; x_wconf 83' lang='lat'><strong>34:</strong></span> 
     </span>
     <span class='ocr_line' id='line_1_41' title="bbox 279 4324 1433 4404; baseline 0.001 -18"><span class='ocrx_word' id='word_1_396' title='bbox 279 4326 413 4402; x_wconf 88' lang='lat' dir='ltr'><strong>Sequere</strong></span> <span class='ocrx_word' id='word_1_397' title='bbox 436 4330 491 4389; x_wconf 89' lang='lat' dir='ltr'><strong>hac</strong></span> <span class='ocrx_word' id='word_1_398' title='bbox 514 4346 561 4388; x_wconf 91' lang='lat' dir='ltr'><strong>me</strong></span> <span class='ocrx_word' id='word_1_399' title='bbox 584 4360 625 4372; x_wconf 90' lang='lat'><em>-</em></span> <span class='ocrx_word' id='word_1_400' title='bbox 649 4331 719 4390; x_wconf 79' lang='lat' dir='ltr'><strong>Tris</strong></span> <span class='ocrx_word' id='word_1_401' title='bbox 738 4346 813 4389; x_wconf 80' lang='lat' dir='ltr'><strong>unos</strong></span> <span class='ocrx_word' id='word_1_402' title='bbox 830 4344 946 4402; x_wconf 84' lang='lat' dir='ltr'><strong>passua</strong></span> <span class='ocrx_word' id='word_1_403' title='bbox 992 4325 1119 4389; x_wconf 87' lang='lat' dir='ltr'><strong>Terent.</strong></span> <span class='ocrx_word' id='word_1_404' title='bbox 1136 4325 1232 4388; x_wconf 82' lang='lat' dir='ltr'><strong>Andr.</strong></span> <span class='ocrx_word' id='word_1_405' title='bbox 1249 4324 1305 4404; x_wconf 78' lang='lat' dir='ltr'><strong>IV,</strong></span> <span class='ocrx_word' id='word_1_406' title='bbox 1331 4331 1359 4404; x_wconf 92' lang='grc'><strong>1,</strong></span> <span class='ocrx_word' id='word_1_407' title='bbox 1381 4328 1433 4389; x_wconf 82' lang='grc' dir='ltr'><strong>5οε</strong></span> 
     </span>
    </p>
   </div>
   <div class='ocr_carea' id='block_1_5' title="bbox 0 0 1568 5075">
    <p class='ocr_par' dir='ltr' id='par_1_6' title="bbox 0 0 1568 5075">
     <span class='ocr_line' id='line_1_42' title="bbox 0 0 1568 5075; baseline 0 4"><span class='ocrx_word' id='word_1_408' title='bbox 0 0 1568 5075; x_wconf 95' lang='lat' dir='ltr'><strong> </strong></span> 
     </span>
    </p>
   </div>
  </div>
 </body>
</html>
