3125 5075
297 344 358 404 292
564 379 568 385 ,
585 334 646 375 OAP.
662 335 706 375 KV.
733 333 881 374 DOOTRIM
910 328 1164 374 ambianorum.

297 521 439 587 Plocium
463 523 500 588 fr.
526 530 580 589 13:
603 526 679 599 Quid
703 527 759 585 boc
782 526 913 585 futurum
936 525 1103 601 obsoniost,
1128 526 1182 584 abi
1203 531 1324 585 tantum
1350 526 1454 600 sumpti

292 620 432 682 lactum?
454 621 579 687 Terent.
603 620 684 685 Eun.
707 619 749 700 11,
774 627 803 699 3,
828 626 883 685 ul:
907 624 995 699 digna
1010 641 1058 684 rea
1081 631 1144 696 est,
1167 624 1220 682 sabi
1238 630 1272 682 tu
1288 639 1400 683 aanor
1414 625 1452 681 in-

298 721 403 781 tendas
427 729 493 781 tuos
517 721 571 795 (z
593 718 625 782 in
653 722 737 799 qua).
783 719 901 783 Heaut.
932 718 987 795 IV,
1016 721 1052 788 6,
1082 724 1118 782 8:
1149 723 1245 782 Huius
1274 721 1358 781 modi
1387 722 1452 779 mibi

297 836 347 879 res
382 835 500 892 semper
534 820 774 891 comminiscere,
811 819 870 880 Ubi
909 818 965 894 (=
998 815 1134 895 quibua)
1160 835 1208 879 me
1239 818 1449 880 excarnuficca

299 916 322 991 a)
347 913 410 978 Ubi
432 912 613 993 duplicatur
635 916 686 974 abt
708 919 765 978 aut
787 913 960 993 apponitur
975 933 1132 995 quomam,
1148 911 1348 994 significatio
1364 930 1449 995 gane-

297 1010 397 1075 rah0r
412 1009 447 1074 iit
463 1010 551 1076 etad
567 1029 676 1075 omnes
691 1028 744 1074 res
767 1009 970 1076 transfertur.
1016 1011 1119 1076 Plaut
1141 1011 1259 1077 Bacch.
1275 1010 1328 1090 11,
1353 1017 1381 1090 3,
1404 1015 1448 1075 lt:

299 1112 389 1171 latius
412 1112 538 1171 hominia
561 1112 613 1171 ubi
635 1111 669 1170 fit
696 1128 837 1184 quaeque
859 1113 977 1171 mentio.
1024 1108 1116 1188 Epio.
1145 1107 1212 1188 Ill,
1242 1117 1277 1187 4,
1308 1113 1368 1175 56:
1394 1112 1447 1185 up

278 1209 380 1268 'illam
404 1211 552 1283 requiram
576 1211 651 1278 iam,
678 1210 731 1267 abi
752 1209 841 1269 ubist.
886 1205 1033 1285 Aquilius
1055 1206 1210 1271 Boeotiae
1240 1205 1280 1273 ir.
1316 1213 1343 1283 l,
1373 1225 1400 1269 r.
1419 1210 1445 1269 6:

301 1306 360 1366 Ubi
381 1307 433 1365 ubi
455 1308 593 1367 monebat
617 1323 683 1366 esse
708 1313 763 1377 (=
778 1301 898 1383 edere),
922 1307 980 1365 nisi
995 1324 1082 1381 quom
1100 1308 1141 1366 nil
1162 1313 1238 1368 arat
1261 1335 1308 1349 —
1332 1307 1444 1387 ospes

300 1400 404 1465 Plane
439 1402 505 1465 Mil.
541 1401 590 1480 ll,
625 1406 659 1479 b,
696 1406 746 1463 19:
771 1420 807 1461 ne
839 1400 919 1478 [nos]
947 1411 1064 1463 nosmet
1085 1404 1309 1478 perdiderimus
1333 1404 1443 1478 copiola

301 1498 342 1562 ad
365 1516 393 1577 q.
417 1498 436 1562 l.
460 1498 654 1564 Gronovius:
686 1497 743 1575 „H.
767 1497 788 1560 l.
817 1497 1001 1564 adverbium
1030 1498 1091 1562 loci
1120 1516 1176 1579 pro
1207 1499 1282 1564 adv.
1313 1499 1441 1564 mediet

299 1594 434 1659 rationis
458 1595 597 1676 positum
621 1613 691 1659 esse
714 1594 858 1675 videtur,
881 1625 924 1645 =
946 1594 1052 1675 aliquo
1068 1594 1192 1660 modo.“
1218 1600 1355 1672 Usquam
1372 1596 1440 1660 Trin.

299 1690 342 1773 II,
366 1699 394 1773 2,
420 1698 475 1757 32:
502 1697 547 1756 Ne
570 1703 760 1770 penetrarem
792 1712 837 1755 me
864 1712 1005 1768 mquam,
1036 1693 1076 1758 ud
1102 1710 1131 1773 q.
1156 1694 1176 1757 l.
1205 1694 1287 1758 citat
1315 1694 1440 1759 Lindeu.

300 1793 406 1856 uduot.
429 1791 470 1855 ad
494 1790 557 1853 Mil.
584 1791 649 1868 ΙΙΙ,
676 1798 707 1868 Ι,
732 1796 773 1857 90
797 1795 885 1863 (Nem
907 1793 986 1851 bonu
1009 1811 1098 1866 uxor,
1130 1795 1156 1853 si
1185 1810 1224 1854 ee
1254 1795 1326 1854 duci
1354 1790 1440 1869 [potis]

301 1900 348 1952 est
369 1893 661 1966 redamantium,
693 1893 750 1953 Ubi
772 1908 837 1951 eam
861 1893 989 1965 possiem
1013 1888 1202 1964 invenire?):
1228 1893 1382 1965 ..Usquam
1394 1906 1440 1953 uon

300 1990 351 2052 est
372 1987 521 2064 alterode,
551 1991 587 2049 ut
609 1987 799 2065 quibusdam
823 1987 925 2051 visum
949 1996 1012 2063 est,
1044 1986 1101 2050 sed
1122 1989 1239 2063 aequo,
1267 1987 1442 2069 uliquemh

301 2083 414 2149 locum.
460 2083 511 2149 Sic
533 2082 598 2149 Cic.
621 2082 701 2147 Phil.
726 2083 756 2162 I,
783 2085 831 2147 l.“
859 2084 909 2150 De
934 2102 1079 2158 umquam
1105 2100 1134 2147 v.
1166 2083 1347 2165 Raudium,
1376 2081 1441 2165 quud

301 2182 413 2247 itidem
436 2198 659 2261 nonnunquam
683 2181 723 2245 de
745 2187 836 2246 motu
858 2181 899 2245 ad
920 2181 1026 2247 locum
1047 2186 1239 2262 usurpatur,
1264 2188 1303 2247 ut
1327 2183 1410 2264 Capt
1423 2180 1441 2251 Ι,

303 2284 334 2361 2,
356 2284 413 2345 70:
437 2284 490 2342 Set
511 2298 639 2357 numqua
663 2280 743 2342 iuras
759 2282 890 2342 Vocatus
907 2279 966 2356 [es]
986 2282 1024 2340 ad
1040 2281 1166 2341 cenam?
1201 2279 1268 2344 ER.
1293 2284 1442 2357 usam.

302 2381 380 2455 quod
403 2383 507 2453 sciam,
533 2378 586 2443 ubi
609 2397 636 2441 v.
659 2376 803 2441 Lindem.
827 2411 869 2421 -
892 2381 1002 2441 Utnehi
1023 2377 1123 2442 Naev.
1152 2377 1334 2443 Tarentilla
1358 2378 1393 2442 ir.
1414 2385 1441 2441 4:

307 2480 408 2538 utrubi
431 2481 567 2540 cenaturi
590 2480 676 2551 eatis,
701 2479 798 2538 hicine
822 2495 859 2538 an
882 2477 1036 2536 triclinio?

391 2580 439 2639 26.
464 2594 489 2640 o.
533 2578 611 2637 Ado.
636 2578 706 2649 loci,
737 2595 809 2650 quoe
832 2576 1009 2648 respondent
1035 2577 1075 2634 ud
1103 2579 1208 2637 tolera.
1241 2590 1349 2660 quw.
1390 2577 1445 2636 Alio

302 2673 406 2737 Plant.
431 2673 518 2738 Asin.
542 2672 567 2739 Ι,
593 2679 621 2752 3,
644 2678 700 2738 43:
725 2675 778 2733 illa
800 2675 860 2733 alio
882 2675 937 2733 ibit
960 2683 1074 2748 tamen,
1097 2671 1128 2734 h.
1153 2690 1179 2736 e.
1203 2672 1246 2736 ad
1261 2672 1362 2737 ulium
1379 2688 1447 2737 emo·

304 2775 415 2835 torem.
459 2772 615 2831 Aliorsum
631 2766 790 2850 siguificat
813 2777 843 2842 α)
867 2770 898 2834 in
922 2769 1019 2833 aliurn
1042 2770 1144 2833 locum
1161 2769 1256 2834 True
1282 2770 1328 2849 Il,
1351 2778 1379 2851 4,
1399 2775 1446 2835 to:

303 2872 427 2931 ancillas
450 2872 595 2929 iubet-
619 2872 715 2930 Aliam
739 2871 884 2930 aliorsum
898 2872 951 2929 ire.
987 2868 1018 2948 (i)
1042 2867 1448 2948 inaliampartem,c1itar‚

304 2984 368 3046 qua
390 2963 620 3046 significatione
644 2985 663 3029 a
685 2966 803 3031 Plauto
825 2965 897 3029 Aul.
920 2963 962 3044 ΙΙ,
986 2973 1017 3045 4,
1033 2969 1052 3030 8
1070 2967 1165 3029 etiam
1187 2969 1374 3029 cumaeam
1388 2965 1449 3030 dici·

304 3069 369 3128 tur:
394 3067 491 3141 Atque
515 3084 570 3141 ego
592 3069 686 3140 istuc,
714 3069 867 3134 Anthrax,
895 3067 1076 3125 aliovorsum
1105 3067 1238 3126 dixeram
1267 3062 1335 3147 (Ap
1365 3076 1448 3142 atque,

306 3160 408 3228 Goell.
432 3162 540 3240 atqui).
584 3162 711 3226 Terent.
736 3162 818 3226 Eun.
835 3162 861 3240 1,
886 3166 914 3240 2,
941 3166 955 3225 1
981 3179 1042 3240 sq:
1067 3181 1172 3224 vereor
1187 3183 1226 3224 ne
1250 3166 1328 3226 illud
1347 3165 1447 3240 gravius

305 3262 455 3322 Phaedria
489 3264 605 3322 Tolerit
638 3279 712 3322 neve
745 3263 891 3322 alioreum
928 3269 1016 3337 atque
1045 3278 1100 3336 ego
1138 3259 1195 3320 ieci
1228 3265 1391 3339 acceperit.
1415 3290 1448 3302 -

303 3359 416 3431 Aliaeu
438 3357 542 3422 Plaut.
566 3358 664 3422 Mero.
685 3357 744 3436 ΙΙΙ,
769 3362 799 3435 4,
823 3362 873 3422 ll.
919 3356 991 3421 Ter.
1008 3355 1123 3421 Heaut.
1139 3356 1198 3436 111,
1217 3362 1246 3436 3,
1266 3364 1325 3422 ll:
1349 3361 1447 3421 uthina

304 3458 453 3518 concedar
476 3459 576 3530 aliaue
598 3459 636 3517 ab
659 3475 711 3517 ore
728 3475 830 3517 eorum
850 3459 1075 3532 aliquantisper.
1092 3487 1133 3499 -·
1147 3446 1301 3518 Deorauur
1316 3476 1345 3521 v.
1360 3452 1446 3520 Haud

302 3551 383 3616 Cato
406 3550 443 3614 R.
466 3553 502 3617 R.
527 3571 553 3618 o·
581 3556 651 3628 156,
675 3558 710 3616 4:
734 3555 844 3615 Postea
866 3556 917 3614 ubi
938 3554 1077 3615 demeum
1098 3570 1201 3614 verare
1218 3555 1345 3616 ibit-
1368 3557 1448 3616 Foras

304 3648 402 3713 Naev.
431 3649 503 3714 bell.
531 3649 611 3715 Puu.
638 3650 659 3714 l.
687 3648 712 3729 Ι,
737 3648 776 3714 fr.
801 3654 820 3713 6
848 3648 981 3714 Vahlen.
1009 3651 1094 3723 sorus
1122 3682 1164 3693 —-
1194 3654 1333 3715 exibant.
1370 3647 1448 3716 Ennii

304 3744 407 3811 annal.
430 3745 449 3810 Ι.
473 3746 499 3824 Ι,
521 3745 559 3812 fr.
585 3752 637 3825 57,
660 3764 688 3810 v.
712 3751 763 3813 93.
808 3747 958 3813 Hectoris
988 3747 1092 3811 lustra
1120 3745 1159 3810 ir.
1184 3751 1213 3812 3.
1239 3747 1348 3814 Plaut
1370 3747 1446 3812 bloet

303 3841 334 3920 Ι,
368 3850 400 3923 l,
434 3849 466 3908 l:
495 3848 552 3907 Exi
584 3849 724 3908 acclina
747 3849 787 3908 sis
812 3847 906 3921 forus,
930 3844 1076 3921 mastigia.
1121 3852 1159 3924 4,
1183 3849 1218 3909 3:
1246 3850 1325 3909 Nam
1348 3847 1447 3911 illinbi

303 3941 363 4019 lui,
388 3945 455 4004 inde
480 3945 568 4020 effugi
591 3945 684 4017 forae
729 3942 794 4020 ΙΙΙ,
820 3948 852 4020 l,
872 3946 927 4007 68.
951 3961 978 4005 ν.
1007 3945 1077 4007 156.
1101 3947 1136 4021 2,
1161 3947 1196 4007 9:
1229 3946 1401 4008 Clanculum
1420 3960 1448 4002 ex

303 4042 427 4101 aedibus
457 4058 504 4100 me
535 4042 604 4102 dedi
634 4043 726 4115 forae.
772 4041 866 4105 Most
895 4058 923 4101 v.
946 4044 1020 4105 878.
1044 4045 1115 4104 879.
1140 4045 1213 4106 ool.
1255 4041 1314 4121 IV,
1343 4047 1375 4121 3,
1406 4043 1447 4104 u:

303 4140 432 4198 Promisi
452 4139 544 4211 soros.
589 4137 671 4203 Men.
696 4159 724 4205 v.
752 4143 828 4212 109:
851 4140 1044 4216 progreditur
1066 4138 1160 4220 forae.
1205 4138 1236 4218 I,
1266 4143 1302 4218 2,
1328 4146 1361 4204 b:
1387 4143 1447 4200 Nan

305 4236 442 4309 quotiens
464 4236 549 4308 forae
572 4254 626 4312 ego
654 4241 698 4298 ire
728 4241 806 4300 volo.
851 4235 934 4301 Meu.
965 4256 995 4301 v.
1023 4240 1094 4301 218.
1123 4241 1195 4302 463.
1228 4242 1303 4302 4⁷0.
1348 4237 1406 4311 Ill,
1426 4239 1448 4306 ‘h

304 4335 355 4393 46.
379 4331 435 4409 IV,
459 4338 487 4410 2,
512 4337 569 4396 95:
593 4336 740 4410 Equidem
766 4346 885 4398 ecastor
908 4344 989 4398 tuam
1012 4354 1067 4397 nec
1091 4337 1281 4412 chlamydem
1312 4340 1350 4400 do
1370 4337 1447 4408 [aaa
