3125 5075
395 342 435 380 DE
450 341 641 381 campomartis,
656 361 680 368 -
696 340 880 380 CONSEGU'HO
895 340 1064 382 Taurunum.
1272 354 1312 413 97

156 526 336 608 (Praesens
359 534 464 593 autem
482 528 512 593 h.
529 528 548 593 l.
573 529 711 610 positum
734 536 793 606 est,
817 529 963 610 quoniam
985 528 1069 595 actio
1091 529 1257 595 etiamtum
1272 531 1313 596 ad

155 623 304 688 futurum
333 629 459 707 tempus
482 633 620 707 sportae
650 626 756 690 minus
785 624 954 706 probabile
975 631 1025 690 ast
1047 643 1119 692 esse
1139 645 1198 708 pro
1220 644 1314 708 prac-

157 724 245 787 senti
267 719 442 799 historico).
497 724 614 789 Itidem
629 723 744 788 Pseud.
759 722 816 802 IV,
839 728 869 794 7,
891 727 948 788 49:
983 726 1045 786 Iam
1068 725 1186 800 dudum,
1208 729 1236 787 ai
1255 729 1313 796 des,

156 824 282 898 porrexi
304 840 431 882 manum.
454 854 491 866 -
509 821 613 887 Verae
634 827 742 886 autem
764 819 1003 885 enunciationes
1018 819 1244 888 conditionales
1258 839 1315 904 ap-

157 922 275 997 parent
295 918 328 981 in
350 916 400 981 his
423 919 585 999 exemplis.
630 918 702 983 Aul.
725 916 785 996 IlI,
808 924 837 994 5,
859 921 915 982 49:
946 918 1121 993 omeliam
1143 939 1197 996 ego
1220 924 1314 994 illum,

156 1018 194 1074 mi
222 1020 350 1075 metuam
376 1033 414 1075 nc
440 1018 558 1079 doram
577 1020 746 1078 Memorare
776 1034 875 1078 morea
898 1019 1065 1078 mulierum.
1117 1015 1189 1080 Ter.
1212 1018 1313 1083 Andr.

158 1110 200 1189 V,
223 1116 255 1189 4,
280 1116 335 1175 15;
360 1114 542 1175 aimonium
563 1124 694 1189 patrem,
722 1116 815 1174 liabeo
837 1133 892 1190 pro
914 1115 968 1173 illa
989 1131 1023 1174 re
1045 1116 1129 1176 illum
1152 1116 1230 1190 quod
1252 1133 1315 1177 mo-

157 1228 247 1270 neam
277 1212 378 1285 probe.
424 1208 527 1274 Plaut.
548 1210 645 1275 Poen.
671 1210 725 1288 IV,
748 1215 778 1289 2,
804 1216 860 1274 55:
889 1214 1027 1272 Animum
1054 1213 1191 1274 inducam
1213 1212 1314 1287 facile,

159 1316 194 1368 ut
215 1308 335 1367 credam
356 1310 433 1367 istuc
457 1309 521 1383 tibi,
551 1311 584 1367 ni
606 1317 636 1369 te
658 1310 800 1371 novam
843 1307 883 1387 V,
905 1313 934 1385 4,
958 1310 996 1371 81
1022 1324 1084 1388 alp:
1117 1312 1262 1388 Primum,
1289 1311 1316 1371 ai

158 1406 191 1465 id
218 1406 286 1464 lieri
309 1409 422 1477 poaaet,
455 1405 501 1464 Ne
530 1408 652 1480 indigna
681 1407 810 1483 indignis
839 1407 869 1466 di
898 1406 1019 1484 dormi,
1053 1407 1084 1467 id
1112 1423 1167 1482 ego
1195 1410 1315 1469 evenire

151 1502 272 1562 uellem.
316 1498 444 1564 Terent.
468 1500 546 1564 Hac.
569 1500 624 1579 IV,
650 1507 677 1580 l,
702 1507 741 1567 32
765 1519 826 1583 sq.:
850 1504 953 1564 Adeon
976 1520 1023 1564 me
1047 1521 1108 1565 eece
1127 1507 1315 1579 pervicacem

160 1616 276 1676 canses,
311 1601 380 1674 quoi
411 1607 507 1659 mater
534 1601 620 1668 men,
657 1602 696 1663 Ut
725 1619 761 1662 eo
787 1618 878 1661 macra
906 1602 1019 1675 animo,
1052 1603 1080 1662 ai
1108 1619 1144 1662 ex
1167 1619 1221 1662 usu
1244 1608 1317 1663 earet

159 1705 265 1757 nostro
292 1697 349 1755 hoc
376 1697 616 1757 matrimonium?
658 1696 757 1760 Andr.
781 1697 806 1767 Ι,
830 1699 859 1775 2,
881 1702 916 1760 4:
950 1699 1106 1776 Mirabar,
1136 1700 1194 1759 hoc
1222 1700 1316 1761 sisic

159 1795 276 1854 adiret:
299 1799 331 1851 et
353 1796 397 1852 eri
420 1811 539 1869 semper
560 1797 669 1855 lenitas
687 1796 817 1857 Verebar
838 1814 977 1873 quorsum
999 1795 1141 1857 euaderet.
1186 1793 1316 1859 Catonis

158 1887 274 1969 fragm.
297 1905 342 1952 or.
365 1890 426 1953 inc.
449 1906 499 1969 ap.
523 1888 652 1966 Quintil.
676 1890 732 1970 IX,
756 1896 784 1970 2,
809 1896 867 1955 21:
898 1894 988 1968 Cedo,
1011 1894 1039 1954 ai
1060 1911 1113 1954 vos
1136 1896 1166 1954 in
1189 1910 1225 1955 oo
1248 1897 1315 1955 loco

160 1988 270 2055 martia
294 1988 364 2062 quid
387 1991 468 2048 alind
490 1989 652 2062 sedcoctis?
690 1987 844 2052 Anomala
865 1993 950 2068 sunt,
973 1988 1000 2053 si
1021 1988 1107 2053 inter
1128 2007 1164 2054 se
1186 2006 1316 2056 concor-

154 2083 240 2148 dant
272 2099 424 2163 praesens
457 2087 491 2147 et
522 2084 744 2164 imperfectum
777 2083 829 2148 vel
860 2084 1218 2166 plusquamperfectum.
1264 2086 1317 2153 Sic

159 2180 267 2244 Plani.
290 2179 403 2260 fragm.
428 2179 504 2245 Cist
528 2185 608 2263 Aug.
631 2181 706 2246 Mai.
730 2201 761 2263 p.
787 2187 824 2247 19
849 2184 892 2262 (p.
914 2185 977 2246 486
999 2180 1167 2255 Tauchn.):
1191 2188 1316 2247 Mulier-

161 2282 231 2338 cula
253 2296 319 2338 mea
342 2281 480 2340 ornatulu
501 2283 528 2340 ai
548 2283 590 2341 ait
610 2289 643 2342 ut
665 2282 782 2358 quidem
799 2282 901 2341 hercle
918 2283 1003 2356 scita,
1027 2283 1210 2358 Quamquam
1231 2292 1315 2344 setus

163 2376 336 2436 cantherius
359 2396 433 2450 sum,
456 2379 527 2437 milri
550 2396 641 2453 nunc,
665 2388 696 2439 ut
721 2398 774 2453 ego
797 2381 912 2456 opinor,
935 2376 1126 2440 Adicimmiret.
1170 2377 1236 2440 Mil.
1261 2378 1315 2454 lv,

162 2476 194 2549 8,
218 2476 273 2536 47:
295 2476 337 2532 Et
357 2476 384 2534 ai
406 2477 449 2534 ita
472 2478 621 2536 sententia
643 2481 723 2551 esset,
747 2479 801 2538 tibi
824 2478 936 2538 seruire
958 2476 1096 2536 mavelim
1111 2477 1208 2535 Multo
1229 2492 1314 2551 quam

162 2572 216 2631 alii
239 2573 364 2632 libertus
388 2589 464 2645 esse,
487 2571 527 2634 ad
551 2589 580 2652 q.
596 2572 617 2634 l.
641 2572 796 2635 Limlorn.:
822 2571 977 2649 ,liothius
999 2569 1220 2635 soloecismum
1239 2571 1317 2635 odo-

161 2673 254 2730 ratus
275 2670 417 2728 amiciatur
442 2671 496 2728 siet
518 2667 614 2732 scribi
634 2670 742 2745 insat,
769 2681 900 2748 propior
922 2686 950 2732 v.
975 2670 1126 2738 mavelim,
1157 2684 1239 2746 quae
1267 2684 1317 2731 se-

162 2763 283 2841 quitur.
328 2764 390 2827 Sed
413 2771 500 2827 errat
521 2764 582 2828 ille.
628 2765 710 2830 Nem
739 2768 765 2830 si
789 2768 834 2829 ita
857 2766 988 2829 dixisset
1009 2770 1122 2845 poeta:
1151 2764 1236 2829 malo
1259 2763 1317 2828 tibi

163 2861 285 2925 servire
317 2879 411 2941 quam
438 2862 573 2926 aliorum
602 2861 736 2927 libertus
766 2882 852 2940 esse,
883 2862 976 2926 modo
1006 2867 1063 2926 tua
1091 2861 1251 2926 sententia
1272 2860 1318 2924 ita

163 2956 266 3022 lerret
289 2963 325 3022 nt
348 2963 453 3022 tecum
477 2977 647 3037 manerem,
672 2960 757 3027 haud
779 2959 875 3025 dubie
890 2976 953 3023 non
969 2957 1155 3024 offendisset
1170 2957 1316 3022 Bothius.

163 3053 269 3135 Saepe
292 3054 399 3120 Latini
421 3056 595 3136 scriptores
616 3060 716 3126 velim,
738 3061 843 3136 nolim,
866 3059 970 3117 malim
992 3055 1209 3120 coniunctivos
1231 3054 1319 3118 nulla

166 3151 358 3217 conditionis
380 3151 610 3232 significatione
632 3162 768 3235 ponunt,
799 3154 854 3218 sed
882 3170 954 3217 cum
976 3151 1151 3216 modestiae
1174 3149 1319 3227 alicuine,

166 3267 233 3329 qua
260 3249 335 3329 quid
358 3254 485 3331 optent,
511 3252 689 3331 notatione,
718 3268 777 3331 pro
807 3248 985 3315 indicativis
1007 3252 1081 3326 vom,
1108 3251 1185 3327 nolo,
1207 3243 1318 3310 malo.“

164 3346 275 3411 Habes
298 3347 398 3426 igitur
417 3346 448 3411 n.
471 3344 492 3411 l.
516 3349 710 3413 coniunctivi
733 3347 912 3429 praesentis
928 3343 1190 3426 significationem
1208 3349 1319 3423 poten-

164 3443 285 3522 tialem,
308 3460 390 3522 quae
411 3443 522 3509 itidem
538 3449 627 3510 extat
641 3444 739 3511 Stich.
756 3445 812 3525 IV,
833 3451 857 3521 1,
874 3446 908 3507 6:
934 3446 1037 3506 Vocem
1051 3461 1105 3520 ego
1120 3451 1150 3503 te
1166 3444 1203 3501 ad
1220 3459 1265 3501 me
1282 3442 1320 3501 ad

165 3562 286 3618 cenam,
317 3542 413 3603 irater
442 3552 510 3603 tuus
537 3544 572 3603 mi
593 3545 716 3606 dixisset
739 3546 812 3605 mihi
834 3545 876 3603 Te
898 3549 971 3619 aput
992 3548 1023 3602 te
1046 3547 1219 3602 cenaturum
1242 3556 1319 3611 esse,

165 3638 253 3718 quod
273 3656 335 3703 non
358 3644 409 3702 est
430 3635 469 3716 ld>
492 3637 622 3711 mitte,
647 3641 703 3706 sed
725 3637 765 3720 id>
789 3636 922 3717 michir
945 3632 1091 3702 ciuluteu.

252 3735 302 3800 De
331 3736 556 3802 consecutione
578 3744 756 3818 temporum
784 3735 1040 3802 enuntiationum
1062 3729 1322 3797 conditionalium

166 3833 200 3897 in
227 3833 371 3898 oratione
400 3831 531 3912 obliqua
557 3841 690 3914 praeter
719 3834 924 3915 Kruegerum
947 3828 1200 3911 tlutcrludpuupcu
1223 3827 1267 3907 ll,
1288 3844 1320 3908 p.

166 3934 314 3995 84-151
341 3928 423 3993 bene
446 3930 625 4010 disputavit
647 3930 827 3997 Ellendtius
853 3931 886 3994 in
909 3926 1173 3994 commentatione
1195 3924 1235 3989 de
1257 3923 1322 3988 lor·

167 4029 229 4092 mis
263 4026 504 4091 enunciatorum
538 4028 797 4094 conditionalium
827 4027 955 4107 linguae
986 4024 1151 4103 latinaep
1185 4024 1320 4086 53-67.

165 4123 324 4205 Exempla
346 4132 421 4188 snnt
443 4124 515 4190 Cas.
538 4125 617 4204 prol.
640 4143 668 4188 v.
693 4131 751 4190 53:
772 4130 881 4199 operat
903 4127 928 4185 si
951 4125 979 4183 ei
1000 4125 1040 4184 ait
1060 4123 1143 4200 dnm,
1166 4122 1244 4181 Fore
1265 4121 1321 4181 sibi

167 4230 291 4299 paratas
321 4226 398 4283 clam
428 4241 551 4285 uxorem
578 4226 719 4285 excubias
748 4222 831 4283 loris.
875 4219 974 4283 Merc.
1002 4237 1032 4283 v.
1059 4221 1140 4283 423:
1173 4219 1262 4278 Dixit
1289 4234 1321 4278 se

168 4321 332 4395 redimere,
354 4322 382 4380 oi
404 4339 461 4380 non
479 4323 608 4394 placeat.
653 4318 766 4398 Amph.
790 4316 869 4397 prol.
892 4334 920 4381 v.
945 4320 1087 4381 69-74:

223 4419 305 4467 nore«,
318 4420 429 4470 systum.
458 4420 486 4459 11.
1094 4423 1113 4482 7
