3125 5075
488 359 577 397 CASL'S
593 359 859 401 st'sss'l'asl'lvollt'tl.
874 383 898 389 -
914 361 1046 398 DrTll'l's.
1297 366 1357 422 303

183 527 307 600 (Gall.:
342 528 463 608 „Quod
486 530 573 610 apud
595 538 798 611 sequestrum
821 533 1002 613 depositum
1025 537 1109 610 erat,
1139 537 1287 607 aequem
1306 548 1359 605 po·

183 628 277 690 dun
304 644 368 708 per
397 627 589 694 adverbium
616 629 807 706 dicebaut“).
852 630 896 695 M.
928 628 1008 696 Cato
1043 629 1118 694 libri
1147 627 1188 693 ad
1215 627 1359 692 Marcum

185 719 290 790 ffinrn
312 723 459 802 (toruae
482 742 514 805 p.
539 727 594 802 77)
616 742 668 807 ap.
690 725 772 791 Plin.
796 728 869 793 hist.
893 733 957 792 nat.
982 733 1033 807 29,
1057 733 1087 807 7,
1113 732 1152 790 14
1175 743 1237 805 sq.:
1262 729 1359 786 Inter·

190 821 250 886 &i
271 825 333 886 tibi
354 823 394 884 de
416 827 552 886 medicis.
599 821 679 888 Ceto
702 842 752 904 ap.
776 823 897 889 Charis.
922 825 965 905 ΙΙ,
988 844 1018 906 p.
1048 829 1125 890 178:
1151 827 1288 886 donicum
1307 826 1359 884 ille

191 921 245 984 -tltt
266 921 432 982 interdixit
453 939 517 982 rem
539 925 708 998 capitalem.
754 920 1134 1001 haeresees:
1167 931 1295 983 mustum
1318 954 1356 962 -

198 1037 245 1082 un
265 1020 379 1095 cuique
403 1019 485 1080 dolio
507 1021 630 1082 dividite
653 1022 814 1096 additoque
837 1024 962 1097 pariter.
998 1017 1031 1083 C.
1057 1025 1090 1083 5:
1114 1022 1258 1081 Familiae
1282 1022 1359 1079 mele

202 1118 301 1178 nsit
349 1111 432 1180 Caio
452 1113 490 1177 R
513 1113 550 1180 R.
574 1131 600 1180 c.
626 1122 700 1181 142:
736 1120 848 1179 Eadem
880 1122 925 1179 uti
953 1129 1039 1180 curet
1065 1119 1215 1194 iaciatque
1244 1135 1358 1189 moneo,

205 1213 373 1290 bniuoque
396 1214 474 1274 dicto
497 1215 620 1275 audieus
647 1218 686 1276 ait
713 1214 1006 1288 (Weissenbornius
1033 1220 1115 1295 synt.
1144 1214 1199 1279 lat.
1227 1231 1257 1293 p.
1287 1217 1359 1289 200,

209 1309 298 1374 adnot.
322 1317 343 1374 4
373 1309 409 1372 in
437 1307 497 1374 bac
517 1309 688 1391 locutione,
712 1313 789 1373 dieto
812 1315 980 1374 audientem
1007 1332 1079 1381 esse,
1111 1314 1187 1374 dicto
1217 1311 1359 1374 dativum

211 1425 266 1472 ese
285 1408 418 1484 statuit,
438 1397 527 1486 'quod
549 1407 672 1487 probol.
717 1408 812 1473 Ennii
835 1410 938 1475 annal.
962 1410 982 1474 l.
1007 1410 1066 1487 111,
1088 1409 1127 1473 ir.
1155 1414 1206 1472 10:
1241 1413 1282 1469 Et
1310 1411 1359 1484 qui

212 1517 293 1568 artus
317 1513 388 1566 erat
413 1507 524 1567 Romae
547 1525 674 1583 regnare
703 1511 876 1584 quadratae.
922 1508 1016 1571 Ennii
1041 1508 1174 1572 Medeae
1198 1505 1298 1570 exulis
1322 1506 1359 1567 t'r.

213 1607 236 1666 i:
261 1605 471 1664 animadverte
500 1623 536 1665 ac
565 1605 641 1666 dicto
671 1610 761 1681 paret
806 1605 958 1670 Hecubae
980 1604 1018 1668 ir.
1045 1611 1099 1668 11:
1137 1608 1218 1679 Quae
1248 1605 1301 1664 tibi
1330 1606 1359 1662 iu

213 1705 336 1764 cncubio
365 1703 537 1762 verecundo
560 1711 592 1762 et
613 1705 728 1765 modice
755 1723 866 1765 morem
896 1707 981 1780 gerit.
1027 1702 1226 1766 Euhemerus
1249 1701 1284 1764 ir.
1311 1704 1360 1777 ΙΙ,

211 1793 288 1864 lus:
310 1802 444 1874 imperio
467 1803 531 1860 eius
555 1801 684 1861 libenter
706 1804 956 1878 obsequebantur.
987 1798 1123 1863 Medeae
1138 1798 1239 1864 erulis
1254 1797 1291 1860 l'r.
1311 1801 1360 1872 10,

213 1911 231 1958 t.
245 1901 322 1962 305:
344 1899 425 1958 Nam
449 1904 483 1958 ut
505 1915 560 1973 ego
581 1901 641 1960 illis
665 1902 866 1975 supplicarem
888 1900 952 1958 —i
995 1899 1032 1962 fr.
1057 1903 1089 1962 3:
1112 1901 1251 1975 proloqui
1274 1897 1360 1959 Caelo

183 2003 185 2008 '
212 2003 280 2071 une
295 1999 400 2055 terrae
414 1996 538 2055 Medeai
552 1998 698 2058 miserias.
725 1995 877 2061 Hecubae
893 1996 931 2059 ir.
951 2001 1005 2060 12:
1028 1999 1163 2073 Iuppiter
1180 1998 1233 2056 tibi
1249 2011 1360 2055 summe

183 2097 186 2148 2
214 2095 313 2154 udam
335 2095 419 2154 male
442 2110 476 2152 re
498 2103 584 2168 gesta
605 2098 748 2169 gratulor.
784 2091 992 2174 Cresphoutis
1007 2092 1045 2156 ir.
1063 2099 1098 2159 5:
1124 2099 1215 2154 letum
1238 2094 1357 2152 inimico

183 2167 188 2266 i
212 2189 349 2266 irpreeer.
396 2186 437 2251 fr.
460 2193 489 2264 3,
513 2205 541 2252 v.
567 2194 644 2253 lbi:
668 2193 728 2253 Cur
750 2211 796 2253 me
821 2195 891 2253 huic
914 2193 1035 2253 locatas
1059 2193 1190 2266 nuptiis?
1227 2189 1356 2267 Iphige-

183 2273 187 2304 '¹
213 2283 265 2350 ‘ne
286 2285 325 2350 lr.
352 2290 388 2348 7:
418 2287 449 2346 id
465 2291 545 2350 meis
567 2290 657 2350 rebus
679 2294 812 2366 regimen
836 2293 965 2351 restitas.
1011 2286 1235 2352 Andromedae
1263 2287 1298 2348 ir.
1324 2291 1358 2347 72

214 2381 263 2446 ltu
282 2395 415 2460 propter
437 2395 467 2444 te
490 2388 608 2446 obieeta
630 2407 695 2448 sum
717 2391 860 2449 innocens
883 2390 983 2447 Nerei.
1028 2385 1201 2448 Alexandri
1224 2384 1261 2447 l'r.
1278 2388 1306 2453 8,
1330 2402 1358 2445 ν.

215 2479 252 2545 ii:
272 2485 436 2560 Optumum
455 2485 628 2559 progeniem
649 2485 775 2547 Priamo
797 2489 953 2562 peperisti.
1000 2482 1105 2549 Satur.
1129 2483 1148 2549 l.
1165 2481 1224 2559 ΙΙΙ,
1250 2480 1359 2545 l'r.10:

183 2658 185 2665 Ι
214 2576 269 2641 lem
289 2582 346 2641 tibi
375 2583 561 2641 munimenta
588 2585 646 2642 mei
669 2602 816 2659 peperere
840 2586 968 2645 labores.
1014 2581 1185 2647 Alexandri
1212 2582 1250 2643 ir.
1276 2585 1302 2657 Ι,
1331 2597 1359 2640 v.

183 2748 187 2765 .
215 2674 254 2739 ib:
283 2696 413 2754 puerum
436 2680 550 2752 primus
573 2681 690 2741 Priamo
713 2685 763 2756 qui
787 2682 866 2742 ioret
887 2684 959 2742 Post
981 2684 1034 2741 ills
1061 2693 1156 2742 nutus.
1203 2676 1359 2741 Euheme-

183 2772 189 2795 '
215 2772 311 2840 hafn.
335 2778 368 2851 2,
391 2772 445 2836 liu.
474 2779 529 2837 ll:
564 2779 589 2836 si
612 2779 682 2852 quid
706 2780 831 2839 liberum
861 2782 961 2839 virilis.
984 2798 1071 2839 sexus
1096 2781 1122 2838 ei
1145 2788 1245 2838 uatum
1269 2784 1358 2837 esset.

213 2863 237 2935 h.
255 2879 286 2949 4,
310 2878 372 2936 25:
407 2875 496 2932 Titan
518 2881 674 2949 postquem
705 2879 828 2937 rescivit
856 2876 987 2936 Saturae
1011 2880 1088 2938 filios
1112 2884 1286 2951 procreatos
1317 2908 1357 2917 —

183 3008 186 3015 ·
211 2982 268 3033 tte.
316 2970 356 3033 ir.
382 2975 412 3047 7,
436 2972 491 3032 32:
516 2990 597 3031 mam
622 2981 706 3033 creat
730 2976 827 3034 Caele.
873 2972 910 3037 l'r.
932 2979 978 3051 ΙΙ,
1002 2973 1054 3036 lin.
1080 2980 1135 3037 50:
1159 2976 1279 3033 iubebat
1301 2973 1359 3033 sibi

207 3064 292 3131 hnurn
315 3070 427 3131 creari.
474 3067 586 3131 huual.
610 3067 631 3132 l.
655 3068 710 3146 lx.
734 3069 772 3133 fr.
796 3075 829 3133 8:
865 3074 947 3133 Unus
971 3074 1058 3132 homo
1082 3074 1167 3131 uobis
1191 3071 1358 3130 cunctando

206 3171 425 3231 restituerem.
471 3163 670 3230 Euhemerus
697 3165 734 3231 fr.
761 3173 815 3246 ll,
850 3168 902 3232 lin.
927 3172 984 3230 52:
1021 3171 1070 3228 Sic
1098 3170 1262 3229 constituta
1290 3178 1358 3229 suut

205 3269 308 3342 templa
328 3266 396 3325 lori
415 3266 578 3338 Ataburiq·
595 3268 656 3326 Iovi
680 3267 860 3326 Labrandio.
907 3264 957 3329 lin.
983 3271 1036 3328 54:
1059 3270 1134 3326 ltenr
1156 3265 1220 3325 Iovi
1236 3268 1356 3338 Leptin,

205 3358 257 3425 hri
277 3364 421 3435 Molioni,
454 3362 518 3422 Iovi
542 3364 638 3423 Casio.
684 3362 703 3425 Ι.
728 3365 782 3425 56:
818 3373 851 3422 ut
873 3374 904 3424 et
926 3366 983 3424 sibi
1005 3364 1146 3423 honorem
1175 3367 1304 3423 divinum
1328 3370 1358 3422 et

206 3458 357 3537 inmitibus
378 3461 443 3521 suis
464 3470 641 3534 perpetuum
666 3480 771 3521 nomen
796 3464 974 3536 acquireret.
1006 3459 1043 3523 fr.
1065 3465 1112 3539 tr,
1136 3465 1190 3524 66:
1212 3463 1358 3521 uirtutes-

207 3574 253 3633 pre
273 3560 379 3619 urricus
403 3566 492 3634 atque
515 3560 646 3631 coquetis
667 3561 730 3619 suis
752 3562 878 3633 imperia
906 3562 1013 3619 divisit.
1058 3557 1095 3620 l'r.
1121 3563 1149 3635 2,
1173 3558 1192 3621 Ι.
1218 3564 1271 3621 ur:
1305 3561 1357 3619 bo·

209 3658 322 3720 niuibus
345 3662 429 3731 leges
452 3674 549 3717 mores
574 3657 780 3732 frumentaque
804 3660 931 3732 paravit.
977 3654 1148 3719 Erechthei
1171 3654 1209 3719 sr.
1230 3661 1263 3720 3:
1286 3658 1356 3732 Qui-

213 3750 255 3813 διο
272 3772 350 3815 nune
373 3771 516 3815 aerumna
537 3772 604 3814 mea
625 3757 796 3815 libertatem
825 3774 914 3829 paro,
948 3756 1061 3831 Quibus
1088 3758 1262 3816 servitutem
1291 3772 1358 3814 mea

216 3851 317 3912 ubeda
349 3854 504 3927 deprecer.
549 3849 729 3914 Telamonis
762 3852 800 3914 fr.
834 3857 867 3914 5:
902 3855 951 3911 eui
984 3863 1016 3913 tu
1044 3854 1225 3913 obsidionem
1257 3871 1355 3928 paras.

218 3938 395 4011 Euhemerus
417 3948 455 4011 fr.
475 3954 525 4027 ΙΙ,
547 3953 602 4012 48;
626 3968 712 4025 reges
735 3952 925 4024 principesve
948 3954 1123 4025 populorum
1150 3953 1278 4025 hospitio
1300 3950 1357 4009 sibi

224 4050 248 4099 et
263 4048 384 4107 imicitia
407 4049 577 4122 copulabat.
615 4045 726 4108 Auuul.
743 4046 761 4108 l.
782 4045 867 4122 llll.
891 4050 927 4109 l'r.
948 4053 1000 4110 15:
1026 4051 1167 4109 Romanis
1190 4051 1264 4108 luno
1287 4066 1355 4107 coe·

225 4140 257 4207 lii
273 4144 385 4215 placata
405 4146 517 4205 iuvere.
563 4141 583 4206 l.
601 4142 627 4221 Ι,
650 4144 689 4207 ir.
714 4150 767 4207 31:
792 4146 851 4205 ultr
874 4148 1036 4221 respondet
1060 4164 1112 4206 ren
1137 4147 1225 4207 Aluti
1248 4148 1356 4222 longui.

228 4226 291 4313 lll,
310 4237 343 4303 ir.
368 4246 398 4304 1:
427 4243 487 4304 Olli
510 4244 664 4317 respondit
688 4245 785 4302 suauis
810 4262 898 4303 sonus
921 4246 1052 4317 Egeriai.
1098 4241 1117 4304 l.
1143 4241 1227 4319 l‚l1·.
1253 4246 1303 4320 57,
1327 4260 1354 4305 u.

233 4328 272 4389 il:
290 4336 388 4401 &mus
412 4341 546 4413 uuspteio
569 4359 601 4401 se
626 4343 759 4401 devoret.
807 4339 1016 4418 Epicharmus
1039 4338 1076 4402 ir.
1095 4345 1122 4416 7,
1149 4358 1175 4402 v.
1205 4346 1255 4403 10:
1280 4360 1354 4417 quae
