3125 5075
213 389 275 447 402
676 376 803 420 21101101.
825 376 890 419 ΟΔΡ.
903 375 942 415 v1.

213 555 272 615 erit
294 555 443 631 morigero
465 561 495 615 et
520 561 587 615 vote
607 556 773 629 quiequmu,
795 552 850 618 nbi
865 549 1006 616 Klussm.
1028 566 1059 632 p.
1079 550 1140 613 172
1155 545 1236 613 citet
1250 546 1366 611 Donet.

213 654 247 715 et
264 646 464 717 Westerhov.
484 649 525 715 ud
539 649 665 717 Terent
680 651 762 717 Eun.
778 649 821 730 ΙΙ,
844 654 874 726 3,
896 652 947 713 82.
991 648 1165 713 Ducntuer.
1186 642 1256 708 niv.
1272 642 1367 708 Andr.

211 745 324 829 fragm.
346 764 377 826 p.
393 750 442 813 92.
486 746 562 813 cist.
585 748 611 828 1,
638 754 667 829 1,
690 753 744 814 68:
768 767 864 826 neque
886 749 1042 823 qccicquum
1063 746 1124 806 eliu
1145 745 1264 805 mulier.
1300 739 1366 805 Mil.

211 845 268 924 1v,
285 850 315 924 2,
339 848 398 910 68:
422 849 491 910 Non
506 848 556 909 hic
571 867 624 911 suo
640 851 763 910 ceminio
778 864 953 921 quemquam
967 845 1132 921 porcellum
1146 843 1366 917 inpertiturust

212 942 293 1007 Rud.
311 941 355 1022 Π,
378 947 407 1022 3,
432 948 490 1007 75:
514 946 618 1021 Neque
642 947 807 1025 digniorem
829 963 935 1007 censes
957 944 1067 1005 vidisse
1089 957 1183 1001 uuum
1203 956 1253 1001 me
1275 956 1369 1014 quous·

212 1059 311 1117 quum,
355 1039 484 1107 Terent.
507 1041 588 1107 Eun.
613 1042 656 1122 II,
676 1046 706 1122 3,
729 1046 787 1108 82;
813 1041 1056 1119 Quandoquidem
1078 1041 1199 1101 illerum
1220 1055 1318 1113 neque
1339 1046 1368 1099 te

212 1141 369 1215 quicquum
400 1144 481 1203 novit
512 1159 568 1203 nec
600 1144 658 1204 scit
684 1145 734 1219 qui
762 1145 838 1217 sies,
881 1138 920 1204 ci.
947 1136 1073 1202 Ruhnk.
1104 1135 1145 1200 ud
1174 1132 1237 1198 Iul.
1265 1132 1366 1200 Rufin.

215 1240 259 1318 (p.
283 1240 345 1302 262
367 1235 465 1301 Rutil.
488 1236 592 1318 Lup.).

299 1334 327 1398 d.
362 1338 524 1415 Quicquqm
546 1338 648 1397 addito
668 1338 869 1405 substantivo,
895 1332 1038 1416 inprimis
1060 1335 1154 1394 tomo.
1191 1330 1294 1398 Nuev.
1310 1330 1369 1397 Tu·

213 1429 359 1498 rentillae
385 1430 423 1497 fr.
450 1440 481 1498 l:
519 1452 695 1511 quemquam
718 1454 828 1513 regem.
875 1430 956 1497 Cato
982 1448 1029 1495 or.
1059 1430 1184 1495 dicrum
1209 1427 1365 1495 dicturum

215 1530 255 1596 de
278 1529 445 1595 consulatu
469 1548 526 1596 suo
549 1549 600 1611 ap.
624 1529 749 1596 Charis.
773 1534 966 1594 Msturrime:
1000 1531 1139 1592 Laudent
1163 1546 1210 1591 mo
1232 1532 1366 1593 maximis

211 1630 364 1707 laudibus,
396 1637 510 1691 tontum
533 1631 665 1705 numum,
692 1637 806 1692 tuntum
829 1632 1007 1703 exercitum,
1035 1634 1149 1688 tuntum
1172 1623 1366 1689 'commeatum

212 1745 271 1788 non
287 1729 438 1802 opinatum
459 1745 524 1789 csse
541 1744 715 1802 quemquam
735 1729 881 1790 homiuem
900 1743 1074 1802 compurure
1095 1727 1240 1802 potuisse.
1273 1723 1365 1790 Ennii

212 1820 315 1886 annul.
344 1820 364 1885 l.
387 1821 413 1901 1,
435 1820 473 1887 ir.
499 1826 548 1903 58,
572 1842 601 1887 n.
627 1828 702 1889 100:
739 1827 802 1888 Nec
833 1828 883 1902 pol
911 1826 995 1884 houm
1017 1824 1173 1897 quicquum
1199 1822 1294 1885 iucict
1322 1827 1364 1884 in·

212 1938 291 1997 pune
315 1923 463 1984 animatus
485 1925 551 1983 Hoc
572 1924 630 1984 nisi
652 1932 693 1984 tu.
738 1919 841 1986 Pluut.
865 1920 946 1985 Rud.
968 1919 994 1998 1,
1018 1925 1048 1999 3,
1071 1923 1126 1984 23:
1160 1922 1226 1983 Nec
1251 1924 1293 1982 mi
1315 1923 1364 1982 oh·

212 2020 288 2081 vium
310 2019 395 2078 tomo
416 2020 571 2094 quicquum
593 2024 682 2082 venit.
707 2026 737 2096 4,
761 2027 795 2083 7:
818 2024 922 2097 Neque
945 2038 1032 2096 quem
1054 2020 1180 2095 rogitem
1205 2036 1364 2096 responso·

213 2134 285 2192 rem,
308 2133 483 2191 quenquam
505 2119 621 2179 interes
643 2118 705 2196 [hic
728 2117 885 2194 homiuem]
911 2119 1039 2179 invenio.
1075 2112 1171 2180 Poen.
1195 2114 1235 2197 V,
1257 2122 1289 2193 4,
1312 2118 1362 2182 32:

155 2197 172 2227 ⁸
213 2215 255 2276 Ut
278 2215 382 2277 deceat
405 2233 459 2277 nos
488 2214 588 2277 iucem
617 2219 790 2295 quicquam,
825 2217 904 2293 quod
931 2217 1015 2277 houm
1043 2215 1200 2289 quisquam
1225 2217 1361 2278 inrideat

212 2310 305 2375 Τηιο.
328 2307 371 2392 Π,
395 2314 425 2391 2,
449 2315 504 2375 52:
534 2316 691 2390 Nunquam
714 2316 820 2390 edepol
843 2315 916 2375 mihi
937 2315 1100 2392 Quisquam
1122 2313 1207 2372 hom
1230 2316 1361 2375 mortuiis

211 2411 338 2487 posthoc
362 2411 484 2471 ducrum
506 2428 606 2472 rerum
628 2414 754 2475 creduit.
792 2410 879 2475 Asin.
902 2409 957 2487 IV,
983 2415 1010 2486 1,
1033 2415 1087 2475 34:
1111 2412 1200 2471 Telos
1223 2427 1261 2471 nc
1284 2413 1363 2484 quoi-

212 2524 301 2583 quum
330 2508 485 2570 admoveat
506 2509 619 2571 homiui
640 2511 698 2572 nisi
720 2512 782 2572 tibi.
827 2507 893 2573 Mil.
909 2507 951 2587 11,
975 2511 1005 2588 6,
1028 2511 1083 2572 57:
1105 2508 1273 2584 Numquam
1296 2509 1360 2571 ede

212 2612 261 2683 poi
288 2607 433 2668 homiuem
455 2623 629 2681 queeuquum
651 2609 835 2670 ludificarier
856 2610 953 2684 Magis
981 2608 1078 2668 facete
1106 2606 1180 2681 uidi,
1214 2624 1244 2668 v.
1267 2604 1360 2670 Haut.

212 2702 253 2767 ad
280 2702 398 2783 Reisig.
426 2721 456 2785 p.
487 2707 563 2784 347,
596 2705 701 2769 adnot.
733 2709 804 2770 361.
849 2703 963 2770 Bacch.
990 2702 1017 2781 Ι,
1047 2707 1076 2783 2,
1103 2708 1159 2767 44:
1196 2706 1359 2784 Magistros

211 2819 387 2875 quemquam
408 2804 584 2878 discipulum
605 2805 790 2865 minitarier?
835 2801 928 2868 Truc.
950 2801 991 2872 11,
1016 2807 1043 2880 1,
1065 2805 1119 2865 28:
1143 2804 1220 2864 Num
1244 2814 1358 2866 coestor

211 2918 360 2975 nunquam
380 2903 452 2962 sutis
469 2902 552 2963 dedit
567 2919 637 2964 susc
653 2903 810 2976 quicquum
824 2905 936 2963 amicae
952 2906 1076 2964 cusator.
1114 2899 1244 2965 Terent.
1264 2901 1358 2966 Andr.

213 2997 238 3077 Ι,
262 3003 290 3077 5,
316 3000 370 3061 10:
404 2999 498 3060 adeon
526 3001 670 3062 homiuem
696 3018 762 3062 esse
791 3003 976 3061 invenustum
1005 3009 1055 3060 unt
1083 2998 1235 3062 infelicem
1266 3018 1359 3075 quem-

211 3100 307 3171 quem,
340 3103 372 3155 ut
395 3114 449 3172 ego
472 3100 551 3159 sum!
595 3095 728 3177 Adelph.
745 3095 770 3171 Ι,
797 3102 824 3176 1,
851 3101 903 3160 13;
926 3114 1137 3171 quemquamne
1158 3099 1308 3160 homiuem
1331 3100 1359 3158 in

211 3204 340 3257 animum
362 3195 530 3259 instituere.
575 3194 696 3259 Eodem
725 3194 818 3258 modo
846 3197 1003 3271 quicquum
1030 3194 1133 3259 Plaut.
1164 3194 1358 3261 Menaechm.

210 3290 270 3373 111,
296 3298 323 3371 l,
345 3295 380 3356 2:
402 3296 568 3370 Numquam
588 3297 743 3368 quicquum
765 3294 885 3366 fucinus
905 3295 966 3355 ieci
986 3296 1081 3371 peius.

294 3409 323 3455 e.
360 3393 522 3469 Quisquam
544 3393 614 3454 uiiis
628 3392 856 3466 pronominibus
878 3393 1058 3454 adiunctum.
1103 3389 1207 3456 Plauc
1231 3392 1303 3456 Aut
1320 3392 1357 3471 V,

209 3494 243 3555 3:
266 3491 339 3568 Quis
360 3507 407 3550 mo
422 3491 548 3552 Athenis
565 3509 644 3552 nunc
659 3507 743 3566 muge
764 3491 950 3563 quicquamst
970 3492 1068 3565 homo,
1091 3492 1141 3550 cni
1160 3491 1191 3550 di
1211 3493 1273 3553 siut
1292 3509 1358 3567 pro-

207 3588 296 3665 pitii?
339 3584 508 3666 As.11,4‚
532 3589 588 3650 85;
623 3605 718 3664 neque
753 3605 800 3648 me
828 3589 904 3648 alter
932 3595 979 3649 est
1007 3590 1134 3651 Athenis
1163 3588 1253 3650 hodie
1281 3589 1358 3664 quie·

207 3702 305 3764 quoue,
330 3687 407 3759 Quoi
431 3687 513 3746 credi
535 3694 618 3746 recte
641 3704 735 3762 oeque
758 3694 873 3763 putent.
919 3682 998 3749 Cato
1021 3685 1054 3747 in
1068 3684 1105 3748 V.
1129 3684 1247 3766 origg.:
1272 3687 1356 3761 Quod

207 3802 308 3846 eorum
330 3800 412 3842 uerno
433 3785 588 3858 quisquam
608 3785 762 3860 quicquum
785 3785 858 3844 mihi
879 3786 1032 3860 ignoturus
1055 3790 1102 3845 est
1125 3782 1236 3859 (Prisc.
1259 3783 1304 3862 X,
1327 3800 1357 3863 p.

206 3877 292 3962 886).
337 3877 440 3944 Plaut.
464 3878 536 3944 Cas,
554 3878 637 3959 V‚·4,
654 3884 708 3944 29:
732 3883 923 3958 Lepidiorem
945 3899 1067 3944 uxorem
1089 3899 1173 3944 uem
1194 3885 1357 3957 quum»,

207 3997 292 4056 quom
316 3996 385 4055 ego,
419 3980 518 4042 hebet.
563 3976 689 4042 Terent.
717 3978 798 4041 Eun.
821 3977 863 4057 11,
889 3984 916 4058 1,
937 3982 978 4043 20
1005 3994 1067 4059 sq:
1101 3981 1158 4041 hoc
1186 3998 1272 4040 mmo
1301 3981 1359 4043 fuit

203 4080 302 4139 Minus
325 4079 452 4156 ineptus,
474 4080 567 4155 magis
590 4095 710 4139 seuerus
732 4078 890 4151 quicquum
911 4095 967 4139 nco
989 4081 1082 4154 magis
1108 4078 1275 4141 continens.
1320 4076 1356 4154 V,

203 4178 233 4254 8,
257 4178 292 4238 2:
314 4192 397 4234 nemo
419 4177 520 4237 hercle
543 4175 708 4249 quicquum.
755 4172 831 4238 Hec.
853 4173 880 4254 1,
906 4179 933 4253 l,
958 4178 1013 4239 10:
1032 4178 1108 4237 Num
1129 4192 1214 4236 memo
1236 4176 1357 4239 illorum

203 4276 361 4348 quisquam
390 4274 480 4349 scito,
511 4275 548 4334 sd
576 4282 606 4333 te
633 4275 738 4333 veniet.
784 4270 886 4337 Ptauc
914 4272 1028 4338 Bacch.
1056 4271 1111 4352 lv,
1135 4277 1165 4351 9,
1192 4276 1268 4338 113:
1301 4274 1357 4334 Ml

204 4387 259 4445 eqo
288 4372 341 4432 tibi
368 4370 455 4431 hodie
484 4373 590 4433 consili
616 4372 772 4443 quicquum
804 4372 888 4433 douo.
932 4369 1026 4436 Poen.
1054 4369 1113 4451 ΙΙΙ,
1143 4375 1171 4448 l,
1201 4374 1234 4434 l:
1267 4371 1354 4434 trio
