3125 5075
501 406 589 446 caetis
604 407 876 449 euesuauutvotttii.
892 431 914 439 -
930 410 1069 450 ACCUSAT.
1297 419 1358 478 251

198 583 331 652 operiet
376 574 411 642 G·
434 583 490 644 db:
511 581 668 643 Hordeum
689 585 740 660 qai
763 586 848 647 loeus
872 602 964 645 noune
987 587 1046 646 erit
1068 593 1121 645 sat
1143 585 1194 660 qui
1215 583 1361 645 restibilis

198 703 242 718 -
261 673 333 738 teri
352 675 481 756 poterit,
502 679 565 740 teri
584 685 704 755 oportet.
742 677 778 745 O.
802 685 861 744 40:
890 683 949 741 Per
971 699 1022 743 rer
1043 683 1119 742 beee
1140 681 1208 742 fieri
1229 687 1359 756 oportet.

200 767 262 836 lt:
300 777 338 836 ln
358 775 435 838 loeis
457 779 569 839 eraaeb
590 787 622 840 et
644 780 791 840 bumeetls
811 781 921 853 nimos,
945 779 1032 856 fiaes,
1056 795 1158 855 poma,
1187 779 1270 839 oleas
1298 777 1358 838 seri

203 879 333 948 eportet.
356 873 459 952 Fioea,
480 875 573 949 oleae,
597 879 685 950 mais,
710 878 788 953 pire,
812 878 888 937 uites
910 877 1003 938 baert
1025 879 1136 949 oportet
1157 877 1228 936 luna
1249 875 1360 936 silenti.

206 963 238 1032 0.
251 971 311 1034 38:
334 972 401 1034 Eoo
423 975 583 1052 signierit,
605 975 656 1034 ubi
678 977 746 1034 eelx
767 983 855 1035 eoete
877 977 945 1048 erit,
968 990 1098 1034 summos
1119 972 1235 1048 lapides
1258 978 1360 1031 coetos

208 1081 270 1129 tete
291 1071 455 1146 oportebit.
498 1067 533 1134 G.
555 1073 614 1135 43:
648 1071 753 1132 Saitae
776 1102 820 1113 -
842 1073 975 1132 alvertus
1002 1087 1070 1132 esse
1094 1075 1221 1144 oportet.
1267 1065 1300 1130 G.
1325 1070 1362 1130 6:

212 1165 264 1228 liti
284 1181 359 1244 ager
380 1185 555 1230 eruws—
568 1175 669 1229 eet—
685 1185 753 1228 eum
775 1187 878 1244 agrum
901 1167 1126 1228 frumentarium
1149 1182 1215 1226 esee
1232 1173 1360 1241 opertet.

212 1257 242 1326 θ.
260 1265 295 1327 e:
321 1265 407 1325 Idem
428 1281 502 1342 ager
523 1267 551 1328 sl
573 1267 733 1327 nebulosus
755 1275 812 1341 eet,
836 1282 911 1342 repa
926 1297 968 1307 —
983 1265 1015 1324 id
1037 1267 1163 1326 mamma
1191 1264 1250 1322 seri
1273 1278 1361 1337 opor-

213 1367 257 1422 tet
278 1357 341 1424 1b.:
365 1363 491 1424 Vineam
512 1381 572 1440 quo
593 1364 624 1422 in
647 1381 719 1439 agro
742 1366 861 1424 eenseri
884 1370 1013 1439 oportet,
1037 1365 1080 1424 sia
1103 1363 1269 1423 obsersato.
1300 1356 1361 1421 lb:

216 1457 262 1532 Qd
282 1475 356 1536 sper
377 1491 421 1502 -
442 1461 572 1522 meerier
594 1462 669 1538 erit,
696 1461 738 1521 ibi
760 1464 858 1522 oleam
880 1461 1064 1522 Licinianam
1092 1461 1153 1520 seri
1173 1465 1302 1534 eportet.
1326 1453 1361 1519 C.

218 1555 260 1616 ti:
281 1557 369 1618 Haeo
391 1560 494 1619 omnia
515 1575 535 1619 a
555 1561 655 1634 eapite
677 1560 841 1635 propagari
864 1560 1010 1633 eximique
1034 1559 1152 1633 serique
1175 1588 1218 1599 -
1233 1561 1361 1630 oportet.

218 1647 245 1714 c.
265 1655 343 1718 les:
366 1655 483 1730 ficum,
506 1658 602 1717 oleam
625 1687 669 1699 -
690 1657 766 1718 baec
790 1657 889 1716 omnia
910 1672 1021 1731 genere
1043 1671 1061 1715 s
1082 1654 1230 1732 capitibus
1252 1668 1362 1728 prope·

217 1753 268 1826 etri
288 1781 334 1794 -
353 1754 516 1828 oportebit.
561 1749 729 1832 Inscriptio
757 1768 826 1831 cap.
857 1756 916 1816 23:
951 1754 1034 1830 Quae
1061 1754 1099 1813 nd
1127 1753 1301 1814 vindemiam
1331 1752 1362 1809 in

217 1851 338 1926 inpare
349 1851 463 1924 pareri
483 1867 556 1926 opaea
569 1852 617 1913 sit.
642 1847 676 1913 Ca
693 1855 748 1914 54:
772 1852 831 1913 Ubi
853 1857 1015 1912 sementem
1038 1852 1201 1927 paraveris,
1225 1848 1362 1924 glandem

216 1946 305 2020 putri
327 1949 449 2024 tegique
476 1953 624 2011 eonsenit.
669 1946 702 2013 Ο.
727 1953 780 2013 57ε
827 1950 888 2009 Eos
911 1966 969 2010 non
997 1956 1045 2010 est
1067 1949 1187 2008 nimium
1215 1949 1245 2006 iu
1269 1963 1363 2008 annos

217 2045 336 2120 inquies
358 2048 421 2108 riui
444 2048 652 2123 quadrantalia
674 2043 704 2109 X
723 2048 857 2108 ebibere.
883 2043 975 2107 Ennii
997 2043 1254 2123 heduphagetiea
1279 2060 1308 2104 v.
1325 2047 1361 2106 b:

216 2143 380 2218 menium
415 2145 530 2220 piarem
566 2147 644 2206 seito
669 2147 796 2221 pmmum
834 2160 900 2204 esee
928 2144 1059 2205 Tarenti.
1105 2139 1199 2205 Ennii
1221 2139 1258 2203 ir.
1281 2147 1361 2220 trag.

215 2233 380 2304 tbmnmi
404 2244 432 2306 1.
453 2257 504 2321 ap.
527 2239 660 2305 Vahlen.
682 2258 711 2322 p.
728 2244 779 2319 98,
803 2257 831 2303 ν.
849 2244 898 2304 57.
922 2243 978 2304 58:
1000 2251 1096 2300 mater
1116 2240 1238 2315 grauida
1253 2256 1364 2312 parere

215 2353 239 2399 tt
254 2341 415 2402 ademtam
437 2339 534 2401 ieeem
560 2341 633 2401 Viae
655 2345 697 2401 eat
718 2342 749 2400 in
772 2342 884 2401 somnia
907 2339 1038 2398 Hecube.
1067 2334 1180 2399 huual.
1204 2334 1222 2398 i.
1246 2334 1300 2413 vl,
1323 2333 1362 2400 ir.

216 2435 399 2518 iambigue
420 2435 556 2501 dietum:
594 2439 652 2499 Aia
678 2447 709 2498 te
738 2439 872 2498 Aeacida
900 2438 1049 2496 Romanoa
1079 2438 1198 2496 sineere
1221 2452 1318 2510 posse.
1341 2433 1362 2498 l.

214 2530 294 2615 ilii,
323 2552 355 2599 u.
381 2538 437 2600 19:
458 2538 527 2598 Non
549 2555 617 2599 esse
640 2535 813 2614 arquatosi,
843 2531 927 2614 quod
950 2530 1191 2597 admirationem
1215 2531 1365 2611 exprimit

213 2652 247 2687 ι·
266 2632 337 2699 Noe
371 2648 432 2697 uos
459 2648 558 2713 egere
584 2634 675 2714 qussi
702 2633 802 2697 aimus
835 2631 983 2711 arquati?
1018 2628 1077 2694 uolt
1099 2626 1205 2711 iosstea
1235 2631 1298 2691 aab
1323 2664 1361 2677 -

214 2728 330 2812 (Fingit
352 2729 493 2811 aliquem
515 2731 576 2796 hoe
598 2730 741 2813 cogitare
759 2747 870 2810 posse,
899 2746 934 2793 se
956 2746 991 2794 se
1020 2735 1169 2810 gesturos
1198 2727 1290 2807 quasi
1312 2748 1364 2793 ar·

212 2832 345 2909 tutos).
355 2826 607 2907 Alexandrifr.8‚
619 2846 648 2891 v.
658 2832 715 2893 84:
729 2833 800 2891 Men
811 2831 928 2904 obesse,
937 2832 1004 2890 illos
1015 2830 1168 2904 prodesse,
1181 2848 1226 2890 me
1234 2832 1364 2898 obstare,

212 2926 271 2991 itae
283 2930 425 3005 obsequii
440 2926 493 2992 Fr.
509 2926 638 3008 Thyesti.
657 2932 712 2990 ll:
729 2928 801 3004 quid
817 2937 846 2988 te
862 2930 973 2988 adirier
984 2927 1132 2988 abuutee?
1151 2924 1204 2991 l'r.
1217 2927 1275 2991 inc.
1291 2925 1364 2992 iibri

212 3027 239 3091 i:
260 3026 426 3090 amaeam
438 3043 471 3087 ee
484 3042 586 3088 amase
601 3028 734 3102 eupiunt.
757 3024 871 3105 (Prisc.
894 3024 948 3090 lib.
963 3022 1051 3103 VIII,
1067 3041 1097 3103 p.
1116 3027 1191 3087 792:
1216 3027 1363 3104 „passive

212 3116 494 3199 waermoaaf‘)
516 3122 612 3187 Ennii
627 3122 829 3188 Euhemerus
844 3123 880 3187 ir.
901 3129 949 3201 ll,
973 3127 1030 3188 50:
1055 3126 1176 3185 iubebat
1191 3125 1248 3184 sibi
1263 3124 1363 3185 lanum

213 3226 313 3287 metri.
330 3219 474 3287 Achilles
484 3220 662 3286 Aristarchi
677 3220 714 3285 ir.
735 3225 766 3284 1:
781 3224 895 3283 Audire
910 3240 961 3283 vos
978 3223 1060 3283 iubet
1074 3224 1246 3297 imperator.
1270 3220 1364 3284 Ennii

211 3314 409 3385 Euhemerus
429 3319 468 3383 ir.
482 3324 511 3399 3,
534 3324 630 3400 8⁸4:
654 3321 733 3398 qnod
757 3322 876 3383 videbat
898 3330 1024 3380 matrem
1047 3329 1135 3395 atque
1159 3336 1278 3380 sorores
1295 3338 1364 3381 sues

213 3432 326 3495 ipsum
350 3419 433 3480 dare.
458 3414 682 3502 Προτρεπτικὸς
714 3415 751 3482 ir.
776 3422 810 3482 2:
839 3421 897 3479 Ubi
921 3419 1001 3478 videt
1022 3436 1144 3479 euenum
1168 3419 1270 3477 lolium
1298 3434 1364 3477 ere·

212 3530 290 3578 teere
305 3519 389 3577 inter
404 3518 546 3581 triticam.
567 3518 791 3585 Andromache
812 3515 1028 3584 Aechmalotis
1050 3515 1087 3579 ir.
1104 3522 1133 3595 9,
1155 3530 1184 3577 v,
1203 3517 1262 3578 123
1279 3531 1363 3595 sqq:

212 3612 288 3677 daea
325 3619 428 3677 omnia
462 3618 542 3678 videi
577 3618 771 3697 inflammari,
808 3622 927 3681 Priamo
954 3617 982 3676 ui
1013 3617 1102 3677 uitam
1130 3618 1255 3677 euitarei
1286 3618 1364 3678 Iouis

211 3728 286 3777 uem
310 3716 455 3791 sanguim
478 3718 604 3792 turpari.
648 3715 849 3781 Euhemerus
872 3715 910 3780 ir.
933 3721 963 3794 4,
992 3718 1032 3778 25
1056 3731 1102 3795 eq.
1140 3712 1234 3777 Ennii
1258 3714 1363 3780 Satur.

210 3808 263 3876 he.
284 3810 361 3878 libr.
391 3808 430 3875 fr.
457 3816 483 3890 i,
521 3830 549 3876 v.
574 3817 629 3879 33:
675 3815 789 3878 irustre
811 3818 894 3877 ilium
918 3816 991 3876 dicit
1014 3813 1126 3876 irustre
1149 3832 1223 3876 esse.
1269 3812 1365 3877 Ennii

210 3904 354 3991 Thyestis
376 3906 415 3973 ir.
435 3916 477 3976 4:
501 3913 596 3988 Quem
619 3933 686 3976 nem
709 3923 739 3976 te
763 3932 829 3977 esee
852 3916 958 3974 dicem.
982 3910 1076 3976 Ennii
1098 3911 1203 3976 Satur.
1226 3912 1265 3976 ir.
1285 3918 1311 3991 1,
1334 3930 1363 3974 v.

210 4010 263 4073 tt:
298 4010 377 4071 llam
401 4014 452 4085 qni
474 4030 506 4074 se
529 4012 670 4075 frustrari
693 4032 779 4091 quem
806 4013 935 4074 irustrae
965 4012 1065 4073 sentit.
1110 4009 1223 4074 Annei.
1247 4009 1267 4074 l.
1290 4007 1363 4088 vii,

209 4102 243 4170 h.
259 4112 296 4173 e:
318 4108 386 4169 Nee
406 4124 453 4169 me
469 4128 538 4189 ,rem
560 4112 648 4173 deest
670 4114 747 4173 bane
771 4112 974 4173 attinentibus
996 4110 1080 4169 edere
1102 4112 1223 4172 ubertis.
1246 4107 1267 4173 Ι.
1283 4108 1309 4187 Ι,
1324 4106 1363 4172 fr.

210 4208 261 4269 te:
303 4212 382 4271 eata
407 4224 468 4270 non
496 4212 526 4270 vi
552 4228 618 4273 eum
640 4228 780 4272 summam
807 4227 928 4272 seruare
956 4212 1043 4271 decet
1071 4228 1143 4271 rem.
1180 4208 1310 4283 (Festus
1332 4222 1363 4287 p.

209 4310 265 4374 rte
284 4306 329 4374 ti
369 4324 459 4389 ,Μ
483 4322 542 4387 pro
570 4324 643 4374 eum
671 4324 748 4372 usus
779 4314 830 4373 est
858 4307 977 4372 liuuins
1000 4304 1031 4371 li.
1053 4304 1093 4382 1).
1138 4304 1233 4370 Ennii
1261 4305 1364 4372 Phoe·

211 4404 282 4472 nith
302 4406 340 4473 ir.
364 4410 403 4471 2:
448 4408 510 4469 Sed
538 4410 631 4469 tirum
660 4409 769 4469 uirtute
807 4426 879 4471 vers
908 4410 1009 4469 virere
1046 4408 1207 4470 animatum
1236 4410 1364 4470 addecet
