3125 5075
200 363 261 419 124
634 351 786 391 sunsraur.
802 350 865 390 car.
880 349 921 388 nr.

200 531 239 588 ab
260 528 384 588 ammio
406 528 488 594 ciris,
511 524 551 589 de
574 542 636 605 quo
660 526 729 590 loco
752 525 898 604 Kampm.
921 523 941 587 l.
965 541 991 587 c.
1013 521 1093 586 haec
1115 518 1230 584 habet:
1266 516 1305 595 ,‚i.
1331 534 1343 578 ε

202 623 257 703 qui
279 620 492 703 proficiscitur
513 622 554 686 ab
578 623 710 687 summis
732 623 823 700 viris3
847 640 919 685 narn
943 621 982 685 de
1006 619 1133 700 generis
1148 616 1272 695 origine
1288 614 1343 678 h.l

203 722 347 802 cogitare
370 721 491 800 nequit,
515 719 589 800 quia
611 720 674 783 iarn
697 720 822 784 duobus
844 719 989 784 uersibus
1011 721 1085 781 ante
1107 715 1147 779 de
1170 730 1289 794 genere
1312 711 1343 774 in

200 823 384 898 terrogatus
407 818 619 897 responderat
646 824 679 881 et
707 816 843 881 Plautus
869 818 901 881 in
929 814 1121 895 designanda
1149 810 1273 891 origine
1301 825 1342 870 au

199 915 268 979 solo
294 915 433 979 ablativo
468 916 570 979 utitur
601 923 659 979 aut
685 915 802 979 additis
833 917 868 975 de
894 913 945 976 vel
975 933 1011 973 ec
1037 907 1342 991 praepositionibus!

200 1013 344 1076 Pertinet
370 1012 431 1076 huc
464 1032 501 1077 ex
529 1013 740 1094 Kampmanni
772 1011 853 1076 libro
889 1011 914 1089 Ι,
948 1015 976 1074 9.
1020 1009 1147 1072 Terent.
1177 1006 1275 1069 Andr.
1299 1002 1343 1067 Il]

201 1114 229 1188 2,
256 1115 309 1174 12;
334 1115 357 1172 0
382 1114 475 1186 Dave,
499 1116 561 1173 itan
586 1121 760 1174 contemnor
783 1114 837 1171 obs
860 1112 905 1169 te?
950 1105 1081 1186 Adelph.
1100 1106 1136 1184 V,
1159 1113 1190 1181 4,
1214 1109 1271 1167 aa:
1295 1106 1342 1178 Eg

202 1228 317 1285 quoqne
347 1228 366 1268 o
395 1214 467 1271 meis
499 1230 545 1270 me
575 1214 667 1271 amari
697 1218 726 1269 et
761 1211 859 1284 magni
889 1209 979 1283 pendi
1008 1209 1134 1281 postulo.
1183 1202 1300 1264 Heaut.
1334 1199 1343 1262 l

203 1311 229 1383 1,
259 1310 333 1369 loo:
357 1318 513 1383 peccatum
537 1327 556 1366 a
578 1326 624 1367 me
646 1315 820 1367 maxumest.
857 1303 984 1367 Phorm.
1001 1302 1043 1380 ΙΙ,
1068 1308 1096 1379 2,
1120 1306 1173 1365 23;
1197 1303 1265 1361 Non
1289 1307 1342 1375 pot

201 1408 274 1465 satis
297 1424 353 1480 pro
376 1407 486 1465 merito
510 1407 547 1464 ab
569 1408 622 1465 illo
645 1408 698 1465 tibi
722 1404 831 1464 referri
853 1405 959 1479 gratia.
1004 1400 1062 1466 Ad.
1086 1399 1112 1478 Ι,
1136 1403 1165 1477 2,
1189 1402 1244 1461 38;
1276 1399 1343 1457 dabi

200 1514 249 1563 tur
272 1521 292 1561 o
313 1522 359 1563 me
380 1512 546 1577 argeutum.
592 1503 669 1566 Hec.
694 1501 718 1579 l,
743 1505 770 1578 2,
796 1504 851 1564 70:
886 1503 1069 1575 Narratque,
1103 1506 1137 1559 ut
1166 1499 1249 1571 virgo
1272 1498 1343 1556 ads

201 1602 317 1675 integra
339 1602 429 1661 etiam
454 1608 513 1660 tum
538 1604 603 1662 siet.

287 1694 400 1758 Naevii
424 1694 536 1776 fragm.
560 1697 768 1761 Glaucomue:
804 1697 940 1773 quotide
962 1712 994 1754 eo
1016 1695 1134 1769 opsonio
1161 1694 1237 1753 Stilo
1266 1692 1341 1751 mii

200 1813 318 1856 manum
341 1798 480 1869 pupugit,
513 1795 586 1858 uide
609 1796 649 1859 de
672 1795 702 1859 h.
725 1795 746 1858 l.
766 1793 906 1857 lllussm.
934 1809 964 1871 p.
991 1796 1066 1869 152,
1099 1790 1153 1870 qui
1176 1792 1212 1850 de
1236 1790 1342 1851 obsoni

203 1889 341 1971 explicat
363 1907 423 1969 per
444 1903 569 1968 propter
592 1895 754 1955 obsonium.
800 1891 895 1954 Ennii
917 1887 1051 1968 Telephi
1071 1887 1109 1952 fr.
1129 1892 1182 1951 10:
1205 1890 1343 1962 Deumqn

200 1990 235 2048 dc
258 1990 378 2049 coresilio
399 1991 454 2049 hoc
481 1991 571 2050 itiner
601 1994 691 2052 credo
720 1999 857 2051 conatum
886 1991 981 2050 modo.
1027 1986 1130 2050 Plaut.
1156 1982 1240 2049 Men.
1265 1981 1308 2054 ΙΙ,
1335 1989 1343 2044 1

201 2090 257 2148 41;
283 2089 345 2146 Iam
369 2106 423 2162 ops
445 2096 474 2147 te
503 2097 600 2151 metuo
623 2091 658 2149 dc
679 2092 775 2149 eteritis
798 2090 864 2155 tuis,
887 2086 916 2150 h.
934 2104 961 2149 e.
982 2082 1155 2148 seeundum
1176 2082 1276 2146 verba
1296 2087 1342 2144 tut

202 2181 295 2245 Truc.
313 2181 354 2260 ΙΙ,
370 2187 399 2261 8,
417 2188 450 2246 2:
474 2188 548 2246 Nam
570 2189 641 2247 mihi
656 2188 692 2246 cie
706 2192 791 2246 ecreto
806 2190 933 2247 miserae
949 2186 1102 2246 condoluit
1118 2190 1215 2257 caput.
1246 2179 1342 2243 l'seat

202 2279 244 2359 ΙΙ,
268 2284 296 2357 2,
320 2283 374 2343 66:
399 2285 474 2343 Nam
499 2292 531 2344 ut
554 2288 650 2344 lassus
673 2285 799 2345 venida
822 2286 881 2343 oia.
926 2280 1017 2361 Capt.
1034 2278 1114 2360 prol.
1131 2298 1158 2341 v.
1175 2283 1229 2341 48:
1255 2282 1342 2354 itaqu

202 2381 232 2438 hi
257 2384 407 2440 coamenti
430 2382 465 2440 oie
486 2400 543 2442 seeo
563 2385 724 2450 sententio,
752 2399 780 2444 v,
804 2380 912 2444 Lamh.
937 2380 1022 2443 Asin.
1047 2377 1072 2455 Ι,
1098 2383 1125 2454 3,
1150 2381 1205 2439 58:
1238 2377 1343 2436 meod

202 2477 299 2538 studio
322 2480 420 2539 studia
443 2487 529 2540 erant
552 2488 652 2540 vostro
675 2482 782 2555 omnia,
807 2479 836 2543 h.
860 2496 887 2542 e.
912 2477 943 2541 id
965 2477 1069 2541 solum
1092 2493 1187 2556 agere
1210 2472 1343 2536 studeba

203 2572 255 2652 tis,
279 2576 364 2652 quod
380 2575 455 2637 mihi
471 2575 628 2655 placebat.
664 2574 733 2640 Cas
752 2577 794 2656 ΙΙ,
811 2581 840 2656 6,
858 2581 911 2640 63ε
935 2579 982 2636 De
1004 2579 1103 2636 labore
1124 2584 1229 2650 pectus
1254 2571 1340 2632 tundi

204 2669 298 2736 Most.
323 2672 382 2750 ΙΙΙ,
407 2677 436 2751 2,
460 2678 519 2736 86:
553 2676 588 2735 de
610 2678 739 2749 exemplo
760 2695 823 2737 areo
854 2679 921 2752 lpse
949 2676 1114 2735 aedificato.
1160 2670 1241 2734 Men.
1266 2669 1305 2746 V,
1334 2675 1343 2731 i

205 2772 259 2831 32:
293 2772 328 2832 de
354 2772 417 2831 illis
437 2773 536 2832 cereis
563 2791 634 2834 cave
664 2776 725 2834 tibi.
772 2773 861 2852 Capt.
885 2771 943 2849 111,
976 2778 1002 2849 l,
1028 2775 1082 2832 24:
1117 2772 1188 2830 sciri
1211 2771 1343 2842 extempl

205 2885 268 2927 rem
291 2871 326 2926 de
348 2873 526 2941 conpectosst
550 2873 623 2947 geri.
668 2868 783 2934 Pseud.
807 2869 832 2948 Ι,
866 2877 894 2948 5,
928 2873 1002 2931 126;
1036 2870 1072 2927 dc
1094 2871 1225 2940 conpecto
1248 2867 1342 2926 lacior

205 2967 337 3026 consutis
366 2968 450 3027 dolis.
495 2966 640 3030 Pertinet
672 2966 732 3031 huc
760 2986 777 3032 e
804 2967 983 3046 Kampanni
1010 2965 1090 3028 libro
1125 2963 1164 3026 de
1193 2967 1249 3023 Da
1280 2981 1341 3042 par

205 3078 265 3124 usu
287 3061 434 3124 Plautino
465 3082 511 3125 nr.
538 3069 576 3126 10
604 3069 637 3128 et
664 3068 709 3128 12.
755 3067 918 3145 Apponatu
948 3062 1046 3126 verbu
1077 3059 1192 3124 Handii
1223 3061 1256 3123 in
1280 3060 1342 3123 Tur

204 3157 316 3221 sellino
333 3158 374 3238 ΙΙ,
397 3178 425 3240 p.
452 3166 527 3224 214:
553 3162 656 3240 „quod
678 3165 712 3222 de
732 3165 836 3236 clipeo
858 3180 891 3222 re
910 3159 955 3236 fit,
979 3179 1017 3223 en
1038 3177 1077 3223 en
1098 3158 1265 3221 deducitur
1281 3158 1343 3221 eiu?

205 3272 266 3333 que
290 3257 417 3320 modum
441 3258 587 3339 sequitur
610 3265 643 3323 et
664 3260 806 3325 decurrit
826 3261 915 3339 quusi
937 3277 994 3338 per
1014 3257 1173 3337 regionem
1198 3253 1277 3317 eius.
1308 3254 1343 3319 St

204 3354 321 3431 quendi
337 3355 497 3419 notionem
514 3356 665 3420 Germani
681 3363 793 3421 tenent
813 3358 845 3420 in
860 3357 957 3420 verbo
974 3354 1065 3432 nom.
1111 3353 1181 3416 Huc
1201 3352 1342 3432 pertines

203 3449 357 3515 formulae
372 3454 408 3512 de
421 3457 565 3514 serrantia
581 3456 716 3522 alicuius,
732 3457 768 3515 de
782 3458 912 3524 corallio,
938 3457 975 3515 de
989 3456 1145 3519 eoloratcte,
1168 3451 1204 3510 de
1220 3453 1343 3525 exemplo

204 3549 240 3608 rie
259 3568 348 3618 more,
371 3551 405 3612 de
428 3557 582 3625 compacto,
606 3550 678 3632 nom
702 3549 953 3636 liarobreouugf‘

289 3646 392 3710 Plaut.
406 3645 491 3711 Men.
503 3647 557 3727 lv,
575 3652 603 3725 3,
622 3655 653 3713 3:
676 3653 729 3711 tibi
745 3667 781 3709 cx
796 3668 841 3710 me
856 3658 889 3711 ut
904 3654 942 3712 sit
958 3654 1054 3725 volup.
1078 3644 1193 3711 Bacch.
1207 3643 1245 3721 V,
1264 3649 1293 3721 1,
1310 3647 1343 3706 2]

206 3748 282 3820 Quid
306 3749 360 3807 tibi
381 3764 417 3806 aa
439 3746 501 3818 tilio
523 3765 601 3820 nam,
625 3765 760 3822 opsecro,
785 3750 926 3824 aegrest?
961 3747 1089 3811 Terent.
1107 3743 1204 3807 Andr.
1220 3742 1246 3819 l,
1263 3748 1292 3814 5,
1310 3745 1343 3804 3ἔ

203 3844 337 3905 Laborat
358 3860 373 3903 e
394 3844 493 3902 dolere
508 3860 596 3920 atque
613 3863 648 3904 ex
663 3847 716 3905 hoc
737 3849 848 3906 misera
870 3849 1037 3918 sollicitast,
1063 3842 1126 3920 ubi,
1150 3847 1186 3903 ut
1202 3838 1343 3903 Iacobsio

205 3938 289 4018 dicit,
306 3958 365 4019 pro
381 3936 442 4005 abl.
459 3940 606 4020 principii
622 3942 716 4006 etiam
733 3943 807 4023 poni
823 3946 951 4022 poterat
965 3941 1122 4006 ablativus
1136 3938 1232 4003 medii
1248 3937 1343 4001 omiss

203 4038 449 4116 praepositione.
487 4036 621 4118 Adelph.
644 4039 684 4120 ll,
712 4048 738 4120 i,
763 4047 818 4105 22:
847 4045 877 4102 Si
900 4044 1100 4118 possiderem,
1134 4046 1256 4101 ornatus
1281 4055 1343 4098 esst

206 4151 243 4193 ea
265 4138 323 4197 tuis
344 4138 513 4199 virtutibus.
562 4139 659 4203 hntlr.
676 4139 701 4217 Ι,
725 4148 753 4218 3,
778 4131 840 4203 ll:¹
855 4141 976 4216 gravida
997 4157 1013 4198 e
1034 4139 1228 4212 Pamphilost.

204 4273 407 4285 ——--——

275 4345 310 4409 ¹¹)
332 4348 376 4404 Sic
388 4351 469 4405 scribi
484 4352 541 4406 uult
555 4352 723 4406 Fleckeisen.
744 4369 831 4406 exerc.
847 4354 934 4407 Plani.
955 4370 982 4421 p.
1002 4354 1037 4406 28
1056 4367 1105 4420 pro
1124 4350 1194 4419 vulg.
1214 4355 1343 4419 conspecte
