3125 5075
496 350 533 386 DF.
549 349 645 387 utonis.
660 370 684 377 -
700 348 921 390 contutvC'tuvus.
1235 368 1289 425 141

137 540 301 613 misereat,
330 541 358 599 si
385 535 525 600 familiam
556 543 638 600 alere
662 542 778 613 possim
810 546 1024 605 misericordia.
1070 564 1098 609 v.
1123 548 1178 609 56:
1208 549 1292 622 Egon

136 637 219 711 patri
242 638 406 711 subrupere
422 637 541 708 possim
556 639 721 712 quicquam,
746 646 806 698 tarn
823 648 910 700 canto
934 642 1018 702 soni?
1049 660 1077 707 v.
1105 646 1180 707 134:
1204 653 1292 720 atque

135 734 234 794 occidi
264 751 378 810 qunque
406 735 507 796 Potius
535 752 621 809 quarn
657 737 752 795 cibum
779 738 997 809 praehiberem.
1042 757 1072 804 v.
1099 744 1172 805 143:
1201 744 1293 817 magis

136 850 248 906 operas
271 834 299 892 si
318 833 367 898 sit,
389 834 456 907 plus
479 841 574 891 tecum
598 833 711 905 loquar.
756 838 786 910 5,
813 839 928 914 teon:
952 836 987 897 ss·
1009 838 1046 898 dc
1069 838 1219 916 damnosis
1242 845 1294 899 sut

136 931 164 989 si
186 929 223 989 de
247 930 428 990 amatoribus
452 931 590 989 Dictator
611 932 667 1001 fiat
682 949 766 1000 ¹nnnc
791 935 916 994 Athenis
938 937 1064 1013 Atticis,
1094 938 1188 997 Nemo
1204 940 1293 1000 ,arcte-

135 1027 237 1086 ocas'at
259 1027 321 1087 filio
344 1028 434 1087 credo
456 1044 530 1087 meo.
577 1043 605 1089 v.
635 1030 669 1089 12
685 1043 768 1105 squ:

310 1126 451 1184 Homines
475 1126 523 1198 qui
545 1133 664 1199 gestent
686 1127 793 1200 quique
817 1131 986 1190 anscultant
1008 1134 1141 1205 crimina,

306 1221 339 1280 Si
362 1238 427 1281 meo
450 1222 597 1281 arbitratu
620 1223 722 1299 liceat,
746 1242 853 1284 omnes
863 1225 1021 1298 pendeant,

310 1321 452 1379 Gestores
476 1320 597 1395 linguis,
626 1322 777 1382 auditores
801 1325 930 1383 auribus

136 1435 166 1481 v.
192 1419 267 1479 141:
290 1419 498 1493 potiusquam
521 1417 550 1475 id
574 1436 630 1478 oon
653 1419 710 1489 fiat
732 1438 786 1494 ego
802 1422 887 1481 dabo.
915 1418 957 1494 ΙΙ,
974 1425 1052 1497 2,4;
1076 1424 1162 1483 nimis
1179 1420 1292 1499 [quam]

137 1516 225 1575 aelios
248 1526 361 1575 certum
387 1517 435 1588 qul
458 1515 489 1574 id
511 1514 603 1574 furiat
626 1517 701 1575 Mihi
724 1520 798 1580 cett
821 1535 849 1577 v.
872 1521 925 1580 57:
954 1521 1075 1581 Omnem
1105 1539 1168 1581 rem
1198 1530 1293 1581 tenes.

139 1611 197 1676 Ps.
223 1615 300 1687 Quid
323 1630 378 1687 ego
409 1615 438 1671 ni
461 1613 596 1671 teneam?
639 1610 703 1689 111,
728 1620 761 1692 2,
786 1619 841 1679 98:
875 1618 1015 1679 Fortasse
1045 1619 1119 1678 haec
1152 1625 1184 1677 tu
1215 1633 1292 1678 nunc

139 1713 211 1770 mihi
242 1729 299 1771 non
332 1710 436 1769 credas
469 1728 544 1785 quse
578 1714 683 1787 loquor
715 1715 758 1785 (v.
788 1710 1022 1776 Weissenborn.
1058 1718 1141 1795 synt.
1171 1727 1201 1793 p.
1232 1714 1293 1788 24).

138 1806 251 1871 Pseud.
275 1824 304 1868 v.
328 1810 404 1869 917:
431 1809 547 1882 Quippe
574 1826 629 1885 ego
650 1810 684 1867 m'
705 1814 896 1884 contemnam,
920 1812 1111 1873 Stratioticus
1134 1814 1220 1872 homo
1244 1812 1294 1887 qui

137 1906 277 1968 claeari·
305 1903 359 1979 lv,
384 1909 412 1982 5,
439 1908 492 1967 10:
516 1908 600 1966 Nunc
617 1924 672 1982 ego
684 1905 832 1968 Simonem
855 1911 894 1968 mi
917 1912 954 1970 ob
976 1912 1052 1970 viam
1077 1912 1176 1970 veniat
1196 1908 1293 1968 celim.

137 2008 168 2082 6,
193 2008 247 2068 33:
271 2004 356 2065 Unde
380 2020 415 2062 es
437 2005 479 2062 stt
501 2004 594 2063 minii
617 2000 735 2082 (sooner
760 2003 846 2079 loitte
875 2001 917 2082 ido
948 2039 983 2049 -
1007 2002 1136 2085 babent)
1183 2010 1212 2075 7,
1235 2008 1291 2069 80:

138 2104 200 2164 Uti
228 2120 325 2163 suram
353 2102 499 2180 aspicias,
526 2103 604 2162 scias
631 2121 719 2178 posse
752 2121 818 2163 eum
852 2120 956 2177 gerere
993 2121 1110 2165 crassas
1141 2104 1291 2179 conpedis.

137 2198 234 2262 Poeta
251 2195 276 2277 Ι,
300 2200 329 2275 2,
356 2201 427 2263 109;
455 2218 521 2259 nam
551 2202 687 2275 vigilante
710 2202 825 2260 Venere
851 2200 879 2259 si
904 2202 1025 2260 ueniant
1050 2200 1120 2274 des,
1148 2202 1195 2260 Ita
1225 2205 1295 2261 suut

137 2308 258 2373 turpes,
280 2298 371 2358 credo
394 2304 529 2371 ecastor,
554 2299 699 2357 Venerem
724 2300 818 2373 ipsam
842 2317 857 2356 e
882 2297 951 2358 lano
972 2298 1086 2371 fugent.
1117 2294 1292 2373 111,1,6v:

140 2397 218 2469 Quin
251 2398 341 2455 etiam
378 2395 544 2454 deciderint
576 2396 658 2456 vobis
687 2395 796 2456 femina
823 2399 853 2456 in
880 2398 958 2456 talos
986 2396 1082 2456 setim.
1127 2391 1183 2472 lv,
1206 2396 1235 2469 2,
1258 2398 1294 2458 9:

140 2494 274 2566 Quodvis
302 2510 395 2568 genus
429 2493 469 2553 ibi
498 2494 645 2554 hominum
674 2494 790 2554 videas:
826 2495 913 2567 quasi
940 2494 1141 2555 Acheruntem
1171 2493 1294 2553 smera.

142 2609 171 2650 v.
199 2592 322 2655 14:1ov
352 2597 385 2649 tn
412 2591 514 2650 rideas
540 2594 674 2652 literatos
702 2578 803 2653 fictilis
826 2595 980 2666 epistulas.
1025 2608 1054 2652 v.
1077 2593 1134 2652 42:
1158 2592 1239 2651 illum
1263 2597 1295 2650 ut

141 2689 291 2764 perdant,
318 2689 351 2746 m'
381 2690 451 2746 milri
475 2693 609 2749 metuero.
655 2708 682 2750 v.
715 2693 770 2751 52:
804 2693 909 2749 Verum
936 2692 1014 2748 enim
1044 2690 1093 2763 qni
1123 2690 1210 2748 homo
1234 2683 1295 2766 (sic

139 2781 240 2865 [¹⁰83
265 2781 344 2863 ΔΘρ
367 2787 452 2847 bene.
499 2785 659 2848 Gruterus
688 2787 836 2866 proponit
864 2785 959 2850 scribi
988 2801 1081 2865 posse
1112 2785 1197 2845 modo
1227 2783 1294 2848 sive

140 2884 237 2954 domo)
268 2901 332 2943 curn
363 2885 455 2950 norit,
485 2888 544 2943 cito
574 2885 660 2944 homo
687 2889 821 2959 pervorti
851 2890 960 2960 potest.
1005 2901 1033 2946 v.
1069 2887 1125 2946 55:
1157 2886 1293 2946 Animum

139 2982 283 3040 inducam
306 2981 393 3042 facile
418 2990 450 3040 nt
473 2983 592 3040 credam
616 2985 692 3041 istuc
723 2986 794 3055 tibi,
820 2984 854 3040 m'
880 2995 910 3042 tc
933 2984 1073 3042 nocerim.
1118 2999 1147 3042 v.
1172 2984 1211 3045 63
1234 2997 1295 3060 sq.:

142 3078 178 3137 st
201 3098 270 3138 erus
293 3098 374 3139 meus
398 3083 462 3139 med
486 3098 551 3139 csse
576 3081 704 3139 locutum
729 3083 885 3154 quoiquam
910 3082 1027 3139 mortali
1042 3080 1126 3147 sciat,
1148 3079 1294 3140 Continuo

141 3179 168 3236 is
205 3194 249 3234 me
279 3194 314 3236 ex
346 3179 527 3253 Syncerasto
557 3173 772 3251 Crurifragium
807 3178 917 3247 fecerit.
962 3193 990 3237 v.
1016 3179 1070 3239 73:
1106 3176 1158 3235 sed
1186 3178 1236 3252 qni
1265 3177 1295 3237 id

140 3272 280 3335 credam?
305 3291 330 3334 v.
348 3277 420 3336 100:
445 3277 502 3337 Uni
517 3278 616 3350 potius
635 3277 714 3335 intus
728 3292 779 3336 oro
800 3278 868 3335 odio
881 3293 967 3349 quam
982 3277 1029 3334 lric
1040 3275 1097 3333 sim
1109 3275 1191 3334 vobis
1203 3275 1294 3333 omni·

141 3375 206 3432 bns.
239 3387 267 3431 v.
287 3374 359 3434 106:
384 3374 512 3432 Remota
527 3374 553 3432 sv'
568 3373 616 3437 sit,
632 3374 681 3447 qui
698 3378 803 3435 melam
821 3391 882 3432 rem
900 3374 968 3431 mihi
986 3373 1046 3440 det,
1062 3375 1169 3432 merito
1184 3371 1295 3444 fecerit.

143 3465 181 3544 V,
207 3472 235 3545 2,
262 3472 325 3530 tl:
347 3470 379 3529 Si
409 3473 445 3530 ad
474 3489 540 3530 eam
572 3488 633 3530 rem
667 3474 753 3531 testis
777 3472 916 3542 daleam,
948 3468 1073 3541 faciam,
1103 3472 1180 3544 quod
1204 3471 1295 3531 iubes.

142 3584 170 3627 v.
195 3569 250 3629 95:
275 3569 312 3627 [ti
336 3568 407 3626 dent
430 3569 484 3628 tibi
507 3585 608 3629 omnes
632 3569 810 3643 quaerelis.
841 3574 870 3644 3,
892 3570 946 3630 31:
973 3570 1078 3628 Facias
1101 3568 1187 3628 modo
1210 3585 1296 3643 quam

142 3683 288 3725 memores
310 3666 454 3725 mavelim.
502 3672 532 3741 t,
559 3669 610 3726 ll:
635 3668 733 3725 malim
765 3668 889 3741 (versus
913 3668 963 3727 est
985 3682 1054 3728 curn
1082 3663 1199 3727 Weisio
1223 3664 1296 3728 bac·

141 3760 269 3824 chineus
293 3760 501 3832 statuendos).
547 3780 574 3825 v.
600 3768 657 3826 49:
682 3765 790 3824 Patrne
814 3765 871 3835 mi,
896 3766 938 3824 ita
960 3781 1006 3822 ma
1030 3764 1059 3822 di
1082 3752 1236 3837 amabunt,
1265 3767 1297 3823 ut

143 3877 210 3936 ego,
233 3860 338 3920 sistra
362 3861 509 3936 luppiter,
537 3863 600 3921 lam
630 3847 731 3922 hercle
762 3863 852 3922 illanc
883 3880 1002 3923 uxorem
1027 3862 1132 3921 ducam
1155 3872 1184 3921 et
1209 3863 1296 3921 Iuno-

143 3975 210 4016 nem
241 3957 398 4017 eetrudam
432 3958 514 4019 lorus
548 3956 605 4037 (sits
633 3956 725 4021 Both.
759 3957 850 4038 l'nlg.
881 3961 944 4018 Inm
976 3960 1075 4019 hercle
1107 3978 1162 4034 ego
1190 3957 1296 4031 illam).

144 4073 172 4118 v.
197 4057 258 4117 at:
285 4057 339 4115 Vix
361 4057 416 4117 hoc
439 4055 750 4118 videamarcredere.
798 4063 826 4135 5,
850 4059 882 4118 il:
914 4059 972 4116 Sed
1002 4073 1066 4116 mea
1094 4059 1189 4116 amica
1220 4074 1297 4116 nnnc

142 4154 215 4212 milri
238 4154 315 4212 irato
338 4155 451 4213 obviarn
470 4157 568 4214 veniat
586 4155 679 4216 celim.
709 4154 796 4219 Pers.
813 4153 837 4231 Ι,
857 4160 882 4232 l,
906 4160 964 4217 45:
987 4156 1135 4231 Quaeram
1151 4154 1296 4228 equidem,

141 4252 169 4310 sv'
192 4253 258 4325 quis
280 4251 388 4313 credat.
436 4249 499 4325 ΙΙΙ,
528 4255 557 4327 Ι,
582 4256 635 4314 28:
667 4256 762 4314 Etiam
794 4264 855 4315 turn
880 4256 963 4319 vivit,
993 4269 1080 4325 quom
1108 4270 1173 4310 esse
1196 4251 1299 4312 credas

143 4358 299 4409 mortuam.
346 4365 373 4409 v.
398 4354 514 4428 losa:
550 4355 602 4424 At,
632 4369 696 4410 meo
718 4353 745 4411 si
767 4353 854 4412 liceat
883 4352 984 4425 modo,
1017 4342 1176 4424 Sapienter
1199 4352 1298 4423 potius
