3125 5075
584 395 772 437 connocanro
788 397 954 437 vaneoauu.
1297 406 1359 468 219

202 589 272 646 tur.
309 580 382 645 Huc
396 580 577 661 ‘pertinent
599 583 671 649 Ter.
694 584 753 648 Ad.
778 582 821 662 ΙΙ,
845 589 871 664 1,
894 589 951 650 40:
975 604 1042 646 nam
1064 605 1119 663 ege
1141 585 1260 649 meets
1280 589 1364 649 illem

201 683 314 743 adsero
346 696 438 741 caeso
460 698 557 759 manu,
579 680 619 745 ad
643 698 672 760 q.
697 682 716 745 l.
740 683 899 747 Donatus:
924 681 1031 761 ,ordo
1054 686 1119 746 est:
1149 699 1209 761 ego
1238 681 1364 748 liberali

204 794 322 843 caussa
343 794 440 840 manu
462 776 602 843 assero.“
646 778 767 843 Eadem
792 784 843 843 est
864 777 1031 845 collocatio
1061 779 1166 845 Plaut
1197 779 1294 844 Poen.
1323 780 1362 861 V,

204 881 236 955 2,
259 881 295 939 4;
319 877 380 936 Eae
403 876 601 937 liberalitem
625 879 749 940 adseres
770 896 864 939 caesa
892 898 990 948 manu,
1018 878 1074 942 sed
1100 875 1156 953 lv,
1180 881 1209 955 2,
1232 882 1274 941 84
1297 881 1360 941 est:

203 994 293 1035 mena
317 992 368 1035 aas
391 976 522 1051 adseret,
545 976 620 1036 Sues
641 978 805 1051 populeris,
828 978 946 1038 liberali
966 994 1067 1037 causa
1113 974 1204 1039 Adde
1233 974 1361 1038 Terent.

202 1070 287 1134 Eun.
310 1068 370 1140 111,
392 1076 421 1149 2,
446 1073 504 1135 26:
526 1073 619 1133 Thais
641 1091 781 1133 macoma
805 1083 835 1135 te
858 1077 965 1136 orabat
985 1091 1081 1149 opere,
1106 1082 1138 1133 ut
1153 1092 1219 1135 orae
1235 1075 1361 1135 redires.

201 1167 365 1233 Aduerbia
391 1165 458 1231 fere
484 1174 559 1233 ante
586 1169 719 1234 verbum
747 1175 910 1250 ponuntur
936 1170 1047 1251 (Resp.
1079 1188 1108 1250 p.
1137 1174 1199 1241 38),
1226 1174 1262 1233 ut
1288 1168 1360 1233 Ter.

198 1267 300 1330 Andr.
323 1264 378 1341 IV,
402 1270 430 1339 2,
454 1269 508 1329 31:
532 1269 608 1328 Dum
631 1286 714 1343 exeo,
732 1288 902 1343 parumper
916 1273 1056 1346 opperire
1073 1271 1130 1329 bic.
1161 1266 1360 1332 Vocabulum

198 1370 344 1427 quomque
373 1368 596 1430 nonnunquam
624 1371 682 1432 per
710 1353 826 1418 tmesin
855 1373 875 1417 a
900 1353 1085 1434 pronomine
1113 1352 1257 1431 relativo,
1286 1370 1358 1416 cum

199 1468 266 1530 quo
287 1454 339 1514 est
365 1449 584 1528 compositum,
607 1450 777 1529 dirimitur,
802 1458 837 1515 ut
859 1451 930 1516 Ter.
959 1452 1057 1515 Andr.
1085 1451 1112 1529 l,
1142 1457 1169 1521 1,
1200 1454 1257 1514 36:
1286 1453 1359 1512 Cum

199 1550 309 1623 quibus
331 1554 399 1607 erat
419 1565 570 1620 quomque.
617 1556 646 1627 ὁ,
670 1552 724 1612 28:
748 1552 833 1626 Quae
855 1568 920 1611 meo
935 1567 1078 1623 pomaque
1093 1554 1190 1611 animo
1206 1551 1361 1611 lubitumst

199 1649 311 1708 tacere.
356 1642 587 1708 Attributivum
610 1644 636 1708 si
659 1650 786 1711 constat
807 1664 847 1709 ex
868 1663 978 1726 praep.
1002 1665 1072 1710 cum
1097 1645 1207 1722 subst,
1228 1650 1360 1726 postpo-

199 1744 289 1807 nitur
318 1740 508 1810 (Weissenb.
537 1747 620 1816 synt.
649 1761 678 1822 p.
701 1747 787 1819 408),
812 1742 857 1807 sic
883 1741 987 1807 Plaut.
1018 1742 1108 1823 Gapt.
1137 1741 1198 1823 ΙΙΙ,
1236 1749 1265 1820 2,
1304 1749 1359 1808 1οε

200 1844 402 1903 Philocratem
425 1858 462 1900 ex
485 1842 581 1902 Alide.
627 1839 887 1920 Praepositiones
910 1858 1007 1920 saepe
1033 1847 1282 1921 postponuntur,
1312 1842 1359 1906 sic

200 1941 239 2001 ab
274 1937 361 2002 Asin.
391 1936 417 2011 Ι,
456 1941 485 2011 l,
511 1942 584 2001 105:
608 1940 675 1999 Non
700 1957 766 2000 esse
795 1958 898 2001 seruos
924 1944 1008 2014 peior
1035 1941 1093 2000 boc
1121 1944 1274 2016 quisquam
1305 1959 1360 2015 po·

199 2045 263 2097 teet
291 2038 356 2097 Nec
384 2038 478 2112 magis
504 2045 642 2096 vorsutus
672 2054 728 2096 nec
758 2054 815 2109 quo
846 2039 883 2095 ab
911 2055 1018 2097 caveas
1047 2040 1174 2113 aegrius.
1205 2037 1258 2097 Aa
1284 2035 1357 2101 Ter.

198 2132 328 2197 Phorm.
352 2131 410 2210 111,
434 2136 463 2210 2,
488 2137 528 2196 88
551 2151 614 2211 erp:
638 2136 710 2208 dies,
733 2136 830 2210 Quem
844 2134 892 2195 od.
916 2137 1004 2207 Erpa
1023 2131 1139 2197 Heaut.
1156 2132 1182 2212 l,
1199 2138 1228 2209 2,
1247 2140 1301 2199 15:
1325 2154 1357 2198 se

199 2252 282 2309 erga.
298 2230 340 2304 ll,
358 2239 384 2302 a,
406 2237 459 2293 14:
477 2234 599 2291 Animus
612 2235 639 2290 la
650 2249 730 2305 erpa.
751 2232 843 2291 Pence
853 2228 959 2293 Pleut.
972 2229 1083 2309 Amph.
1097 2229 1140 2309 ΙΙ,
1153 2236 1182 2308 2,
1196 2236 1253 2295 21:
1271 2252 1358 2308 quem

198 2350 303 2407 penes.
326 2330 453 2404 Propter
476 2328 516 2391 ib.
531 2326 586 2404 IV,
606 2330 633 2403 l,
649 2331 685 2390 8:
701 2347 786 2401 quem
795 2334 920 2402 propter
936 2348 1044 2404 corpus
1060 2348 1143 2389 sunm
1167 2332 1263 2405 stupri
1287 2349 1358 2392 con·

198 2431 339 2505 plererit.
364 2428 423 2488 Per
437 2426 468 2489 in
484 2424 751 2488 obtestationibus
768 2424 953 2505 plerumque
969 2443 988 2487 e
1004 2442 1079 2489 casn
1095 2444 1153 2490 suo
1177 2434 1356 2503 separatur.

199 2525 253 2592 sic
268 2523 382 2590 Bacch.
395 2522 450 2602 IV,
467 2528 496 2598 8,
510 2529 567 2589 64;
584 2526 648 2586 sine
661 2544 717 2598 me,
733 2542 790 2598 per
807 2535 846 2599 te,
867 2544 918 2585 ere
936 2543 1063 2601 opsecro
1078 2525 1160 2586 Deos
1182 2526 1359 2596 inmortalis,

198 2629 242 2686 ire
260 2627 318 2685 huo
334 2627 413 2686 intro
430 2625 467 2684 ed
483 2624 584 2686 filium.
607 2621 691 2685 Men.
707 2620 744 2699 V,
758 2627 785 2699 7,
808 2627 838 2685 1:
856 2624 914 2683 Per
925 2643 980 2700 ego
992 2625 1075 2683 vobis
1086 2623 1154 2682 deos
1166 2632 1253 2698 atque
1266 2625 1359 2683 boner·-

198 2741 252 2785 κε
267 2725 344 2784 dico.
364 2720 445 2785 Rud.
468 2719 528 2796 ΙΙΙ,
551 2725 578 2794 2,
606 2725 655 2782 13;
679 2720 737 2780 Per
759 2739 814 2795 ego
834 2722 905 2782 baec
922 2740 1022 2795 pecua
1043 2731 1073 2781 te
1096 2730 1240 2797 optastor,
1257 2740 1358 2783 senex.

197 2817 280 2883 Vide
296 2819 392 2884 etiam
409 2819 468 2882 vol.
486 2818 511 2896 l,
523 2835 553 2897 p.
571 2820 642 2880 248.
666 2817 835 2881 Diversum
849 2821 965 2893 estber
980 2817 1175 2896 adverbium,
1193 2819 1277 2897 quod
1298 2835 1358 2898 pro

195 2919 285 2980 valde
307 2917 446 2996 ponitur,
463 2916 655 2994 diremptum
679 2913 719 2978 ab
742 2931 780 2978 eo
803 2914 968 2995 vocabulo,
991 2916 1041 2980 cui
1057 2916 1121 2979 vim
1136 2915 1236 2995 addit,
1266 2932 1361 2995 quam

197 3015 296 3095 vulgo
320 3015 435 3078 tinesin
458 3026 580 3078 vocant.
605 3011 708 3075 Pleut.
729 3011 798 3076 Cas,
819 3012 907 3092 11,6,
927 3017 978 3076 18:
1002 3015 1060 3073 Per
1075 3017 1224 3090 poleeepe
1238 3033 1362 3090 peccas.

198 3112 329 3177 Terent.
353 3112 450 3176 Andr,
472 3111 531 3187 ΙΙΙ,
556 3115 585 3189 2,
611 3117 643 3172 6:
666 3112 724 3170 Per
747 3121 866 3171 ecastor
888 3111 978 3170 satas
1001 3131 1084 3186 puer.
1131 3109 1207 3175 Hoc.
1231 3110 1256 3187 Ι,
1276 3116 1302 3179 1,
1323 3116 1358 3177 l:

198 3212 259 3271 Por
280 3217 331 3287 pol
356 3231 441 3286 qnam
460 3229 579 3285 paucos
602 3211 738 3285 reperias
761 3210 968 3269 meretricibus
993 3211 1105 3270 Fidelis
1129 3212 1249 3270 evenire
1279 3224 1359 3268 ama·

200 3316 297 3370 tores.
350 3308 469 3372 Extant
498 3325 572 3370 vero
602 3306 698 3370 etiam
733 3304 958 3369 collocationes
985 3305 1157 3370 verborum
1180 3305 1358 3369 sollemnes.

200 3404 255 3471 Sic
277 3407 390 3482 dicim
407 3408 508 3480 pollac
531 3404 611 3470 Ceto
634 3403 719 3467 lais
744 3422 769 3466 c.
798 3408 845 3468 19.
870 3406 919 3465 20.
948 3437 985 3445 -
1018 3402 1123 3467 Plaut.
1152 3402 1266 3482 Ampn
1300 3401 1360 3480 ΙΙΙ,

200 3513 231 3574 4,
262 3508 316 3567 16:
345 3507 529 3566 adsimulabo
551 3522 597 3564 me
636 3521 697 3565 esse
719 3506 843 3575 ebrium,
873 3500 913 3563 ad
940 3516 970 3579 q.
997 3500 1016 3562 l.
1044 3500 1202 3565 Lindem:
1255 3498 1361 3578 „Male

200 3602 357 3667 Bothius:
381 3622 441 3664 esre
462 3621 516 3663 me.
538 3599 716 3665 Pronomen
732 3597 990 3679 praeponendum
1014 3604 1084 3663 erat
1106 3617 1145 3662 en
1167 3597 1273 3663 Latini
1294 3615 1362 3661 ser·

200 3702 306 3766 monis
328 3700 587 3765 consuetudine.“
631 3699 680 3762 De
701 3700 780 3759 idem
796 3696 963 3762 coniuncto
979 3713 1051 3760 cum
1067 3714 1156 3775 pron.
1173 3697 1360 3773 demonstr,

201 3801 242 3865 de
264 3802 344 3860 dem
367 3831 409 3843 -
429 3802 516 3873 istuc,
538 3800 616 3859 idem
638 3816 698 3871 epo,
720 3798 799 3856 mem
823 3801 855 3856 lu
876 3794 948 3858 vide
970 3793 1028 3857 vol.
1060 3794 1085 3872 Ι,
1117 3812 1147 3873 p.
1176 3796 1249 3858 367.
1293 3793 1357 3856 lm·

205 3899 371 3978 perativus
399 3899 412 3957 i
439 3897 470 3960 in
500 3893 659 3959 nonnullis
689 3892 833 3957 formulis
861 3892 1015 3972 praeponi
1049 3890 1138 3957 solet.
1188 3891 1240 3956 Sic
1270 3889 1360 3970 Cept.

201 3995 263 4066 ΙΙΙ,
284 4003 317 4072 4,
342 3999 417 4059 103;
442 3998 519 4069 Quin
543 3993 694 4070 quiescis?
718 3992 753 4068 [r]
769 3994 944 4066 dierectum,
968 4010 1136 4053 cormeum
1161 4009 1196 4051 ec
1211 3990 1361 4064 suspende

203 4108 253 4172 te,
267 4095 307 4160 de
330 4110 393 4172 qno
416 4093 485 4156 loco
508 4092 585 4156 dicit
607 4090 738 4155 Boetius
761 4108 791 4168 p.
818 4094 893 4153 123:
916 4087 1030 4168 „Botb
1062 4093 1095 4153 et
1116 4088 1206 4152 Lind.
1233 4121 1277 4132 -
1304 4087 1363 4150 im·

205 4192 385 4272 peretivum
406 4193 430 4261 i,
452 4191 483 4254 in
513 4189 676 4255 codicibus
706 4194 740 4252 et
765 4188 857 4251 libris
882 4186 1048 4267 impressis
1078 4184 1129 4250 vel
1159 4183 1362 4250 deficientem

204 4289 256 4355 vel
280 4295 355 4370 post
376 4309 427 4352 ror
448 4308 543 4364 meam
565 4286 763 4362 collocatum,
787 4291 875 4350 recte
899 4276 1076 4365 posuerunt
1097 4287 1171 4348 ante
1190 4285 1360 4345 dierectum.

200 4387 353 4452 Solemm
374 4388 459 4452 enim
482 4387 599 4450 Plauto
621 4390 682 4462 est,
704 4385 737 4448 in
758 4383 818 4447 hec
841 4382 1000 4448 locutione
1022 4382 1245 4461 imperativum
1270 4397 1365 4461 prae-
