3125 5075
289 539 355 601 368
589 530 651 573 ΟΑΙ).
665 530 711 570 XV.
737 497 886 572 noir‘ritisu
912 527 1162 570 ΕΙΙΙΙΙΟΙΔΤΙΟΙΙΙΙΙ.

291 719 372 784 Tum
400 719 483 783 idern
513 726 610 800 poeta
642 720 788 802 adiungit
818 721 889 782 dam
918 717 1147 800 interrogativo
1181 721 1243 794 oui.
1267 715 1384 794 (Hand.
1413 732 1444 795 p.

293 822 374 890 329).
399 816 464 881 ΜΙΙ.
489 817 536 894 ΙΙ,
560 823 595 896 3,
620 822 659 882 26
687 819 903 880 Primumdum.
933 816 1019 881 Trin.
1042 815 1075 886 Ι,
1099 822 1135 895 2,
1159 819 1214 879 61:
1237 817 1444 877 Rimmmdum

290 920 434 994 omnium,
465 916 518 980 ubi
541 915 698 980 Lindem.:
727 915 875 996 ,πρῶτον
895 910 949 993 δὴ,
970 912 1022 976 καὶ
1042 914 1166 994 πρῶτον
1191 910 1244 994 μὲν
1265 908 1333 996 δή.“
1377 912 1443 977 ΜΙΙ

290 1012 337 1093 ΙΙ,
362 1019 395 1092 3,
417 1018 457 1079 54
480 1019 514 1079 ΙΙ
543 1011 737 1091 Trin.l,2,
762 1018 823 1078 129
852 1015 1003 1093 wem?
1462 1057 1464 1062 .

376 1111 406 1176 b.
451 1113 499 1177 De
521 1115 612 1175 dome
631 1111 704 1176 vide
727 1111 897 1176 Handium.
921 1110 993 1175 Ter.
1017 1110 1077 1175 Ad.
1100 1110 1155 1190 IV,
1178 1115 1216 1190 6,
1239 1118 1257 1176 5
1281 1128 1341 1191 sq:
1366 1113 1445 1171 domi

293 1211 414 1271 Certum
449 1213 586 1302 obsidere
625 1220 672 1271 est
705 1229 813 1287 usque,
855 1212 944 1272 domo
979 1210 1113 1271 redierit.
1171 1208 1312 1289 Antiqua
1344 1206 1446 1272 iorma

292 1310 341 1371 est
362 1309 510 1377 moisem,
533 1307 618 1389 quod
638 1306 757 1388 legitur
778 1306 882 1372 Plaut.
908 1304 979 1371 Aul.
1001 1305 1033 1377 Ι,
1057 1312 1084 1384 l,
1111 1311 1149 1371 19
1172 1312 1207 1371 ΙΙ
1229 1306 1314 1371 aiibi.

377 1423 418 1493 c.
447 1408 628 1480 Priusquam
662 1410 719 1469 aut
747 1404 937 1469 coniunctim
964 1404 1129 1483 scribitur,
1159 1409 1195 1468 ut
1221 1403 1325 1468 Plaut.
1349 1402 1444 1467 Most.

291 1501 322 1581 Ι,
351 1508 378 1579 l,
404 1506 453 1566 76.
484 1508 520 1582 3,
545 1507 602 1583 64,
626 1508 683 1567 ΙΙΙ
698 1506 789 1579 priua
810 1519 830 1566 a
851 1521 942 1578 quom
963 1501 1101 1582 divulso,
1132 1520 1196 1566 una
1224 1500 1275 1566 vel
1298 1500 1445 1581 pluribus

295 1600 427 1665 vocibus
449 1600 663 1682 interpositis,
694 1606 730 1665 ut
752 1600 879 1665 Terent.
902 1600 1019 1665 Heaut.
1042 1598 1091 1679 ΙΙ,
1113 1605 1143 1679 2,
1165 1604 1199 1664 8:
1222 1597 1338 1676 'Pergin
1369 1603 1445 1660 istuc

289 1702 382 1776 prius
404 1700 583 1777 diiudicare,
605 1719 693 1775 mmm
715 1704 775 1762 scis
798 1700 869 1775 quid
889 1702 951 1760 reri
974 1698 1051 1761 siet?

376 1796 406 1860 d.
450 1796 605 1878 Exempla
627 1796 855 1861 coniunctionis
875 1801 1032 1872 postquam
1047 1799 1122 1860 sunt
1142 1792 1246 1858 Pleut.
1268 1792 1341 1858 Cas.
1366 1791 1444 1873 prol.

291 1912 320 1958 v.
347 1900 400 1958 ll:
430 1897 505 1956 Nan:
528 1901 685 1971 ammam
711 1896 814 1972 populi
847 1913 966 1956 rumore
996 1895 1196 1955 intelleximus
1225 1891 1283 1962 (sic
1310 1889 1443 1955 Ritschi

166 1983 168 1988 ’
292 2010 417 2073 parerg.
442 2009 471 2073 p.
499 1996 566 2057 181.
593 2012 742 2057 rumorem
764 1995 814 2072 Ag
837 1996 870 2055 et
892 1990 1016 2056 Laden.
1041 2009 1119 2054 mus.
1145 1989 1190 2054 rii
1214 1988 1280 2064 ΙΙΙ,
1305 2007 1335 2069 p.
1364 1991 1442 2062 185).

291 2089 332 2154 ib.
355 2109 385 2153 v.
414 2095 454 2155 47
462 2111 470 2150 :
503 2091 661 2165 morosam
687 2110 723 2152 ea
753 2092 883 2152 adolevit
909 2090 947 2151 sd
975 2109 1040 2151 eam
1070 2099 1196 2151 aetatem
1228 2088 1288 2160 (sie
1310 2085 1442 2151 Ritschl.

292 2204 420 2268 pererg.
443 2205 473 2268 p.
498 2190 580 2264 237).

378 2302 405 2349 Ι.
452 2286 525 2348 cum
552 2304 576 2349 s.
600 2305 686 2361 quom
712 2302 774 2350 sec.
802 2284 961 2350 Handium
991 2284 1125 2349 Turseli.
1149 2283 1195 2364 ΙΙ,
1226 2301 1256 2363 p.
1281 2287 1341 2347 261
1370 2290 1443 2347 tern-

293 2382 381 2463 poris
403 2380 578 2451 definitioni
601 2400 639 2447 eo
661 2382 755 2447 ruodo
776 2381 918 2460 inservit,
941 2387 979 2446 ut
993 2383 1073 2447 duas
1090 2400 1142 2447 res
1156 2382 1283 2445 interno
1307 2381 1440 2460 quodam

292 2498 375 2545 nexu
397 2481 430 2545 in
453 2487 596 2561 tempore
623 2480 829 2546 cohaerentes
859 2477 1025 2562 significet.
1002 2480 1132 2546 tSed
1162 2478 1240 2544 haec
1263 2478 1440 2545 coniunctio

294 2579 327 2643 iu
350 2578 530 2643 doctriuat
516 2585 694 2658 temporum
718 2587 751 2644 et
766 2580 956 2644 modorum
948 2598 1010 2644 rarn
1026 2578 1104 2643 sstis
1119 2584 1258 2669 tractata
1274 2587 1334 2643 cst.
1367 2576 1440 2640 Vide

294 2685 464 2758 praeterea
495 2676 534 2741 de
563 2677 782 2743 coniunctione
810 2696 897 2753 quom
919 2680 1061 2754 extemplo
1088 2676 1147 2739 vol.
1178 2674 1209 2753 Ι,
1236 2694 1266 2755 p.
1298 2680 1380 2756 102,
1408 2675 1441 2739 de

294 2794 446 2850 paom-
402 2781 528 2836 -tmn
550 2775 590 2840 ib.
614 2793 644 2854 p.
670 2779 739 2841 109.
1485 2774 1487 2779 ’

381 2879 430 2936 55.
477 2874 700 2936 Comissationes
721 2876 865 2937 ceresolas.
910 2892 936 2938 a.
954 2875 1012 2937 De
1032 2875 1111 2948 quod
1132 2890 1160 2933 v.
1182 2870 1242 2936 vol.
1267 2871 1293 2940 Ι,
1317 2890 1348 2951 p.
1375 2878 1439 2947 244,

295 2970 410 3050 quibus
433 2971 586 3050 exemplis
607 2970 689 3034 adde
713 2970 815 3034 Plaut.
838 2970 952 3035 Bacch.
976 2970 1030 3051 IV,
1055 2978 1089 3050 9,
1118 2974 1190 3035 150:
1221 2990 1272 3032 vos
1303 2991 1383 3033 nunc
1409 2989 1438 3030 ne

296 3071 441 3129 miremini
470 3071 555 3146 Quod
581 3088 638 3130 non
666 3071 825 3144 triumpho·
843 3073 928 3148 (post
959 3070 1092 3133 verbum
1121 3066 1254 3132 affectus
1284 3068 1439 3147 positum).

295 3164 391 3229 Poen.
416 3164 454 3243 V,
478 3172 507 3245 2,
534 3172 609 3230 117;
632 3168 748 3228 Iterum
770 3170 840 3227 mihi
863 3174 968 3243 gustus
991 3170 1102 3242 videor,
1125 3168 1203 3241 quod
1219 3176 1247 3226 te
1272 3171 1403 3243 repperi.

380 3263 410 3328 b
454 3267 534 3341 Quia
554 3263 667 3328 Naevii
690 3263 916 3329 Proiectusir.
941 3270 977 3328 2:
1005 3268 1086 3343 Quia
1114 3269 1250 3341 imperas.
1299 3262 1380 3328 Cato
1410 3262 1440 3325 ΙΙ

295 3362 332 3426 R.
357 3380 382 3427 c.
407 3364 443 3425 6:
466 3382 503 3425 eo
524 3365 597 3437 quia
618 3363 739 3424 inditur.
784 3362 887 3425 Plaut.
911 3360 1001 3441 Capt-
1026 3362 1075 3441 ΙΙ,
1101 3369 1127 3442 1,
1151 3367 1186 3426 9:
1214 3367 1254 3423 nt
1278 3381 1333 3424 nos
1357 3364 1439 3439 pudet

295 3463 369 3535 maio
388 3480 453 3522 oum
477 3463 590 3522 eatenis
613 3479 721 3523 sumus.
756 3456 847 3523 Cure.
872 3458 918 3539 ΙΙ,
943 3465 976 3538 3,
1001 3464 1057 3525 64:
1080 3471 1148 3537 Ι,,ΙΙ
1170 3463 1241 3537 quid
1264 3481 1331 3521 eum
1356 3460 1440 3523 vis?“

289 3549 372 3631 ‘quia
403 3560 438 3619 de
466 3577 501 3619 ao
532 3561 590 3618 emi
616 3561 759 3634 virginem
787 3555 842 3602 —'
845 3558 946 3622 .Ι)Ι
979 3556 1047 3622 loco
1071 3557 1141 3623 Cas
1165 3556 1210 3637 ΙΙ,
1234 3564 1271 3636 3,
1302 3564 1345 3622 44
1376 3557 1440 3620 vide

288 3655 315 3731 -ξ
339 3659 424 3719 48Ι.
469 3652 547 3729 cist.
571 3653 737 3733 1,1‚8s:
767 3658 840 3730 quia
868 3674 923 3732 ego
952 3662 1021 3719 nolo
1050 3674 1096 3717 me
1125 3659 1315 3717 meretricem
1346 3660 1440 3718 dicier

295 3772 323 3815 v.
357 3757 432 3816 104:
459 3755 632 3815 iratast-
652 3756 731 3832 Quia
758 3772 816 3815 nou
847 3758 997 3816 redierim.
1041 3752 1132 3835 Epid.
1161 3751 1216 3828 IV,
1242 3758 1278 3830 2,
1312 3758 1344 3817 6:
1371 3756 1441 3831 Qaio

295 3851 373 3912 bane
396 3869 451 3927 ego
478 3870 554 3926 quae
584 3856 641 3912 siet
661 3855 765 3929 Neque
793 3855 855 3914 scio
886 3870 980 3928 neque
1011 3855 1087 3912 nori.
1132 3869 1160 3912 v.
1185 3855 1238 3913 26:
1272 3854 1440 3926 peristasim

286 3958 413 4023 gnatam
444 3946 557 4010 ratu's?
608 3948 721 4013 Bacch.
751 3948 782 4028 1,
816 3956 845 4026 l,
873 3954 914 4013 24
937 3966 997 4029 sq.:
1032 3951 1069 4010 ob
1104 3967 1169 4010 eam
1201 3969 1263 4009 rem
1293 3983 1336 3992 -—
1358 3951 1441 4029 Quia.

294 4042 412 4107 Pseud.
436 4044 468 4123 Ι,
494 4050 525 4114 i.
553 4049 628 4109 105:
662 4050 752 4124 Atqui
774 4048 805 4109 id
827 4048 958 4109 futurum
980 4050 1072 4126 unde,
1102 4048 1178 4108 unde
1208 4049 1308 4107 dicam
1337 4051 1439 4119 neseio,

290 4145 360 4203 Nisi
391 4145 464 4216 quia
492 4144 665 4218 iuturumst,
700 4144 753 4209 ubi
784 4147 856 4219 qaia
884 4161 943 4225 pro
966 4160 1030 4208 ΙΙΙ.
1060 4160 1130 4209 cum
1157 4141 1210 4207 ini.
1234 4144 1376 4224 positum
1399 4148 1440 4208 est

285 4240 389 4303 ¹simili
412 4240 504 4305 modo
527 4258 564 4304 ee
586 4242 664 4316 qaod
684 4243 737 4306 As.
762 4241 788 4320 Ι,
815 4249 848 4321 l,
873 4246 924 4322 37,
946 4241 986 4309 de
1009 4258 1072 4322 quo
1094 4240 1164 4306 loco
1186 4241 1260 4305 vide
1284 4243 1346 4305 vol.
1371 4241 1396 4319 I,
1416 4258 1439 4320 p.

290 4343 367 4402 244.
390 4339 485 4404 Poen.
508 4339 546 4417 V,
569 4345 599 4418 4,
622 4344 677 4404 40:
707 4341 778 4415 quio
810 4359 857 4403 me
880 4359 980 4403 amare
1009 4344 1086 4402 hanc
1113 4344 1179 4403 seit.
1224 4356 1253 4403 v.
1279 4344 1330 4405 69.
1355 4340 1439 4404 Truc.

295 4433 378 4514 11‚2‚
393 4442 443 4501 16:
466 4441 544 4516 Quia
559 4441 633 4499 tibin
649 4455 737 4501 suaso
753 4437 894 4516 iniecisti,
916 4441 1106 4516 propudiosa,
1128 4440 1282 4514 pallulam.
1307 4456 1338 4501 v.
1352 4445 1391 4502 34
1402 4455 1439 4517 sq.

295 4531 423 4598 Terent.
446 4536 543 4601 Andr.
575 4534 629 4616 iv,
654 4541 690 4615 3,
716 4541 755 4602 13
774 4551 838 4615 etp:
873 4539 966 4612 Quam
993 4539 1095 4599 obrem
1116 4538 1148 4597 id
1176 4545 1240 4597 tuta
1264 4555 1325 4599 uon
1350 4534 1438 4600 iacis?
