3125 5075
507 354 547 395 DE
562 355 659 397 noma
673 377 695 388 -
712 357 935 401 cormacum.
1235 370 1299 436 188

136 559 198 701 aa?
224 541 325 702 figeac
346 544 414 603 -3
458 541 587 607 Phorm.
617 542 682 617 111,
714 549 812 626 1,1e
841 547 921 613 cani.
950 564 1056 629 preca
1085 483 1297 620 aereaere

151 656 285 703 a.1n.

225 735 258 810 dt
288 734 525 817 Significatione
548 748 638 803 mena
662 755 722 803 aar
737 739 868 821 saepias
882 741 1100 823 poniturcam
1121 745 1295 826 negatione

134 852 185 913 ne,
208 837 247 898 ut
266 834 422 900 terminus
445 833 655 917 significetur,
682 837 768 902 ultra
792 855 887 918 quem
915 840 1077 907 sententia
1102 859 1166 907 non
1192 842 1295 923 possit

136 931 276 996 extendi.
322 934 428 1013 Atque
455 932 535 999 haec
569 938 619 999 est
651 936 846 1016 exceptionis
873 935 991 1016 forme,
1017 955 1082 1018 qua
1106 936 1163 1004 'ree
1188 940 1296 1020 aliqua

136 1028 324 1095 conceditur
346 1049 384 1095 ex
407 1030 532 1111 reliqua
553 1037 648 1112 parte
670 1030 788 1113 (Hand.
813 1033 833 1097 l.
856 1052 881 1099 c.
904 1053 934 1116 p.
959 1038 1042 1108 325).
1070 1035 1199 1104 Plenius
1214 1039 1295 1105 haec

136 1127 298 1192 sententie
320 1127 459 1193 traditor
481 1128 589 1193 addito
604 1128 760 1196 vocabulo
776 1134 875 1197 modo:
899 1132 983 1197 unde
998 1130 1035 1197 fit
1049 1152 1147 1200 unam
1161 1136 1295 1203 verbum

132 1226 302 1287 camerado.
334 1223 483 1290 Ceterum
500 1226 596 1290 etiam
618 1227 809 1307 interposito
830 1228 893 1294 elio
914 1230 1013 1295 verbo
1035 1230 1153 1298 dicitur
1166 1236 1238 1297 dam
1251 1265 1295 1280 —

134 1324 221 1384 modo
243 1324 417 1417 seperatim
440 1323 558 1400 (Hand.
582 1340 613 1403 p,
638 1329 722 1397 327).
767 1324 847 1391 Ceto
869 1326 906 1389 R
928 1326 967 1391 R.
990 1345 1017 1392 c.
1042 1332 1076 1392 5:
1099 1333 1181 1407 opas
1203 1335 1294 1393 rusti·

136 1440 205 1483 cum
227 1420 314 1484 omne
338 1430 423 1484 caret
449 1427 493 1484 nti
525 1426 600 1485 sciat
630 1424 748 1500 facere,
784 1435 815 1487 et
842 1428 871 1487 id
901 1426 994 1487 faciat
1021 1444 1127 1504 saepe,
1158 1430 1230 1491 dam
1256 1445 1296 1491 ne

135 1523 235 1583 laesae
258 1522 321 1594 fiat.
342 1558 346 1565 -
367 1517 400 1584 Ο.
432 1525 487 1586 33:
518 1523 612 1597 Quam
641 1526 815 1585 altissimam
844 1524 960 1585 vineam
988 1522 1081 1585 facito
1111 1528 1294 1603 alligatoque

135 1626 236 1695 recte,
263 1619 335 1680 dam
355 1635 393 1679 ae
414 1622 535 1680 nimium
557 1624 752 1696 aaronque.
798 1618 831 1683 C.
856 1624 911 1683 50:
940 1622 1023 1695 Quae
1054 1624 1241 1685 aasaaima
1262 1628 1295 1685 et

134 1719 333 1793 equoaisoima
356 1726 457 1791 erunt,
481 1735 518 1778 ec
539 1726 721 1793 postremum
742 1728 836 1787 aceto,
857 1720 928 1779 dam
942 1735 980 1778 roe
993 1721 1077 1794 prius
1091 1720 1293 1784 obdurescant

135 1812 240 1877 Plauc
263 1813 377 1893 Amph.
401 1813 444 1893 11,
467 1819 496 1893 2,
521 1818 576 1879 13:
604 1815 675 1875 dam
696 1818 890 1879 madelando
920 1824 1011 1892 parte
1039 1818 1156 1878 domum
1178 1835 1213 1878 ae
1235 1818 1295 1879 Re·

133 1914 238 1986 apiae.
269 1910 329 1989 ΙΙΙ,
352 1918 382 1988 4,
409 1915 462 1975 13:
485 1914 556 1974 dam
577 1914 663 1974 modo
686 1917 716 1975 id
739 1916 895 1989 fiatbono.
928 1911 1146 1991 ΑΒ.Ι,3,Ι4;
1169 1916 1294 1993 Semper
1329 1988 1331 1992 ¹

135 2012 192 2071 tibi
213 2013 392 2085 promiscum
415 2012 524 2073 habeto
546 2012 602 2072 hec
625 2016 707 2089 lege,
729 2014 800 2072 dam
821 2029 940 2086 supereo
967 2012 1056 2073 datie.
1100 2010 1174 2075 Aul.
1195 2010 1239 2091 Π,
1264 2016 1293 2093 2,

136 2111 194 2171 34;
215 2109 299 2169 Dum
321 2110 440 2184 quidem
462 2126 499 2169 roe
517 2112 712 2183 perconteris,
734 2112 812 2186 quod
827 2128 885 2170 non
899 2110 1004 2169 lubeet
1017 2112 1163 2185 proloqui
1187 2128 1216 2173 v.
1233 2112 1292 2172 62:

135 2206 304 2267 Dummodo
328 2214 442 2267 morata
464 2215 547 2267 recte
569 2209 681 2284 veniat,
712 2209 845 2269 dototest
872 2209 955 2267 satio.
1000 2204 1068 2283 111,
1092 2209 1121 2281 5,·
1148 2211 1202 2269 17:
1227 2210 1293 2281 Quo

135 2291 254 2378 lubeat,
276 2308 399 2390 amabant,
422 2305 491 2363 dam
513 2322 550 2365 ac
572 2308 626 2368 dos
648 2308 705 2379 fiat
726 2323 836 2367 comes.
881 2301 973 2382 θερί.
997 2300 1077 2383 prol.
1100 2318 1128 2365 v.
1156 2306 1211 2367 32:
1241 2306 1295 2367 Nil

133 2405 234 2478 pretio
257 2406 369 2478 parsit,
400 2403 462 2463 filio
490 2404 562 2463 dam
582 2409 722 2478 parceret
743 2431 787 2451 =
808 2400 979 2466 dummodo
1011 2397 1076 2464 filio
1098 2416 1156 2464 suo
1179 2417 1294 2464 consu·

134 2498 220 2565 leret
243 2502 319 2564 cett.
344 2498 476 2572 (bamb.)
496 2497 557 2579 ΙΙΙ,
572 2505 602 2580 4,
619 2505 677 2566 76:
699 2502 782 2562 Dum
797 2503 866 2564 ictio
881 2502 985 2563 itidem
1007 2500 1168 2561 vinciatur,
1199 2496 1292 2566 Cure.

133 2597 215 2677 1,.1‚
240 2602 295 2663 36:
319 2601 415 2660 Nemo
436 2599 481 2659 ire
505 2618 681 2677 quemquem
704 2604 826 2678 puplica
847 2600 987 2676 prohibet
1009 2600 1066 2673 vie,
1088 2598 1171 2658 Dum
1185 2615 1222 2658 ae
1237 2617 1293 2674 per

133 2697 257 2769 fundum
280 2705 416 2772 saeptum
439 2698 536 2770 facr'at
558 2702 702 2760 semitam.
748 2696 819 2762 Cas.
842 2694 885 2776 Π,
908 2699 938 2774 5,
962 2699 1019 2760 23:
1047 2697 1131 2758 Unus
1157 2698 1215 2757 tibi
1242 2699 1292 2758 hio

131 2796 208 2856 dam
229 2798 378 2872 propitius
401 2799 443 2856 eit
463 2799 608 2871 Iuppiter.
653 2795 747 2876 Epio.
771 2794 814 2874 11,
839 2800 868 2874 2,
892 2799 949 2858 87:
973 2795 1075 2856 facere
1098 2797 1185 2869 cupio
1206 2796 1291 2870 quid·

132 2895 189 2968 vis,
212 2895 284 2956 dam
305 2896 335 2954 id
358 2895 413 2966 fiat
433 2895 526 2954 modo.
570 2892 630 2968 111,
653 2896 683 2969 2,
709 2897 762 2958 12:
789 2896 873 2955 Dum
895 2895 950 2954 tibi
972 2910 1027 2969 ego
1044 2893 1182 2966 placeam
1201 2899 1291 2968 etque

131 2995 284 3065 obsequar.
328 2988 444 3054 Bacch.
467 2989 527 3068 ΙΙΙ,
552 2995 582 3068 3,
608 2994 663 3054 14:
686 2992 768 3049 Dam
790 2996 931 3052 caveatur
953 2998 1075 3075 praeter
1097 3008 1222 3066 aequom
1239 3008 1291 3050 ne·

131 3093 205 3166 quid
228 3092 398 3166 delinquet,
430 3093 504 3153 aine.
548 3086 604 3162 lv,
627 3091 658 3159 8,
681 3091 740 3152 26;
771 3088 855 3147 Dum
883 3106 920 3148 ne
948 3087 1115 3149 manufesto
1142 3088 1291 3148 hominem

130 3190 285 3262 opprimat
305 3205 377 3249 reeoe
398 3189 498 3250 enicet.
543 3191 574 3266 9,
599 3190 673 3249 125:
702 3187 748 3246 Ne
770 3188 823 3246 ille
846 3185 954 3260 edepol
976 3187 1091 3273 Ephesi
1113 3187 1207 3245 multo
1229 3203 1291 3246 ma·

131 3289 245 3369 vallem„
263 3286 351 3360 foret,
374 3287 457 3345 Dara
478 3288 576 3346 calvos
599 3288 680 3346 esset.
704 3280 771 3345 Mil.
794 3280 855 3359 III,
879 3286 908 3359 3,
932 3285 988 3345 20:
1011 3282 1094 3342 Dum
1108 3298 1146 3341 roe
1161 3284 1290 3344 seientes

129 3385 203 3460 qaid
226 3385 334 3445 bonam
357 3384 515 3457 faciamus,
539 3400 576 3443 ne
600 3381 736 3443 formida.
765 3377 862 3444 Mero
878 3377 921 3456 Π,
938 3383 968 3458 3,
991 3381 1050 3442 89:
1072 3379 1156 3439 Dum
1171 3380 1290 3455 quidem

130 3485 236 3543 hercle
258 3500 295 3543 ae
317 3484 441 3542 minoris
463 3481 576 3542 cerodae
599 3496 685 3555 quem
709 3497 764 3554 ego
787 3480 854 3539 emi.
884 3475 972 3540 Pers.
995 3475 1021 3552 1,
1046 3479 1075 3555 3,
1092 3478 1148 3539 66:
1172 3479 1290 3550 Quaeso

129 3582 235 3641 hercle
258 3597 305 3640 me
328 3597 445 3656 quoque
474 3581 563 3639 etiam
586 3578 715 3651 vendas,
744 3579 770 3638 ci
793 3577 885 3643 labet,
908 3577 992 3636 Dum
1013 3581 1146 3635 catarum
1168 3574 1290 3640 aenda.

128 3676 186 3756 lv,
210 3681 241 3755 4,
266 3680 346 3741 105:
369 3679 452 3737 Dum
474 3678 593 3752 quidem
615 3693 653 3735 ac
674 3676 763 3735 nimis
785 3675 836 3735 dia
859 3680 912 3733 tae
925 3675 991 3741 circa
1013 3674 1091 3733 volo.
1134 3670 1216 3735 Rud.
1232 3669 1290 3751 IV,

128 3780 161 3854 4,
178 3779 234 3839 56:
257 3779 364 3838 Omnia
385 3793 441 3852 ego
456 3777 551 3836 istaec
567 3773 657 3835 facile
679 3775 789 3848 patior,
812 3772 884 3832 dom
906 3772 955 3832 hic
978 3771 1047 3830 hinc
1069 3787 1088 3830 a
1108 3787 1155 3830 mc
1170 3771 1289 3833 sentiat.

128 3872 218 3938 Trin.
242 3871 269 3953 Ι,
292 3877 322 3952 2,
346 3877 400 3938 30:
428 3875 513 3934 Diam
535 3873 653 3949 quidem
677 3873 780 3931 hercle
803 3876 901 3930 tecum
917 3878 1010 3944 nupto
1031 3870 1080 3944 eit,
1103 3885 1175 3928 sane
1191 3870 1299 3929 velim..

129 3969 188 4049 IV,
212 3975 242 4051 2,
268 3974 345 4036 137:
366 3973 451 4033 Dum
472 3974 524 4033 ille
546 3988 584 4031 ae
605 3971 647 4030 cis
670 3986 757 4046 quem
781 3985 836 4043 ego
859 3984 927 4028 esse
949 3969 1029 4041 nolo,
1052 3969 1093 4028 aie
1110 3983 1176 4026 mea
1198 3982 1292 4028 cauce

128 4071 295 4147 quilebet.
341 4067 434 4133 Truc.
457 4067 519 4148 IV,
544 4071 578 4148 2,
607 4072 661 4132 33:
691 4069 835 4142 Discunt,
863 4065 935 4126 dam
969 4066 1041 4124 mihi
1069 4066 1202 4138 argutari
1231 4061 1292 4135 (sic

126 4165 242 4247 Both,
266 4163 349 4248 ΔΘρ
372 4170 534 4243 argentari,
556 4163 642 4245 vulg.
665 4164 880 4241 argumentari)
902 4164 998 4237 liceat,
1020 4165 1052 4221 ni
1074 4163 1184 4223 oblitae
1207 4164 1292 4221 ciem.

128 4267 260 4333 Terent
282 4265 381 4330 Andr.
405 4263 462 4344 IV,
489 4269 516 4342 1,
540 4268 595 4329 53:
620 4265 715 4327 debeo
737 4263 912 4338 -Capitis
934 4262 1081 4336 periclum
1104 4260 1196 4333 edire,
1219 4259 1292 4318 darc

124 4369 240 4443 macter
262 4367 326 4429 tibi.
357 4363 396 4443 V,
422 4365 450 4443 1,
467 4367 499 4427 6:
523 4364 606 4424 Dare
626 4365 657 4425 io
677 4363 804 4441 effictae,
826 4361 905 4437 quod
927 4360 1022 4434 copie,
1044 4360 1148 4434 Neque
1171 4357 1293 4420 modun
