3125 5075
460 378 485 415 N.
514 379 686 419 euououro'a
701 381 873 420 INDEFINITA
889 382 926 421 Er
941 382 1117 421 Nullaltanla.
1301 398 1362 452 401

231 545 302 615 notu
325 550 503 633 negationis
529 553 652 633 species
681 554 733 620 vel
761 554 891 620 minima
916 555 1021 621 inest?
1064 553 1187 636 Nempe
1215 554 1285 637 ipsa
1316 557 1365 625 vis

227 647 357 730 omousi
377 665 443 714 non
463 667 504 716 ex
524 649 588 716 illis
610 651 733 732 verbis,
766 652 822 718 sed
845 672 884 718 ex
906 652 1001 734 longa
1023 652 1124 734 ellipsi
1147 657 1199 719 est
1218 654 1365 736 petenda,

223 745 301 827 quasi
321 744 443 814 mean
458 755 544 814 esset
563 749 699 828 aDavo‚
722 752 812 813 Nunc
833 752 951 825 quidem
972 770 1064 826 aeque
1083 753 1240 827 quiequam
1260 770 1363 833 norro,

217 864 248 908 oc
270 864 365 908 mo
392 851 475 915 acac,
503 849 622 921 quaudo
650 850 729 909 sciuit
748 858 869 913 norro.“
912 849 1034 928 Aegre,
1066 847 1095 913 si
1121 849 1221 915 verba
1250 855 1363 931 poetae

213 942 297 1027 legis,
319 942 404 1008 hanc
426 942 554 1024 ellipsin
576 963 615 1010 ex
636 947 675 1012 iis
695 946 851 1025 elicueria
874 944 974 1010 multo
996 944 1119 1011 facilius
1134 950 1168 1010 et
1189 946 1362 1028 simplicius

209 1041 318 1108 estsio
331 1040 483 1122 supplere
504 1040 599 1108 haec:
622 1062 724 1124 aeque
747 1043 914 1125 quicquam
936 1062 1020 1109 nunc
1042 1044 1168 1125 quidem
1190 1049 1286 1125 atque
1308 1064 1362 1110 an·

206 1145 265 1207 aa
289 1137 384 1217 uuae
403 1139 520 1205 Ritteri
542 1140 583 1205 de
604 1140 654 1205 his
675 1141 781 1206 verbis
804 1148 855 1206 est
869 1141 1040 1208 sententia:
1064 1144 1244 1220 „Quicquam
1266 1160 1362 1224 quum

204 1238 332 1304 mnnisi
356 1237 389 1302 in
413 1238 588 1304 enunciatis
610 1239 800 1320 negantibus
823 1237 1026 1318 adhibeatur,
1059 1239 1196 1305 indidem
1219 1240 1284 1320 ipsi
1306 1259 1362 1307 ue·

208 1335 301 1420 gandi
315 1334 369 1400 vis
396 1335 487 1416 quasi
507 1335 683 1417 adhaesit‚“
708 1355 777 1402 eam
800 1354 914 1401 vereor
936 1345 972 1401 ot
994 1337 1139 1418 cuiquam
1160 1338 1360 1418 persuadeat.

284 1433 314 1502 h.
345 1436 513 1514 (luisqm
525 1438 657 1511 positum
678 1438 711 1495 in
732 1437 885 1498 sententiis
906 1437 1085 1511 negantibus
1106 1438 1153 1497 vel
1172 1439 1361 1513 iuterrogati-

207 1535 265 1606 aa,
281 1552 417 1610 quoram
437 1537 482 1595 vis
504 1539 547 1596 eat
566 1536 715 1609 aequabo.
760 1532 855 1597 Ennii
877 1533 979 1597 annal.
1003 1532 1025 1597 l.
1048 1531 1156 1613 XVII,
1178 1531 1216 1597 ir.
1240 1538 1273 1597 7:
1307 1554 1359 1596 ne-

204 1650 258 1712 μ
279 1651 414 1709 corpora
435 1633 522 1693 firma
535 1634 717 1709 Longiscunt
739 1634 904 1706 quiequam.
948 1630 1001 1696 Fr.
1021 1629 1080 1696 inc.
1096 1635 1179 1711 trag.
1196 1635 1250 1695 27:
1274 1632 1358 1709 [Um-

201 1731 298 1809 qum]
329 1733 488 1806 qumquam
515 1732 670 1804 qubqqom
696 1731 849 1803 cuiquam,
881 1732 959 1807 qood
989 1732 1018 1790 ei
1047 1732 1217 1808 conveniat,
1251 1732 1358 1806 neget?

202 1826 299 1896 Ennii
316 1826 423 1892 annal.
439 1826 547 1906 LVII,
568 1825 606 1890 fr.
628 1831 655 1905 1,
678 1844 706 1887 v.
727 1830 805 1891 223:
830 1829 901 1888 Cum
924 1846 1020 1904 neque
1043 1829 1195 1891 Musarum
1219 1832 1357 1904 scopulos

197 1930 359 2004 meam
381 1934 546 2003 superarat.
590 1922 628 1988 fr.
653 1928 682 2002 2,
704 1942 733 1987 v.
759 1929 790 1987 1:
824 1927 887 1984 Nec
910 1926 1068 1998 qaisquam
1097 1956 1132 1967 -
1160 1926 1292 2002 sophiam
1318 1959 1355 1970 —

200 2027 233 2088 ln
254 2026 371 2088 somma
393 2024 467 2085 vidit
487 2026 580 2100 prius.
625 2020 644 2084 l.
667 2019 756 2100 VIII,
779 2043 806 2085 v.
829 2025 905 2086 399:
930 2024 1161 2099 Haudquaquam
1183 2040 1358 2098 qrcanqaom

201 2141 322 2200 semper
347 2121 468 2184 fortuna
490 2129 593 2183 secuta
616 2127 671 2181 est.
714 2118 819 2183 Plaut.
842 2116 956 2182 Bacch.
976 2117 1034 2196 111,
1058 2124 1087 2195 4,
1111 2124 1144 2183 5:
1178 2122 1254 2181 Nam
1284 2123 1358 2182 mihi

202 2220 294 2284 divim
322 2238 480 2296 numquam
510 2220 666 2293 qaisquam
695 2220 828 2279 credaat.
873 2214 944 2279 Aul.
966 2214 1008 2292 ΙΙ,
1038 2220 1067 2295 2,
1096 2219 1127 2279 2:
1162 2235 1228 2277 nam
1258 2236 1354 2294 neque

202 2321 359 2394 quiequam
382 2318 544 2378 Coriallum
567 2319 665 2392 Venit,
691 2318 765 2379 cett.
790 2311 902 2393 Amph.
926 2312 1005 2393 prol.
1028 2331 1057 2377 v.
1076 2317 1149 2377 130:
1173 2316 1254 2375 Haut
1275 2316 1358 2387 quis·

203 2436 290 2492 psam
311 2424 437 2493 quaeret
459 2418 510 2491 qai
532 2417 604 2476 siem
628 2423 679 2476 aut
702 2415 771 2491 quid
794 2415 934 2473 venerim.
972 2409 998 2491 1,
1024 2416 1051 2490 1,
1075 2415 1093 2473 5
1116 2426 1177 2490 sq:
1199 2413 1263 2473 Nec
1286 2431 1354 2473 cau-

205 2534 263 2578 sam
290 2517 382 2577 liceat
410 2515 511 2576 dicere
539 2515 611 2574 mihi
641 2530 736 2591 neque
764 2514 795 2573 in
825 2529 876 2573 ero
906 2510 1064 2585 quiequam
1090 2511 1181 2572 auxili
1208 2509 1271 2570 Siet
1298 2529 1353 2573 nec

204 2617 356 2689 meam
384 2616 423 2675 sit
452 2614 522 2689 quio
545 2631 591 2672 me
615 2629 716 2672 omnes
741 2629 806 2672 esse
835 2611 952 2686 dignum
978 2611 1129 2686 deputent.
1173 2605 1199 2685 1,
1226 2612 1252 2684 1,
1275 2611 1352 2678 3032

206 2713 274 2774 liro
296 2714 342 2783 tit,
361 2712 439 2788 quod
462 2729 618 2786 numquam
641 2710 797 2783 quisquam
818 2718 934 2770 mortuo
957 2707 1047 2767 faciet
1069 2708 1148 2766 mihi.
1185 2703 1224 2785 V,
1249 2710 1276 2785 l,
1300 2709 1354 2769 52:

205 2809 303 2887 Neque
335 2828 401 2871 eom
429 2810 584 2882 quisqqooz
612 2810 764 2883 conligare
795 2809 888 2882 quivit
920 2806 1114 2866 incunabnlIs.
1157 2802 1238 2867 Rau.
1268 2803 1293 2883 Ι,
1324 2809 1353 2884 2,

206 2912 241 2975 4³
255 2925 316 2987 sq:
340 2909 408 2969 Non
430 2909 543 2980 hercle,
567 2907 752 2978 adulescens,
775 2907 834 2964 iam
858 2905 911 2964 hos
934 2905 997 2964 dies
1021 2905 1227 2978 conplusculos
1249 2905 1353 2981 Quem-

207 3023 287 3080 quam
309 3009 380 3068 istic
402 3007 461 3068 uidi
484 3005 674 3067 sacruficare.
718 3000 759 3075 ΙΙ,
779 3006 806 3079 l,
826 3004 878 3064 12:
901 3003 1004 3077 Neque
1027 3001 1183 3073 quicquam
1206 3009 1354 3076 captumst

207 3108 336 3181 piscium.
381 3101 440 3181 III,
469 3106 498 3181 5,
530 3106 582 3164 ll:
617 3103 779 3175 Numquam
817 3101 918 3158 hercle
949 3099 1105 3171 quisquam
1137 3115 1183 3157 mo
1216 3100 1352 3159 lenonem

206 3204 321 3266 dixerit.
364 3200 459 3265 Most
482 3198 508 3279 Ι,
532 3203 561 3277 3,
585 3203 634 3262 99.
667 3196 764 3260 Poeu.
788 3194 846 3273 111,
874 3200 900 3270 l,
924 3196 1047 3257 aaziae
1070 3197 1256 3270 coephere,
1280 3198 1353 3257 hant

205 3303 358 3377 qac'squom
384 3301 472 3361 hodie
496 3307 630 3360 nostrum
652 3304 754 3357 curret
776 3313 832 3369 per
853 3296 924 3354 vias.
968 3289 1023 3369 IV,
1050 3293 1078 3365 2,
1107 3292 1160 3355 63:
1195 3293 1353 3366 quoiquam

201 3403 329 3464 mortali.
373 3415 402 3461 v.
426 3400 485 3460 65:
518 3398 675 3472 Nunquam
700 3394 805 3468 edepol
835 3391 968 3451 mortalis
997 3389 1150 3462 qaisquam
1177 3389 1229 3449 fiet
1261 3407 1277 3448 a
1305 3409 1351 3450 me

200 3501 322 3562 artior.
343 3493 383 3574 V,
400 3499 429 3570 2,
446 3497 501 3560 68:
524 3513 584 3555 aare
599 3496 699 3554 hercle
716 3509 793 3552 none
806 3490 921 3565 quidem
937 3487 1092 3560 quiequam
1108 3488 1178 3547 scio.
1202 3483 1294 3550 Truc.
1311 3486 1353 3566 11,

203 3600 229 3676 1,
251 3600 308 3662 20:
342 3595 447 3670 Neque
476 3595 535 3655 erit
556 3593 712 3667 qaisquam
738 3605 866 3663 unquam
895 3586 1005 3661 probus
1027 3590 1142 3646 amator
1167 3586 1223 3644 nisi
1246 3589 1350 3661 quire

202 3696 352 3755 inimicust
374 3710 454 3754 eoae.
500 3686 615 3754 caecil.
632 3686 712 3752 Stat.
729 3680 910 3766 Synephebi
932 3679 968 3744 ir.
985 3687 1012 3761 1,
1034 3698 1063 3744 u.
1080 3684 1155 3745 207:
1178 3683 1241 3742 Nec
1265 3702 1350 3759 qoem

204 3790 299 3853 mom
329 3791 566 3851 -commoliar
590 3789 657 3848 Scio
680 3786 845 3860 quicquum.
890 3778 1017 3844 Terent.
1044 3777 1142 3841 Andr.
1165 3776 1207 3856 ΙΙ,
1241 3784 1268 3858 l,
1292 3784 1348 3844 36:

203 3893 233 3949 to
251 3888 359 3951 hercle
381 3886 460 3948 hand
482 3889 638 3960 quieqqom
660 3886 732 3944 mihi
754 3884 819 3942 Nisi
842 3898 892 3955 ea,
920 3895 994 3955 qaae
1017 3878 1059 3936 nil
1082 3895 1156 3952 opus
1179 3885 1247 3938 sunt
1269 3882 1349 3940 sciri.

199 3980 253 4066 lv,
278 3990 308 4063 1,
331 3989 367 4051 3:
403 3987 517 4046 Hocine
540 3985 684 4044 credibile
713 4012 750 4024 -
785 3982 881 4040 Tanta
907 3974 1046 4036 vecordia
1066 3977 1169 4036 innata
1194 3977 1351 4050 quoiqecam

200 4089 234 4144 ot
254 4085 332 4159 siet,
362 4085 404 4147 Ut
424 4085 509 4144 malis
531 4083 687 4158 gaudeant.
732 4073 865 4156 Adelph.
889 4072 914 4150 Ι,
934 4076 962 4149 2,
988 4074 1042 4134 18:
1073 4074 1198 4134 Homine
1221 4077 1350 4150 inperito

201 4198 359 4258 numquam
380 4182 537 4256 quicqqam
559 4182 718 4240 iniustiost.
764 4173 806 4250 Π,
832 4178 858 4249 1,
882 4176 936 4235 24:
970 4172 1087 4247 Tetigin
1110 4173 1153 4230 tui
1175 4171 1351 4253 quicquam?

287 4293 314 4343 c.
358 4279 521 4357 Quemquam
543 4278 577 4337 de
598 4293 702 4353 qaaere
723 4274 873 4347 feminiae.
917 4265 1015 4331 Naev.
1039 4264 1212 4330 Tarentilla
1233 4267 1269 4332 fr.
1298 4276 1351 4337 11:

205 4374 366 4452 Numquam
389 4378 545 4450 qaisquam
566 4377 662 4438 amico
685 4373 796 4434 amanti
819 4371 915 4432 amica
945 4367 1032 4427 nimis
1062 4365 1114 4426 liet
1140 4364 1252 4444 tidelis,
1285 4370 1351 4438 Nec

255 4474 337 4524 Horu,
352 4475 463 4527 syntaxis.
475 4474 493 4515 1.
1097 4470 1137 4527 26
