3125 5075
507 368 652 409 bocrutua
677 368 908 410 eansscnuanntt.
1224 379 1286 438 355

140 567 189 633 ap.
214 552 298 620 Iord.
321 560 378 635 49,
401 559 434 621 3:
464 561 586 619 Asinum
616 563 670 620 out
698 562 890 620 musimouem
917 564 971 620 cot
997 561 1128 620 arietem.
1174 558 1220 623 ld.
1251 560 1291 624 de

139 668 176 715 re
200 651 329 718 militari
351 672 401 735 ap.
425 654 510 719 lorti.
534 659 590 732 82,
615 660 641 719 l.
670 658 706 719 2:
738 658 805 718 Sive
833 657 912 718 forte
940 675 1014 732 opus
1045 659 1084 718 sit
1112 676 1207 720 cuneo
1235 664 1290 720 aot

140 751 227 824 globo
250 757 305 812 out
326 752 440 830 forcipe
462 760 517 814 cot
537 754 671 816 turribus
694 760 748 816 out
769 772 867 830 sarra,
895 758 938 815 uti
966 757 1113 817 adoriare.
1159 753 1288 819 Terent.

140 845 221 911 And.
244 846 275 923 Ι,
299 852 335 928 5,
358 855 416 914 43;
440 852 544 913 Adeon
566 871 658 929 porro
680 856 827 929 ingratum
844 855 1099 914 cutlubumauum
1115 859 1170 914 cat
1185 852 1289 914 ferum.

225 944 245 1008 i.
283 945 517 1027 Nonnunquam
539 948 693 1013 minuitur
712 953 746 1013 et
768 965 850 1029 pene
873 948 997 1014 tollitur
1011 966 1143 1030 prorsus
1166 950 1220 1014 illa
1242 949 1290 1014 in·

140 1042 318 1121 aequalitas
339 1043 490 1124 partium.
536 1044 642 1122 Quare
665 1053 720 1109 out
742 1046 875 1129 simplex
898 1048 1060 1128 componit
1081 1065 1178 1128 saepe
1193 1047 1290 1112 etiam

139 1158 195 1220 ea,
219 1157 301 1221 quae
322 1142 469 1223 aequalia
491 1147 524 1207 at
547 1144 639 1209 unius
659 1144 787 1226 generis
810 1152 885 1210 sunt
906 1150 940 1210 et
955 1163 1002 1224 ea,
1019 1162 1101 1225 quae
1119 1162 1291 1228 synonyma

140 1255 212 1303 esse
234 1240 391 1305 videntur.
437 1239 475 1305 ld
504 1241 630 1307 criticos
652 1242 769 1308 multos
791 1243 958 1323 permovit,
980 1247 1017 1308 ut
1032 1243 1142 1323 partic.
1159 1243 1288 1307 aarum

140 1335 351 1416 copulativam
380 1338 558 1404 tribuerent
588 1343 685 1420 atque
713 1358 771 1421 pro
800 1348 829 1403 et
862 1341 1050 1422 acciperent.
1107 1340 1228 1417 (Haud.
1257 1360 1289 1422 p.

141 1439 224 1507 5401.
262 1435 343 1501 Vide
370 1437 411 1501 de
432 1436 550 1504 haere
572 1438 668 1504 etiam
684 1437 936 1520 Vogelmauuum
958 1439 998 1504 de
1018 1439 1291 1505 coniunctionibus

140 1533 337 1600 disiunctivis
359 1534 482 1600 Latinis
504 1534 536 1600 in
558 1535 661 1601 Iannii
685 1536 788 1601 annal.
812 1537 966 1617 supplem.
989 1536 1050 1600 vol.
1079 1536 1140 1616 x1,
1168 1541 1243 1603 sect.
1268 1544 1288 1603 4

140 1634 263 1712 (1646),
286 1651 315 1714 p.
346 1637 408 1697 618
438 1650 516 1714 sqq,
542 1634 597 1715 qui
626 1632 718 1699 affert
743 1635 823 1699 naec
850 1634 913 1699 duo
941 1634 1087 1715 exempla
1116 1652 1155 1700 ex
1182 1634 1288 1700 Plauti

139 1730 255 1809 Milite,
278 1730 339 1809 ΙΙΙ,
363 1738 399 1811 3,
423 1738 441 1797 5
465 1750 528 1813 sq:
863 1753 870 1764 ·

183 1833 318 1892 Stultitia
341 1833 623 1909 succensuimus
647 1832 872 1909 [insulsitasque
895 1832 1011 1909 hercle]
1034 1834 1109 1894 haec
1131 1834 1180 1910 sit,

183 1931 233 1990 Me
257 1933 300 1989 ire
323 1932 352 1991 iu
376 1949 450 2007 opus
473 1934 602 1991 alianum
625 1934 680 1989 oso
701 1931 755 1991 tibi
778 1948 874 1992 meam
897 1948 1018 2006 operam
1041 1932 1213 2006 pollicitati.

140 2031 173 2092 et
191 2026 271 2092 ibid.
295 2046 325 2091 v.
354 2032 392 2092 14
413 2044 496 2107 sqq:

269 2128 371 2203 Siquid
395 2127 593 2188 faciundumst
613 2128 730 2189 mulieri
752 2129 830 2187 male
853 2131 941 2200 atque
961 2129 1120 2202 malitiose,

266 2228 312 2287 lbi
335 2227 362 2286 ei
384 2227 551 2287 inmortalis
575 2227 748 2286 memoriast
769 2226 938 2287 meminisse
960 2226 991 2285 id
1015 2228 1212 2301 sempiterno:

195 2303 205 2322 ⁸
268 2325 319 2384 Sin
343 2326 418 2384 bene
443 2324 513 2399 quid
536 2328 590 2384 out
611 2323 745 2385 fideliter
765 2323 968 2385 faciundumst
990 2326 1078 2403 cett,

139 2419 194 2485 ubi
210 2419 455 2486 vide-variatum
471 2436 541 2484 esse
557 2437 577 2483 a
591 2423 687 2501 poeta
700 2419 786 2484 iuter
800 2426 889 2495 utque
903 2425 936 2484 et
955 2426 1018 2482 out.
1057 2418 1147 2484 Adde
1163 2419 1289 2486 Terent.

138 2519 236 2585 Andr.
261 2519 291 2592 Ι,
318 2525 347 2598 l,
372 2523 411 2585 56
435 2536 481 2601 sq.
505 2520 698 2583 observabam
720 2535 806 2581 mane
833 2521 951 2581 illorum
973 2521 1105 2582 servolos
1133 2520 1289 2585 Veniautis

138 2625 192 2680 cut
215 2622 359 2685 abeuntis.

226 2735 255 2796 g.
291 2717 470 2797 Numquam
495 2716 555 2782 sibi
582 2719 694 2781 mutuo
724 2715 920 2796 respondent
945 2733 1000 2778 aec
1020 2750 1063 2759 —
1085 2723 1140 2780 aar
1164 2717 1225 2795 ita,
1253 2720 1292 2783 ut

140 2820 194 2874 out
214 2813 247 2875 in
269 2830 303 2875 se
327 2814 461 2893 recipiat
482 2815 545 2878 vim
566 2813 704 2895 negandi
727 2833 765 2878 ex
787 2812 994 2879 antecedente
1016 2814 1199 2898 negatione,
1224 2815 1291 2896 sed,

138 2909 242 2976 sicubi
263 2909 425 2974 invenitur
439 2917 492 2970 out
512 2915 586 2990 post
607 2930 660 2973 acc
673 2911 827 2991 positum,
850 2911 910 2976 nae
924 2912 1101 2992 particulae
1122 2931 1186 2978 nou
1205 2915 1289 2978 'suut

138 3008 171 3070 ἐκ
192 2998 388 3088 παραλλήλου
410 3007 551 3087 positae,
578 3007 635 3072 sed
658 3014 713 3070 aad
739 3007 894 3073 adhaeret
920 3009 1063 3090 proximo
1091 3010 1291 3077 substantivo

136 3124 198 3188 per
216 3105 462 3170 'disiunctionem
485 3104 698 3170 arbitrariam.
734 3103 786 3169 Sic
801 3104 905 3170 Plaut.
922 3105 1011 3188 capt.
1028 3107 1067 3185 V,
1084 3114 1102 3171 5
1124 3105 1291 3190 (caterva),

138 3224 170 3267 v.
195 3208 228 3268 3:
259 3205 360 3279 Neque
389 3207 420 3266 iu
451 3206 508 3266 bac
536 3206 761 3281 subigitationes
790 3213 859 3267 sunt
884 3223 977 3279 nomae
1003 3208 1064 3266 ulla
1091 3209 1200 3267 amatio
1230 3209 1292 3268 Nec

138 3290 226 3381 pueri
250 3307 415 3379 suppositio
439 3308 494 3365 out
515 3305 631 3379 argenti
654 3302 882 3370 circumductio,
908 3304 1010 3377 Neque
1036 3304 1087 3364 ubl
1110 3316 1211 3365 amaus
1240 3306 1291 3365 ad·

137 3405 278 3463 ulescens
307 3411 437 3462 scortum
467 3403 594 3475 liberet,
624 3398 679 3463 ubi
704 3399 776 3463 vide
800 3398 980 3464 Bosscham.
1011 3398 1170 3480 Singulari
1197 3401 1291 3465 modo

138 3496 260 3564 dictum
283 3502 333 3562 est
355 3496 454 3562 Most.
479 3499 509 3577 l,
533 3502 570 3577 2,
592 3503 650 3564 43:
674 3499 794 3575 sibique
817 3503 872 3560 cot
893 3501 1036 3560 materias
1059 3505 1232 3573 separasse.

224 3595 253 3659 b.
289 3595 426 3660 Additur
440 3602 514 3677 post
527 3594 810 3679 interrogationem
824 3611 925 3659 novae
940 3593 1194 3679 interrogationi,
1209 3614 1290 3678 quae

136 3693 264 3777 potiora
286 3695 433 3774 opponit,
456 3693 510 3759 ubl
533 3713 574 3756 an
595 3691 771 3774 particulae
793 3692 883 3759 locus
904 3708 967 3756 uon
996 3698 1085 3757 esset
1110 3692 1152 3774 (v.
1184 3690 1289 3759 Haud.

136 3810 169 3875 p.
194 3791 280 3872 551).
309 3792 438 3857 Terent.
462 3790 595 3872 Adelph.
623 3790 687 3872 lII,
717 3797 754 3872 3,
782 3795 839 3856 42:
867 3793 1002 3853 Sinerem
1024 3792 1127 3854 illum?
1157 3797 1212 3855 cot
1233 3810 1291 3855 nou

138 3894 286 3955 sextatis
310 3895 460 3954 mensibus
483 3894 570 3952 Prius
593 3892 762 3954 olfecissem
785 3891 847 3950 -l

225 3986 361 4069 Reliqua
381 3988 421 4054 de
443 4006 506 4052 usu
528 3987 621 4053 huius
644 3987 822 4069 particulae
844 3985 915 4050 vide
937 3984 1023 4066 apud
1045 3984 1214 4052 Haudium.

223 4090 274 4151 46.
312 4104 340 4151 a.
381 4091 480 4151 Vel-
503 4087 557 4150 oet.
596 4083 675 4151 Cato
689 4084 726 4150 R.
742 4086 781 4151 R.
801 4102 826 4150 c.
844 4089 876 4148 t:
901 4087 992 4147 Oleas
1011 4087 1153 4161 orchites,
1174 4089 1286 4162 posiae,

138 4204 194 4248 eae
217 4187 327 4263 optime
351 4187 518 4249 conduntur
539 4186 586 4247 ool
612 4187 723 4248 virides
745 4187 775 4246 in
804 4186 913 4261 muria,
934 4184 983 4243 oet
1006 4184 1036 4242 in
1065 4184 1191 4259 lentisco
1222 4202 1292 4245 con·

138 4293 235 4346 tusae.
281 4281 360 4350 (lato
383 4298 432 4363 ap.
455 4281 581 4348 Iordan.
605 4300 634 4364 p.
659 4287 715 4363 58,
738 4286 775 4348 6:
798 4282 909 4344 nrusto
926 4281 1012 4357 pacis
1035 4281 1159 4341 conduci
1180 4288 1290 4363 potest,

137 4382 186 4444 oct
207 4383 250 4443 uti
279 4390 380 4444 taceat
404 4383 451 4443 cel
477 4371 521 4443 nti
547 4385 696 4460 loquatur.
743 4377 836 4446 Ennii
863 4380 922 4443 sat.
948 4375 1038 4456 reliq.
1061 4374 1082 4440 1.
1105 4376 1168 4459 ΙΙΙ,
1190 4377 1227 4444 fr.
1251 4382 1285 4444 9:

1015 4477 1082 4544 23*
