3125 5075
519 386 558 425 Dr
575 386 725 426 aanunmo
739 386 777 425 ET
792 383 969 425 OERUNDIVO.
1290 389 1332 450 59

176 592 215 637 ea
245 576 312 634 otoo
340 574 476 635 mando.
520 573 644 639 Terent.
667 575 727 639 Ad.
750 573 789 653 V,
814 578 843 650 9,
866 577 921 638 al:
950 574 993 636 Ut
1020 573 1051 632 id
1077 572 1265 632 ostenderem
1286 602 1332 616 --

174 673 216 738 le
240 689 298 734 non
320 672 386 734 fleri
409 691 445 733 ex
469 692 539 734 vera
564 677 624 734 vita
646 692 741 750 neque
764 675 841 734 adeo
863 690 900 734 ex
923 688 1018 748 aequo
1040 678 1071 731 st
1093 671 1184 743 bono,
1214 670 1272 730 Sed
1293 689 1334 732 eor

175 768 373 846 adsentando,
408 771 584 844 indnlnmdo
620 781 649 831 et
684 770 846 845 arete-do.
891 767 928 832 In
961 755 1197 846 comparatione
1226 764 1331 834 Plana

174 863 294 934 Bacca
317 864 376 945 ΙΙΙ,
400 871 428 943 2,
451 871 485 930 8:
519 869 598 929 Cave
632 872 672 930 sis
698 875 731 928 tn
757 884 901 941 sannone
926 884 1041 928 servom
1071 867 1158 926 sieris
1189 864 1335 937 saciando

174 967 264 1027 bene.
301 970 332 1041 4,
357 968 408 1028 16:
437 967 607 1027 Mendienm
629 969 728 1028 malim
750 966 943 1025 mendicando
966 966 1092 1024 vincere.
1137 957 1334 1042 Saepissime

172 1068 286 1128 autem
308 1060 340 1127 id
362 1061 395 1127 in
416 1061 556 1125 ablativo
577 1063 676 1138 inest,
707 1078 769 1140 qno
792 1060 912 1140 aliquid
934 1056 985 1135 fit,
1008 1059 1074 1124 sive
1093 1076 1226 1124 cansam
1245 1059 1330 1126 ditis

172 1159 244 1226 sive
260 1159 512 1224 instrumentum.
537 1158 617 1224 Cato
631 1160 666 1223 R.
681 1160 716 1223 n.
731 1177 756 1223 e.
773 1164 849 1225 139:
874 1158 1029 1232 Herumoej
1039 1177 1136 1219 rerum
1148 1177 1223 1233 ergo
1239 1162 1333 1222 mea

173 1261 231 1320 doe
250 1276 340 1333 pareo
358 1259 479 1331 mnodo
500 1260 679 1318 immolando
702 1269 775 1321 esto.
808 1256 845 1321 G.
871 1262 944 1321 141:
966 1262 1061 1319 maele
1082 1257 1161 1317 hisee
1180 1258 1331 1318 amalan-
1429 1311 1432 1316 .

174 1357 285 1418 natus
307 1356 480 1417 lootomibns
499 1357 688 1417 immolandis
711 1365 785 1418 esto.
828 1354 891 1420 lb.:
914 1359 1008 1416 anolo
1030 1355 1108 1416 liam
1129 1353 1335 1415 nomenonii-

180 1455 233 1516 tm
260 1452 448 1512 immolandis
478 1463 552 1514 osto.
597 1452 720 1517 Ennius
750 1470 801 1533 ap.
828 1452 959 1517 Festum
990 1470 1019 1514 v.
1044 1451 1163 1530 modit:
1197 1454 1332 1512 Noenum

178 1551 324 1624 sperando
352 1551 456 1625 cupide
487 1570 548 1611 rem
579 1554 707 1627 prodere
734 1571 885 1613 summam.
936 1548 1099 1613 Eumenia.
1128 1548 1164 1612 ir.
1194 1554 1227 1612 3:
1265 1551 1332 1611 niet

176 1657 296 1725 patrem
323 1655 456 1708 malornm
483 1652 627 1722 sononine
656 1651 839 1710 eoeonolando
864 1651 1050 1712 mdsoerem.
1092 1646 1196 1710 Plaut.
1218 1641 1332 1728 nmen

171 1745 232 1823 lv,
258 1751 284 1815 l,
308 1748 343 1808 6:
374 1747 444 1806 Sum
464 1747 599 1808 defessus
623 1748 824 1821 assentando.
868 1746 963 1810 Poen.
987 1745 1012 1823 1,
1036 1750 1064 1814 2.
1092 1750 1146 1809 lt:
1173 1745 1333 1820 Aooernn·

173 1845 275 1921 daque
302 1860 382 1916 aneta
409 1854 479 1903 sunt
506 1848 561 1905 riri
588 1846 646 1905 duo
674 1846 793 1908 defessi.
838 1842 935 1909 Stich.
963 1842 1005 1920 11,
1040 1849 1064 1921 Ι,
1090 1849 1148 1907 41:
1188 1844 1332 1906 aeream

176 1960 243 2004 snm
262 1942 417 2015 animando.
463 1940 590 2005 Terent.
612 1941 694 2005 Eun.
719 1942 756 2019 V,
780 1946 809 2017 6,
835 1949 866 2006 7;
901 1943 1029 2004 Deiessa
1057 1945 1114 2003 iem
1137 1960 1198 2002 snm
1222 1943 1336 2003 misera

177 2048 209 2100 te
234 2039 363 2101 ridendo.
410 2037 546 2117 Adelph,
567 2038 609 2114 ll,
633 2043 661 2116 2,
687 2045 721 2104 a:
756 2044 821 2117 Ego
852 2041 1034 2115 vapulando,
1062 2043 1112 2100 ille
1143 2039 1333 2120 oernenda,

175 2156 272 2213 usque
299 2137 385 2198 ambo
415 2137 525 2198 defessi
555 2157 662 2201 sumus.
709 2137 815 2202 Pinus.
839 2136 925 2201 Asin.
948 2136 986 2213 V,
1010 2140 1039 2221 2,
1060 2140 1115 2200 23;
1152 2137 1244 2211 Opere
1269 2138 1332 2198 iiiia

175 2235 253 2298 faris
275 2223 535 2307 sunamidem
557 2247 644 2298 noete
669 2236 719 2312 [ed
743 2233 803 2311 me]
827 2239 953 2296 advenit.
996 2232 1097 2313 Capi..
1111 2233 1170 2311 111,
1195 2239 1224 2309 2,
1249 2237 1276 2298 8.
1292 2242 1337 2296 4:

173 2336 223 2395 ns
247 2330 350 2408 [nuno]
375 2352 419 2393 me
444 2338 582 2395 miserum
606 2335 779 2410 restitando,
801 2334 954 2394 retinendo
979 2336 1102 2394 Laesum
1126 2334 1332 2404 reddiderunt,

177 2428 236 2495 uni
260 2428 411 2494 Taubnn:
436 2434 620 2509 ,restitando
636 2460 678 2480 =
694 2430 769 2497 dum
793 2430 855 2511 ipsi
880 2429 992 2495 erebro
1015 2427 1230 2505 consistuut“;
1252 2443 1331 2491 rare

178 2533 291 2593 tamen
313 2545 371 2607 pro
394 2527 454 2593 ubl.
480 2529 633 2609 amnonis
656 2528 805 2610 accipias,
829 2528 884 2608 qui
906 2533 957 2593 est
978 2527 1189 2593 instrumenti.
1213 2524 1330 2592 Baetin

174 2625 238 2704 III,
263 2631 291 2700 3,
316 2631 372 2690 24:
396 2627 440 2689 Ibi
464 2647 553 2690 curan
576 2629 712 2691 locando
734 2630 814 2689 diseo
835 2631 923 2690 noeto
939 2629 1079 2704 maallalel
1094 2629 1163 2701 pila
1186 2625 1334 2687 Salinotdo

177 2743 246 2788 sese
270 2728 450 2786 exercebant
479 2730 571 2803 magis
601 2746 687 2803 quam
710 2731 804 2788 scorto
832 2737 884 2788 ant
904 2728 1010 2798 maiis,
1042 2723 1125 2804 quod
1150 2721 1330 2803 exemplum

175 2823 493 2902 Weissenb.p.150
522 2824 627 2889 adnot
657 2828 719 2889 302
748 2824 814 2890 tale
844 2825 992 2904 proponit
1022 2824 1054 2888 in
1083 2840 1145 2902 qno
1174 2819 1333 2902 gerundia

175 2940 248 2987 cum
272 2921 451 2985 nominibus
474 2923 641 2987 coniuncto
662 2922 733 2986 sint.
778 2922 868 2988 ldem
891 2921 1008 2987 laetum
1032 2929 1082 2986 est
1105 2920 1231 2984 Terent
1249 2917 1327 2983 Heu.

176 3021 204 3099 1,
230 3023 258 3089 2,
281 3022 336 3083 48:
362 3022 523 3081 Tundendo
552 3032 639 3096 atque
667 3022 733 3081 odio
756 3024 882 3096 deniqne
912 3024 1011 3083 effecit
1033 3040 1138 3093 senex,
1171 3027 1203 3082 et
1224 3017 1329 3081 eleut.

177 3117 267 3181 Asin.
300 3116 324 3192 l,
356 3123 384 3191 3,
416 3123 455 3183 69
485 3136 546 3198 aa:
585 3123 666 3181 Bene
698 3121 856 3180 sonando
892 3129 1103 3190 consuescunt,
1140 3117 1333 3190 oonnoellondo

175 3218 342 3290 blanditer,
366 3217 575 3286 Ammlondo,
598 3219 731 3277 orolinte
752 3217 1082 3288 montemontano,
1107 3213 1160 3278 ubi
1184 3213 1332 3277 Taubm.:

175 3338 241 3393 ,‚=
263 3314 338 3375 dum
361 3313 572 3392 salutantur“,
596 3316 653 3378 sed
675 3312 807 3379 ablativi
830 3312 1099 3378 substantivorum
1122 3308 1327 3390 apposituro

180 3423 264 3489 cent,
286 3428 344 3491 pro
368 3411 589 3476 instrumentis
613 3412 768 3493 gerundis
791 3428 862 3476 esse
885 3409 1077 3490 accipienda.
1101 3408 1192 3489 Epid.
1216 3406 1275 3486 111,
1300 3411 1329 3485 2,

178 3514 233 3574 16:
274 3510 441 3585 Roailondo
478 3531 541 3573 sum
578 3531 686 3573 raucus
722 3511 834 3584 iactum
879 3530 973 3586 paene
1013 3513 1042 3568 in
1080 3529 1167 3569 cursu
1204 3508 1330 3573 concidi.

175 3607 294 3673 Pseud.
319 3605 373 3683 IV,
396 3613 425 3681 4,
449 3613 483 3671 8:
506 3629 558 3670 ror
581 3617 765 3671 retunsnmst
787 3610 980 3684 oppnnonondo
997 3612 1124 3683 pertore.
1169 3605 1256 3669 Pers.
1274 3602 1330 3682 lv,

176 3711 206 3785 6,
231 3712 266 3769 l:
289 3709 390 3768 Moero
412 3708 553 3780 somnotdo
576 3727 631 3784 ego
654 3712 806 3785 auspicari
830 3711 870 3781 (v.
892 3705 1050 3771 Luebker.
1074 3705 1113 3770 de
1136 3703 1188 3768 ini.
1212 3722 1240 3783 p.
1264 3702 1329 3781 ta),

176 3805 263 3885 qnod
294 3803 406 3868 dubito
434 3822 475 3868 an
504 3823 563 3885 pro
590 3805 697 3869 dativo
727 3804 771 3869 sit
798 3804 1025 3883 accipiendum.
1077 3803 1158 3867 Rnd.
1182 3801 1213 3877 Ι,
1236 3807 1271 3878 3,
1294 3805 1328 3866 a:

173 3904 356 3978 manando
379 3907 404 3966 is
427 3906 513 3965 datur
537 3908 685 3968 acerbum.
729 3902 823 3968 Truc.
841 3901 876 3980 V,
893 3922 922 3965 v.
940 3906 994 3965 24:
1017 3905 1063 3963 lta
1085 3907 1175 3964 miser
1197 3902 1332 3965 astando

174 4007 204 4063 in
233 4006 316 4083 ¹lento
348 4004 395 4062 hie
426 4003 616 4078 exspectando
641 4004 775 4077 obdurui,
809 4000 861 4065 ubi
889 3999 976 4079 prius
995 4001 1183 4079 gerundium
1207 3996 1331 4064 aceedit

175 4100 217 4165 ad
259 4097 521 4185 significationem
555 4100 717 4180 amnonis.
779 4099 817 4163 L.
841 4097 967 4164 Aemilii
1000 4097 1104 4162 Paulli
1134 4094 1330 4163 Macedonia·

176 4200 280 4263 oratio
309 4216 358 4277 ap.
386 4196 491 4263 Valer.
515 4199 642 4263 Maxim.
668 4198 706 4277 V,
740 4202 789 4276 10,
819 4202 856 4262 2:
894 4199 1049 4258 annuendo
1082 4201 1158 4260 votis
1192 4199 1266 4257 meis
1298 4197 1328 4257 id

176 4306 313 4378 egerunt,
345 4310 376 4361 ut
399 4302 472 4361 cett.
510 4296 637 4363 Terent.
662 4296 759 4362 Andr.
782 4295 862 4376 prol.
890 4313 918 4359 v.
944 4300 999 4358 ll:
1034 4299 1198 4357 Faciuntne
1221 4296 1334 4357 innin-

173 4401 277 4474 9rndo,
299 4408 332 4459 nt
354 4400 428 4459 nihii
451 4397 651 4471 intellegant?
679 4395 760 4461 Ean.
786 4392 825 4472 V,
849 4399 878 4472 2,
902 4396 935 4459 8:
957 4398 1150 4457 missimus
1173 4397 1228 4454 Fui
1251 4395 1333 4469 seat·
