3125 5075
546 549 684 590 munterte
699 555 969 598 eunarmrvonun.

824 732 864 790 mi
887 731 917 790 in
942 737 1071 790 mentem
1095 728 1151 789 lnlt

239 821 281 880 llis
299 822 507 882 advenientem
529 826 648 898 pretias
668 844 724 900 pro
746 829 863 888 meritis
885 844 974 901 opere
994 833 1085 901 atquo
1109 826 1240 901 adloqui.

236 918 271 977 lle
290 921 333 978 illi
354 921 474 994 edepol,
497 923 523 981 si
549 925 657 984 merito
678 941 744 984 meo
767 924 882 995 referre
904 926 1044 984 studeant
1066 924 1191 997 pretias,

235 1017 359 1090 Aliquem
375 1017 525 1078 bominem
542 1020 693 1095 adlegent,
712 1024 763 1097 qui
777 1022 850 1080 mibi
866 1022 1036 1081 advenienti
1052 1039 1085 1081 oa
1101 1022 1222 1080 occillet
1237 1023 1342 1096 probe,

204 1131 272 1212 adq.
295 1133 315 1198 l.
339 1134 471 1199 licinius
493 1135 513 1200 l.
537 1153 563 1200 c.
586 1153 618 1216 p.
645 1142 682 1201 15
705 1137 804 1203 babet
826 1138 919 1203 haec:
955 1135 1035 1216 „llic
1062 1136 1102 1201 ad
1125 1136 1340 1202 membrorum

204 1231 416 1296 similitudinem
446 1231 657 1314 efferendam,
686 1253 750 1314 rpuo
778 1237 881 1317 magis
903 1234 1081 1300 locutiones
1104 1234 1185 1298 istae
1208 1234 1268 1300 sibi
1291 1252 1342 1300 re·

203 1328 356 1407 spondeant
375 1329 521 1404 invicem,
544 1335 658 1409 gratius
680 1334 851 1413 repetitum
874 1350 946 1397 esse
967 1331 1113 1411 quamvis
1135 1348 1197 1394 non
1220 1332 1262 1396 sit
1284 1333 1341 1396 irn-

203 1427 358 1504 probabile,
387 1433 496 1491 tamen
519 1428 715 1506 probabilius
737 1435 803 1506 est,
827 1429 1007 1508 librarium,
1034 1428 1084 1492 cui
1111 1428 1200 1508 prius
1229 1431 1341 1505 gratiae

201 1522 371 1588 inmentem
394 1523 464 1602 init,
484 1524 516 1588 id
539 1545 598 1605 pro
620 1531 746 1604 gratiam
771 1525 961 1607 repetisse.“

265 1621 366 1686 Locos
388 1627 511 1700 autem,
543 1622 598 1687 ubi
619 1627 737 1699 mulius
759 1625 962 1690 coniunctum
985 1621 1107 1703 legitur
1129 1641 1200 1688 cum
1224 1625 1336 1684 babere

200 1719 358 1783 emendavit
374 1719 504 1782 licinius
526 1719 674 1800 (excepto
698 1739 760 1785 uno
776 1720 871 1785 Poen.
887 1722 926 1797 V,
946 1725 977 1798 4,
1004 1724 1073 1799 104,
1096 1720 1150 1799 qui
1173 1718 1260 1783 solus
1283 1722 1342 1791 cst

200 1815 309 1880 relictus
338 1816 443 1893 locus,
477 1817 530 1895 qui
565 1817 797 1882 dubitationem
831 1815 971 1892 efficiat).
1021 1817 1068 1881 Ac
1096 1820 1184 1880 recte
1212 1814 1340 1894 quidem

200 1912 250 1975 sine
269 1914 364 1979 dubio
387 1914 448 1978 hoc
469 1912 545 1977 lecit
568 1914 655 1977 Asin.
675 1915 706 1995 1,
730 1921 765 1990 2,
798 1921 851 1993 l‘l,
880 1915 1029 1994 quoniam
1053 1920 1189 1977 metrum
1213 1909 1258 1976 ibi
1281 1910 1340 1977 hoc

201 2011 328 2088 postulat,
351 2011 429 2075 item
452 2009 589 2075 fortasse
611 2010 697 2075 Trin.
721 2012 778 2082 ΙΙΙ,
804 2017 838 2089 2,
862 2017 913 2090 33,
937 2027 1127 2091 quamquam
1153 2014 1269 2074 contra
1289 2026 1341 2073 co-

201 2105 266 2171 lices
292 2109 367 2183 (vid.
396 2108 606 2174 Ritscbelium
633 2111 665 2173 iu
693 2110 868 2190 prolegom.
897 2126 926 2188 p.
951 2111 1035 2184 323).
1082 2107 1201 2170 Locum
1233 2110 1339 2169 autem

202 2201 266 2268 lrin.
281 2205 334 2284 IV,
359 2211 387 2284 l,
411 2210 440 2284 2,
463 2207 518 2272 ubi
541 2206 674 2288 legitur:
697 2210 810 2270 Laetus
833 2212 939 2270 lubens
964 2208 1068 2268 laudes
1093 2224 1148 2282 ago
1172 2211 1204 2264 et
1227 2213 1339 2279 grates,

202 2306 346 2380 potiusque
370 2308 466 2366 babeo
493 2316 524 2366 et
547 2306 685 2367 fluctibus
716 2310 819 2380 salsis,
855 2305 1010 2368 intactum
1039 2299 1170 2381 reliquit
1196 2298 1340 2375 Reinius,

205 2414 249 2461 non
267 2419 335 2465 esse
358 2402 440 2466 enim
456 2400 538 2466 banc
553 2402 763 2482 tautologiam
786 2401 842 2478 ait,
869 2400 925 2464 sed
941 2399 1177 2479 loquacitatem,
1201 2412 1283 2475 quae
1306 2394 1339 2458 in

205 2491 241 2558 bis
258 2498 360 2564 verbis
388 2500 449 2578 sit,
479 2498 603 2565 laetitia
632 2500 787 2565 excusari.
832 2496 969 2578 Propter
994 2510 1203 2577 praegressos
1232 2497 1341 2555 autem

207 2591 322 2668 plurales
346 2600 451 2659 laudes
475 2604 508 2661 et
530 2610 630 2675 grates
653 2598 730 2660 item
755 2601 868 2674 gratias
892 2595 1046 2676 pluralem
1071 2608 1143 2657 cum
1166 2589 1264 2653 verbo
1287 2592 1339 2649 ha·

209 2690 264 2852 Ἐξ]
265 2693 432 2855 airunffitm2
441 2712 520 2855 eslse.
529 2697 554 2770 ⁴)
597 2694 719 2757 Eodem
749 2694 842 2757 modo
872 2700 1004 2759 excusat
1031 2689 1187 2771 pluralem
1209 2685 1342 2749 Rcinius

230 2836 240 2849 ⁸
300 2840 306 2853 ·
382 2842 389 2869 r
434 2842 442 2870 r
487 2841 494 2854 ·

691 3065 763 3138 Gap.
788 3065 841 3122 lll.

456 3195 511 3258 De
540 3195 695 3259 casibus
726 3194 1070 3258 substantivorum.

274 3363 319 3427 De
335 3380 467 3427 caunum
483 3361 628 3426 doctrina
648 3363 732 3427 inter
751 3363 949 3427 recentiores
964 3362 1084 3440 optime
1109 3367 1246 3443 egerunt
1262 3359 1345 3424 Con·

210 3456 283 3523 udus
304 3458 519 3524 blichelseuus
542 3465 575 3524 et
595 3459 759 3524 Iacobsius
786 3460 818 3522 in
837 3456 1023 3522 zeitschrift
1049 3459 1068 3521 l.
1092 3461 1121 3523 d.
1146 3455 1345 3539 Gymnasial·

210 3565 290 3619 lesen
311 3576 372 3621 von
396 3556 604 3638 Heydemann
627 3557 690 3619 und
714 3555 861 3629 bltltzell,
888 3560 913 3618 1.
937 3555 1070 3633 Jahrgg.
1101 3560 1191 3633 1847,
1214 3559 1243 3616 2.
1256 3550 1342 3628 Helt,

210 3662 230 3724 l.
247 3659 280 3717 93
300 3673 367 3734 sqq.
390 3658 425 3717 et
446 3664 474 3719 3.
498 3654 592 3731 Hele,
615 3671 695 3732 quos
717 3653 916 3733 potissimum
941 3652 973 3715 in
994 3650 1129 3730 singulis
1151 3665 1282 3713 casuum
1305 3647 1347 3709 ai-

211 3748 439 3821 piscationibus
463 3751 691 3814 constituendis
715 3766 841 3828 sequar.
886 3748 953 3810 lam
977 3746 1031 3809 diu
1059 3747 1273 3826 disceptatum
1296 3747 1347 3806 eat

214 3839 275 3908 inter
295 3850 534 3926 granrnraticos,
569 3854 675 3911 utrum
704 3846 815 3909 localia
843 3860 925 3921 quae
948 3843 1065 3905 dicitur
1094 3860 1225 3905 casuum
1247 3839 1345 3919 signi-

213 3932 293 4005 butio
307 3951 393 4007 esset
409 3944 600 4023 primigenia
621 3950 655 4007 ct
676 3943 750 4006 inde
772 3941 900 4004 demum
917 3938 1083 4002 fluxissent
1101 3938 1247 4002 causales
1260 3952 1345 4014 quae

214 4030 336 4104 licuntur
357 4041 515 4118 notiones,
537 4059 578 4103 an
601 4048 714 4103 contra
735 4045 822 4103 esset
841 4036 969 4100 lactum.
1000 4036 1100 4099 Recte
1120 4033 1197 4098 mihi
1218 4033 1346 4096 videtur

217 4134 331 4201 statuere
353 4137 494 4202 Haasius
517 4138 557 4201 ad
580 4137 756 4217 Reisigium
779 4153 810 4213 p.
834 4137 911 4209 608,
939 4132 1046 4195 adult„
1070 4136 1148 4210 508,
1178 4146 1271 4210 quem
1295 4144 1345 4192 se·

265 4356 285 4419 ⁴}
300 4356 467 4411 Ritecbeliue
486 4364 578 4409 tamen
595 4355 623 4408 in
642 4353 697 4408 ind.
717 4353 801 4407 schol.
826 4352 912 4405 Bono.
928 4352 1066 4403 1844-45
1088 4366 1114 4416 p.
1129 4351 1146 4402 4
1163 4355 1239 4402 reete
1257 4360 1346 4399 emen·

220 4423 324 4492 &tionem
342 4439 435 4494 Botlrii
452 4438 564 4507 recipit:
587 4438 694 4492 Larus
712 4436 807 4489 hebeno
825 4431 921 4488 medea
938 4447 1004 4497 apo,
1020 4436 1120 4499 pratae
1137 4433 1277 4498 pretioque
1294 4429 1345 4481 lea·

221 4504 259 4581 ιω»
273 4529 296 4574 et
312 4521 351 4577 ric
368 4521 452 4577 etiam
469 4520 498 4573 in
517 4518 638 4575 editione
655 4532 715 4573 oua
1099 4598 1114 4632 ᾔ

1014 4671 1048 4731 .
1073 4604 1091 4659 2
