3125 5075
207 350 267 412 1⁹2
656 338 812 379 SUBBTANT.
826 339 890 379 GAP.
905 338 946 379 ln.

206 515 255 579 vis
277 532 297 578 a
318 512 463 578 subiecto
487 517 665 588 excreetur,
685 512 716 576 in
739 512 948 593 grammatica
973 510 1033 575 hoc
1059 509 1157 574 verbo
1187 509 1358 574 amm

208 608 424 694 significatur,
447 613 480 673 et
510 628 549 673 ea
571 610 682 687 verba,
711 626 793 688 quae
816 626 917 688 usque
939 610 980 674 ad
1002 609 1063 674 hoc
1084 607 1250 688 fastigium
1272 611 1358 688 pola

207 709 301 775 statis
324 705 415 786 quasi
431 724 466 769 se
482 705 690 785 explicantem
706 707 862 771 actionem
879 705 1068 787 significant,
1090 705 1190 771 verba
1201 706 1358 767 aonam

209 806 429 882 nominantur,
463 802 606 883 adeoque
629 805 698 884 ipse
720 805 922 869 accusativus
945 804 1018 868 inde
1040 804 1183 884 pendens
1205 800 1358 867 accusati

210 922 270 968 vus
293 900 487 965 transitivus.
534 900 685 965 Fortasse
706 902 758 965 vix
781 900 880 964 ullum
903 902 1037 966 verbum
1059 910 1117 978 est,
1140 898 1227 980 quod
1249 898 1358 963 transi

211 1002 310 1065 tivum
333 996 402 1062 fieri
426 1016 520 1078 posse
543 997 635 1077 plane
658 998 839 1078 negandum
862 998 913 1076 sit,
943 999 999 1064 sed
1022 998 1083 1062 hoc
1104 996 1241 1062 diversis
1263 994 1358 1060 modi

210 1097 281 1163 fieri
305 1115 399 1176 posse
423 1115 483 1160 usu
506 1094 656 1175 loquendi
678 1096 837 1160 docemur.
867 1095 901 1160 C.
925 1097 960 1160 E.
986 1095 1059 1161 Chr.
1089 1092 1307 1160 Schneiderus
1330 1111 1358 1157 et

213 1196 313 1261 verba
335 1194 504 1258 transitiva
533 1209 605 1257 esse
635 1191 777 1272 volebat,
806 1210 889 1272 quae
916 1192 1012 1257 talem
1040 1191 1178 1257 subiecti
1206 1189 1357 1256 redonen

214 1294 443 1375 exprimerent,
472 1308 555 1371 quae
584 1307 623 1353 ex
653 1290 722 1354 eins
750 1290 915 1355 voluntate
944 1290 1077 1370 eiusque
1104 1289 1207 1353 libero
1230 1287 1357 1352 arbitrii

212 1391 366 1472 prodiret,
389 1387 591 1452 intransitiva
613 1391 724 1452 eontra
746 1405 795 1466 ea,
817 1388 987 1468 inquibus
1009 1386 1093 1451 actio
1113 1384 1247 1450 fortuito
1263 1382 1357 1450 fieret

215 1490 304 1567 Quae
334 1486 492 1551 sententia
520 1504 583 1549 non
611 1484 695 1548 ornni
727 1492 879 1564 exparte
902 1491 1066 1562 remeat,
1094 1484 1236 1563 alioquin
1259 1483 1358 1548 verbo

212 1586 321 1666 qualia
349 1591 424 1648 sunt
456 1587 515 1653 ire,
538 1601 657 1644 currere
688 1587 761 1647 cett
800 1582 967 1647 transitiva
1000 1600 1071 1647 esse
1106 1599 1240 1646 necesse
1274 1586 1358 1647 esaei

214 1683 362 1762 quoniam
386 1681 468 1744 actio
493 1679 589 1743 euvidi
612 1684 699 1744 certo
723 1699 786 1744 non
808 1680 913 1744 minus
934 1679 1113 1743 voluntaria
1135 1682 1186 1743 est
1201 1697 1312 1758 quam,
1335 1697 1358 1744 u

213 1781 273 1845 hoc
296 1785 379 1854 utar,
402 1776 601 1841 verberandi.
646 1775 752 1840 Nihilo
775 1786 881 1840 tamen
903 1778 1008 1842 minus
1030 1776 1150 1856 aliquid
1172 1776 1243 1841 veri
1271 1777 1305 1840 in
1334 1793 1357 1840 a·

214 1879 307 1954 inest,
330 1876 424 1939 modo
447 1874 515 1952 hoc,
540 1882 647 1937 utrum
670 1874 753 1939 actio
777 1894 815 1939 ex
837 1874 1001 1939 voluntate
1022 1876 1157 1955 prodeat
1178 1891 1220 1937 an
1235 1872 1357 1937 fortuit

214 1972 287 2052 fiat,
324 1991 388 2036 non
414 1972 447 2034 in
470 1972 594 2035 actione
622 1972 692 2050 ipsa
718 1973 949 2053 investigetur,
987 1972 1044 2037 sed
1070 1972 1178 2052 potius
1207 1972 1240 2034 in
1270 1970 1358 2035 liber

216 2075 376 2152 potestate
399 2069 561 2146 eligendae
584 2070 640 2148 rei,
664 2086 759 2148 quam
774 2075 857 2134 actio
873 2070 1096 2150 complectitur
1110 2085 1238 2149 quaque
1254 2073 1358 2132 natur

217 2170 286 2233 eius
309 2176 452 2247 apparet.
476 2165 539 2230 Sed
555 2171 592 2229 ut
605 2165 647 2230 ad
661 2168 858 2246 propositum
881 2174 1025 2232 nostrum
1048 2175 1262 2243 revertamur,
1289 2165 1356 2230 rati

218 2284 300 2346 quae
329 2266 361 2328 in
391 2265 451 2329 hoc
477 2282 596 2344 genere
623 2264 707 2328 inter
743 2262 919 2328 subiectum
955 2274 989 2327 ct
1015 2265 1171 2329 obiectum
1205 2262 1358 2326 voluntat

216 2363 352 2428 subiecti
376 2362 511 2425 electum
534 2360 718 2439 intercedit,
741 2366 875 2436 effectum
896 2359 1055 2440 significat
1077 2369 1111 2426 et
1132 2361 1297 2426 obiectum
1317 2376 1358 2425 au

215 2462 247 2525 id
270 2461 375 2541 ipsum
398 2465 457 2539 est,
481 2460 566 2540 quod
587 2461 724 2523 allicitur
747 2460 844 2530 tunde
867 2460 899 2522 in
921 2459 981 2524 hoc
1003 2477 1121 2540 genere
1142 2476 1238 2524 casus
1252 2457 1358 2523 rectiu

216 2563 387 2622 amaros
413 2557 658 2638 appellaretur),
696 2564 752 2622 aut
778 2576 911 2633 parom
937 2560 983 2620 vel
1003 2577 1065 2633 res,
1101 2561 1135 2618 ta
1160 2576 1223 2632 qao
1253 2562 1358 2633 effecta

218 2664 357 2733 apparet,
388 2661 421 2720 ct
442 2656 611 2735 utrobique
634 2656 760 2735 quidem
785 2657 839 2732 sic,
864 2661 900 2718 ut
921 2654 1000 2720 haec
1023 2653 1215 2736 significatio
1239 2653 1358 2720 effectu

218 2770 351 2833 prorsus
374 2752 463 2816 intra
485 2754 639 2817 actionem
664 2754 755 2833 qnasi
778 2754 998 2818 decurrentem
1023 2752 1122 2817 cadat
1159 2751 1213 2827 ,Et
1229 2769 1303 2815 cum
1325 2767 1357 2817 aa

219 2850 352 2912 cusativi
383 2850 464 2912 ratio
491 2857 525 2912 et
554 2856 671 2914 natura
698 2852 730 2913 in
762 2849 822 2913 lroc
849 2868 967 2929 genere
1000 2850 1174 2914 clarissime
1208 2852 1358 2929 appareat

219 2951 287 3009 turn
310 2946 489 3023 discrimen,
512 2948 597 3026 quod
619 2947 789 3012 intercedit
811 2948 895 3010 inter
917 2947 1073 3010 actionem
1095 2947 1357 3028 productivama

219 3044 423 3122 receptivam,
446 3043 478 3107 in
493 3043 551 3108 hoc
574 3063 693 3124 gernere
716 3044 851 3108 maxime
874 3044 1151 3124 estperspicuum.
1174 3044 1277 3123 Atqui
1293 3042 1358 3109 actii

219 3141 409 3219 productiva
431 3141 515 3219 talis,
538 3141 571 3204 in
594 3159 656 3221 qua
679 3142 793 3206 obiecti
816 3141 953 3222 eligendi
976 3146 1120 3221 potestas
1141 3142 1311 3207 liberrima
1324 3141 1358 3207 sil

220 3236 247 3300 si
280 3249 428 3301 accurate
462 3257 530 3301 rem
567 3245 707 3318 spectes,
746 3240 776 3301 in
805 3240 844 3302 iis
872 3238 973 3304 solum
1009 3240 1181 3319 generibus
1216 3241 1358 3306 actionun

220 3351 376 3414 apparere
404 3341 521 3414 potest,
555 3353 690 3414 quarum
720 3342 837 3400 natura
865 3338 969 3416 ipsum
999 3337 1141 3417 cogitare
1170 3343 1239 3416 est,
1273 3338 1358 3402 itan

223 3430 300 3494 nihil
325 3431 386 3496 nisi
408 3433 478 3513 ipsa
500 3433 652 3513 cogitatio
675 3451 733 3512 per
756 3453 790 3497 se
814 3439 959 3513 spectata
976 3433 1133 3498 obiectum
1151 3435 1358 3514 productivur

222 3546 295 3592 esse
317 3530 429 3609 possit.
475 3530 658 3610 Cogitatum
682 3534 789 3595 antem
818 3532 968 3611 quiddam
996 3531 1217 3596 enunciatione
1245 3530 1358 3613 exprim

221 3643 351 3690 necesse
375 3632 425 3690 est
444 3631 478 3690 et
500 3628 572 3691 inde
595 3628 698 3691 oritur
713 3628 908 3693 constructio
924 3628 1097 3692 accusativi
1121 3646 1191 3693 cum
1213 3627 1358 3693 infinitivo

225 3740 290 3801 qna
319 3722 447 3802 plenum
484 3731 581 3804 atque
618 3727 778 3805 integrum
814 3725 986 3804 cogitatum
1023 3724 1358 3806 protertur-tanqua

223 3818 384 3884 obiectum
411 3822 502 3886 verbi
530 3822 699 3903 cogitandi.
751 3821 1028 3886 Constructionem
1062 3821 1143 3886 hanc
1173 3822 1274 3887 etiam
1302 3830 1358 3888 tun

223 3933 294 3979 curn
325 3917 503 3982 subiectum
540 3917 576 3982 fit
608 3918 858 3996 enunciationis,
897 3919 1029 3982 eandem
1066 3928 1212 3985 naturam
1247 3921 1358 4002 cogitat

224 4014 388 4078 cuiusdam
409 4034 487 4095 prae
511 4035 545 4080 sc
568 4017 664 4094 ferre,
685 4015 748 4079 iam
771 4016 1003 4095 supradictum
1027 4022 1084 4081 est
1109 4015 1200 4081 Idem
1219 4018 1358 4083 usuvoui

186 4122 189 4127 ·
226 4108 257 4172 in
287 4111 394 4175 verbis
421 4112 603 4193 affectuum,
626 4113 697 4192 ubi,
733 4114 760 4177 si
787 4112 901 4177 leviter
927 4132 995 4177 rcm
1018 4122 1162 4194 spectas,
1200 4113 1358 4180 enunciau‘

227 4208 382 4275 eiusmodi
403 4230 462 4291 per
484 4213 700 4275 accusativum
724 4211 809 4274 elata
835 4229 896 4274 non
922 4211 986 4275 tale
1017 4211 1177 4277 obiectum
1201 4212 1358 4290 exprimet

226 4304 361 4388 videtur,
390 4309 473 4388 quod
497 4308 597 4372 libero
620 4308 753 4372 arbitrio
775 4308 910 4374 subiecti
933 4309 975 4372 sit
994 4307 1140 4372 electum.
1187 4307 1251 4372 Sed
1274 4307 1357 4372 iulii
