3125 5075
200 370 241 429 30
638 362 795 403 sosarnus.
818 360 881 401 cnr.
896 359 937 399 ιιι.

202 538 236 597 et
257 533 386 599 Terent.
410 533 527 599 Heaut.
550 534 587 612 V,
617 540 647 613 4,
674 540 725 599 1οι

242 647 308 713 ΟΗ.
331 655 373 711 At
393 668 458 726 ego,
484 653 509 712 si
531 669 578 711 me
594 653 711 725 metuis,
735 668 834 713 mores
850 668 921 711 caue
938 654 969 711 in
990 658 1020 710 te
1037 667 1103 711 esse
1125 652 1200 711 istos
1225 651 1361 710 sentiam.

242 745 303 811 CL.
329 748 430 823 Quos?
467 745 533 811 GH.
555 750 587 810 Si
609 751 687 810 scira
710 750 764 822 vis,
788 766 844 823 ego
860 751 971 809 dicam:
1005 764 1105 822 perro,
1139 748 1238 815 iners,
1266 748 1364 819 fraus,

1044 845 1150 912 beura

330 943 440 1009 Gamo,
464 943 632 1005 damnosas.

199 1055 290 1120 Adde
306 1054 384 1120 Hec.
400 1054 459 1134 ΙΙΙ,
487 1061 513 1135 1,
538 1058 556 1119 6
582 1057 687 1136 (quem
704 1056 808 1122 locum
822 1056 960 1121 aderunt
974 1055 1077 1120 Rudd.
1095 1073 1124 1136 p.
1139 1057 1211 1120 389.
1237 1053 1361 1120 Schulz.

199 1172 245 1235 gr.
270 1154 323 1218 lat.
347 1171 377 1234 p.
395 1156 467 1233 666,
490 1153 573 1228 aliil:
596 1157 671 1216 Nam
694 1176 868 1219 aesomnes
891 1158 997 1234 quibus
1022 1163 1068 1215 est
1090 1155 1229 1214 alicunde
1252 1155 1359 1231 aliquis

197 1255 332 1314 obiectus
356 1254 450 1328 labos,
475 1255 569 1315 Omne
593 1256 671 1329 quod
696 1263 743 1316 est
765 1258 883 1316 interea
904 1264 1022 1328 tempus
1044 1254 1128 1328 prius
1151 1269 1240 1328 quam
1262 1252 1294 1310 id
1317 1268 1362 1311 re·

200 1354 337 1414 scitumst
359 1353 490 1424 lucrosi,
514 1349 584 1429 ubi,
608 1354 644 1414 ut
666 1356 754 1416 recte
777 1351 945 1416 Schulzius
974 1348 1067 1428 dicit,
1100 1347 1238 1428 primunr
1260 1345 1360 1412 uoluit-

198 1447 318 1512 dicere:
342 1451 426 1509 lucro
443 1452 629 1523 apponimus,
653 1450 709 1512 sed
726 1449 801 1530 quia
816 1449 923 1514 verbis
946 1466 1032 1511 omne
1056 1448 1132 1524 quud
1156 1462 1240 1509 nova
1262 1444 1358 1509 series

200 1544 430 1610 sententiarum
443 1544 563 1625 incipit,
585 1544 649 1609 iam
664 1547 803 1626 priorem
820 1545 955 1629 negligit
969 1545 1102 1625 loquens
1119 1549 1153 1608 et
1168 1542 1357 1608 enunciatio

199 1661 271 1708 nem
294 1642 340 1707 ita
364 1642 404 1706 ad
420 1638 515 1705 finem
538 1642 695 1723 perducit,
718 1644 808 1725 quasi
832 1664 917 1706 omne
941 1646 1018 1721 quod
1041 1642 1083 1706 sit
1105 1639 1285 1704 subiectum
1308 1657 1356 1720 po

199 1742 357 1807 tissimum
382 1739 614 1804 enunciationis
636 1744 669 1804 et
696 1742 803 1821 pergit
818 1742 872 1821 ita,
896 1740 987 1820 quasi
1009 1757 1070 1804 non
1093 1759 1148 1801 nos
1171 1756 1283 1811 omnes,
1306 1734 1356 1801 sed

200 1844 284 1903 nobis
307 1841 442 1900 omuibus
466 1837 590 1901 dixerit.
636 1837 736 1902 Recte
752 1838 946 1918 Bipontinus
966 1836 1020 1916 ait,
1044 1842 1173 1916 poetam
1195 1833 1226 1898 h.
1249 1834 1269 1898 l.
1285 1852 1353 1898 ana·

202 1936 330 2004 colutho
358 1933 413 1998 illo
441 1933 537 1996 animi
565 1935 840 2013 perturbationem
865 1934 1020 2013 Pamphili
1048 1933 1202 1998 scientem
1234 1931 1353 1996 imitari

200 2036 307 2100 Minus
331 2030 463 2097 offendit
485 2030 565 2094 Eun.
589 2032 667 2112 prol.
691 2052 719 2096 v.
748 2038 785 2096 10
808 2049 893 2113 sqq.:

369 2153 469 2223 Atque
492 2148 523 2205 Ιιι
546 2147 719 2209 Thensauro
743 2152 874 2225 scripsit,
899 2167 1017 2210 causam
1042 2148 1143 2207 dicere

370 2248 457 2308 Prius
481 2245 558 2304 unde
580 2247 704 2321 petitur,
729 2266 832 2308 aurum
857 2266 915 2324 qua
937 2264 970 2307 re
994 2248 1033 2305 sit
1056 2262 1149 2319 suom,

369 2347 462 2419 Quam
485 2343 546 2402 illic
569 2345 619 2418 qui
641 2347 727 2418 petit,
753 2347 830 2406 uude
853 2347 879 2407 is
902 2347 941 2406 sit
963 2345 1142 2404 thensaurus
1164 2343 1232 2418 sihi,

201 2461 256 2526 ubi
280 2460 363 2525 ratio
387 2457 595 2539 grammatica
616 2461 700 2519 illum
724 2459 852 2524 videtur
871 2456 1046 2542 postulare,
1069 2455 1125 2520 sed
1147 2462 1184 2520 ut
1204 2462 1293 2522 recte
1314 2454 1353 2521 di·

202 2562 246 2625 cit
267 2561 424 2634 Donatus,
448 2561 499 2619 est
522 2560 627 2618 mente
650 2557 831 2623 addendum
856 2561 946 2633 dicat,
969 2556 1017 2620 ita
1039 2559 1076 2618 ut
1096 2554 1177 2621 haec
1200 2554 1244 2620 sit
1265 2572 1356 2619 enun-

203 2658 297 2723 ciatio
314 2653 503 2720 secundaria
518 2652 619 2734 quasi,
642 2671 738 2734 quam
753 2655 850 2736 vulgo
867 2655 977 2719 dicunt
993 2653 1245 2718 subordinatum.
1283 2653 1354 2716 Eun·

202 2754 242 2834 V,
266 2759 297 2834 8,
321 2759 376 2819 33:

330 2865 395 2928 PH.
428 2868 509 2940 Quor
529 2886 600 2941 crgo
623 2870 653 2926 in
678 2869 724 2927 his
746 2873 775 2926 te
801 2865 959 2939 conspicor
981 2861 1173 2938 regionibus?

330 2962 425 3026 THR.
450 2967 540 3025 Vobis
563 2964 666 3037 fretam,

206 3079 260 3143 ubi
284 3096 355 3142 cum
379 3076 584 3142 Schmicdero
608 3076 779 3141 Thrasonis
803 3073 994 3149 orationem,
1033 3088 1104 3136 cum
1134 3071 1288 3137 nonnulla
1308 3069 1355 3137 ad·

205 3176 283 3242 dere
305 3173 412 3253 vellet,
434 3193 454 3237 a
475 3174 634 3239 Phaedria
657 3175 871 3251 interruptam
895 3188 966 3234 esse
988 3177 1076 3250 puto.

292 3277 320 3338 6.
358 3275 516 3337 Vocatioas
544 3273 681 3354 primum
712 3271 778 3335 siue
809 3267 1083 3332 interiectionibus
1111 3273 1301 3346 usurpatur,
1330 3268 1360 3329 ut

205 3371 367 3438 aCatone
394 3388 445 3450 ap.
478 3369 712 3449 Charisiump
747 3370 821 3430 143:
859 3368 928 3427 Vita
954 3368 1040 3426 deum
1070 3369 1295 3439 immortalium,
1327 3359 1359 3428 cl

204 3470 326 3553 Meyer.
352 3488 398 3534 or.
422 3467 513 3531 Rom.
536 3465 649 3547 fragm.
673 3485 704 3546 p.
732 3468 792 3528 150
815 3461 1005 3526 etBolhuis.
1030 3459 1166 3524 diatriba
1189 3460 1269 3524 lit
1260 3479 1292 3524 ιιι
1309 3458 1361 3523 ca·

206 3570 289 3634 tonis
312 3568 485 3648 scriptaet
506 3563 739 3644 fragmentup.
764 3567 842 3634 214
865 3559 957 3636 adq.
981 3557 1000 3620 l.
1024 3557 1172 3622 Statilius
1193 3557 1360 3622 Maximus:

203 3663 387 3745 Ἐκφώνησις
409 3657 536 3743 ἆοχαΙκΙ]
559 3654 600 3733 ὡς
622 3685 647 3722 ω
670 3656 777 3722 πόποι.
823 3658 927 3722 Plaut.
951 3654 1065 3735 Amph.
1089 3653 1136 3733 ll,
1161 3661 1191 3725 2
1217 3658 1293 3720 190.
1328 3653 1361 3714 Ili

206 3767 393 3826 inmortales.
437 3759 511 3824 Ter
536 3760 634 3822 Andr.
658 3759 696 3834 Ι,
720 3762 748 3834 6,
776 3762 827 3820 10:
862 3757 1009 3826 Charine,
1033 3752 1206 3830 utrobique
1229 3751 1299 3815 sine
1319 3749 1361 3813 in·

206 3861 391 3927 temectrone
403 3857 599 3923 Fleckeisen
631 3855 758 3919 Terent
774 3854 874 3918 Andr.
891 3850 934 3930 ΙΙ,
957 3854 986 3928 6,
1010 3854 1042 3913 2:
1066 3854 1158 3918 Dave,
1181 3852 1219 3911 ut
1240 3844 1362 3927 scripsit

207 3958 361 4023 Fleckeis
399 3955 436 4019 ln
452 3955 535 4020 hauc
551 3972 619 4017 rem
635 3953 729 4017 docet
743 3947 1003 4016 Fleckeisenus
994 3966 1027 4010 ιιι
1043 3945 1145 4010 Iahnii
1167 3963 1240 4009 nov.
1263 3939 1361 4008 annal

208 4055 316 4137 philol.
343 4058 423 4119 1856
452 4071 481 4134 p.
499 4057 572 4130 686,
596 4048 848 4115 interiectionem
873 4068 890 4110 o
914 4045 1058 4110 vocativo
1081 4043 1233 4120 additam,
1256 4040 1317 4107 nisi
1337 4037 1363 4101 'n

210 4169 356 4217 sermone
380 4153 540 4215 concitato
564 4155 633 4213 ett
635 4168 686 4211 um
709 4163 836 4226 semper
857 4144 948 4209 initio
972 4142 1143 4218 sermonis,
1176 4139 1218 4204 ab
1240 4156 1303 4203 usu
1323 4134 1363 4199 lo·

210 4249 327 4329 quendi
351 4247 468 4328 dialogi
491 4264 624 4327 prorsus
645 4243 779 4307 alienam
804 4260 883 4307 esse.
917 4238 1041 4304 Deinde
1063 4236 1159 4301 variis
1182 4232 1331 4300 additis
1323 4250 1363 4296 m·

211 4346 457 4413 etrieetionibus.
483 4341 673 4409 Disseritdc
691 4339 751 4404 hac
762 4359 798 4403 re
810 4337 1051 4402 Ruddimannus
1067 4352 1099 4416 p.
1110 4337 1182 4398 316.
1199 4336 1263 4401 338
1274 4337 1308 4397 et
1323 4345 1363 4408 sq.
