3125 5075
709 377 836 419 VERBUM.
863 378 928 419 ΟΑΡ.
943 378 1002 419 111¹.

745 602 788 614 ·-
810 572 871 641 Tu,
895 573 944 646 qui
968 587 1071 633 zonam
1095 585 1153 630 non
1178 569 1283 637 eadee

393 668 471 742 Quid
494 669 523 729 ln
548 668 624 730 hano
646 669 768 729 verialia
791 669 909 741 urbem,
937 675 989 728 cul
1010 666 1083 743 quid
1102 663 1329 742 commu)

285 764 339 831 ubi
360 764 401 828 ed
425 781 522 828 unum
545 762 673 844 quidem
704 768 828 828 tuntum
858 761 939 829 fiunt
961 763 1074 842 veroa,
1102 761 1160 828 aed
1183 762 1212 826 ia
1235 761 1279 827 de
1303 759 1436 843 plurilus

285 862 511 943 interrogatur.

370 964 399 1024 3.
444 958 582 1025 Pluralis
604 960 700 1024 etiam
723 960 853 1042 ponitur
875 956 955 1022 κατὰ
978 950 1093 1022 σύνεσιν
1115 960 1192 1039 pout
1211 957 1367 1024 notiones
1387 954 1440 1023 eal

287 1057 430 1137 lecticas,
457 1064 490 1121 et
512 1058 648 1138 primum
671 1058 800 1138 quidem
823 1062 897 1137 post
918 1055 1130 1135 substantivo,
1153 1072 1218 1137 quo
1235 1054 1384 1136 pertinet
1402 1054 1440 1118 in·

285 1155 396 1238 primis
414 1174 498 1232 pars.
543 1153 622 1220 olto
637 1173 687 1235 up.
712 1155 794 1221 Geli.
820 1154 877 1231 111,
902 1160 937 1218 7:
961 1164 1086 1232 propter
1108 1157 1174 1218 cino
1197 1155 1333 1217 virtutae
1356 1155 1441 1216 m

286 1257 415 1318 Graecia
437 1258 562 1332 glorium
589 1262 679 1331 etqua
706 1259 833 1333 gratiam
859 1257 1054 1330 praecipuum
1077 1252 1270 1340 claritudinis
1295 1255 1441 1315 inclilioci·

285 1372 349 1415 mae
372 1354 543 1416 decoravere
566 1357 762 1417 monumentis
786 1355 877 1429 signia
901 1353 1008 1414 statuis
1027 1381 1064 1396 -
1082 1352 1209 1427 aliisque
1233 1352 1342 1413 reboo.
1373 1346 1443 1415 cuo

284 1467 327 1514 or.
344 1468 401 1531 pro
416 1450 533 1516 Rura:
550 1461 638 1529 atquc
656 1456 728 1515 hunt
743 1456 806 1515 ocio
822 1470 860 1514 un
872 1452 986 1526 parda
1002 1468 1103 1511 eorum
1120 1450 1244 1526 smel,
1263 1452 1320 1526 qni
1337 1467 1394 1510 non
1408 1480 1443 1492 -

289 1551 448 1622 noluerint,
472 1566 499 1611 v.
525 1548 644 1631 Meyer
667 1550 717 1615 ed.
741 1548 784 1628 ΙΙ,
808 1567 838 1628 p
866 1551 925 1612 lot
948 1551 982 1612 el
1004 1543 1044 1614 cf
1067 1562 1112 1611 or
1136 1544 1175 1610 de
1197 1543 1331 1611 ambitu
1355 1563 1384 1627 p.
1400 1548 1442 1622 62,

291 1650 330 1712 12
354 1644 439 1710 iord.
464 1646 507 1722 (in
530 1665 576 1712 or.
599 1647 638 1711 de
659 1664 696 1712 re
718 1646 827 1714 Floria
848 1650 957 1712 eutem
980 1663 1009 1724 p.
1026 1648 1076 1718 64,
1100 1641 1223 1708 8Iord.
1241 1649 1320 1724 post
1338 1645 1443 1720 partia

285 1745 404 1810 illoram
427 1744 599 1825 singularis
622 1745 711 1810 verbi
734 1744 859 1825 positus
882 1748 952 1817 eat).
998 1740 1092 1808 Ennii
1114 1741 1220 1807 annal.
1244 1740 1319 1814 ΙΙ,
1343 1740 1446 1806 fatet

279 1860 358 1918 pars
381 1845 494 1905 ludicro
518 1863 591 1905 aare
611 1846 740 1913 Iactaut,
763 1848 842 1906 inter
865 1862 897 1905 oe
920 1844 1074 1904 licitantcr
1095 1838 1231 1917 (Nonius
1254 1858 1288 1922 p
1318 1843 1387 1916 134.
1412 1843 1442 1904 ll

288 1941 421 2009 ‘licitare
444 1939 606 2021 congredi,
629 1958 781 2022 pugnare
785 1939 804 2014 Ἰ
828 1939 933 2005 Plaut.
959 1937 1051 2021 Oept.
1069 1937 1111 2019 ΙΙ,
1130 1944 1157 2016 l,
1174 1941 1216 2004 36
1239 1940 1348 2014 (=r.
1365 1941 1442 2010 232Ιτ

289 2037 365 2098 Nam
387 2056 530 2100 macoma
553 2058 639 2114 para·
658 2040 722 2103 iere
751 2058 862 2104 marem
895 2042 973 2100 hunc
995 2039 1124 2100 lomim
1147 2040 1267 2100 meent.
1317 2033 1443 2111 Trinl

292 2139 318 2211 1,
345 2138 400 2199 13:
422 2138 574 2215 Nimisque
599 2140 647 2200 hic
669 2141 765 2215 pluris
788 2140 961 2214 pauciorum
984 2139 1110 2213 medam
1134 2138 1271 2198 Faciunt
1296 2155 1375 2214 pare
1399 2138 1443 2198 lc-

289 2235 399 2294 minnm
427 2255 513 2312 qnam
542 2238 572 2297 id
600 2257 657 2313 quo
686 2239 805 2313 prosint
830 2237 981 2312 pluribus,
1009 2233 1101 2312 adq.
1124 2232 1334 2300 1.Lindem.:
1357 2235 1444 2314 „Pan

288 2327 406 2410 plurali
428 2351 562 2400 numero
584 2334 727 2400 iunctum
749 2351 845 2414 saepe
868 2338 902 2399 et
923 2332 999 2399 alibi
1021 2335 1055 2397 et
1070 2330 1156 2411 opud
1175 2329 1344 2412 Plautum,
1367 2329 1443 2397 relat

287 2426 429 2495 Mouless.
457 2429 488 2511 I,
512 2436 549 2512 2,
581 2437 638 2497 33:
672 2441 719 2497 oet
747 2451 858 2510 magere
876 2450 954 2508 poro
978 2434 1093 2494 Morem
1121 2433 1200 2494 hunc
1237 2428 1444 2492 drudro-‘carad‘⁸

289 2525 381 2593 Truc.
406 2526 436 2597 Ι.
461 2534 494 2608 2,
528 2534 580 2595 Ι2;
612 2542 642 2593 et
665 2550 743 2608 pars
769 2541 972 2609 spectatorum
1000 2532 1089 2592 scitis.
1140 2525 1289 2608 Aquilius
1322 2524 1445 2593 Boeotia

291 2620 328 2688 fr.
356 2631 382 2706 l,
407 2644 435 2692 v.
460 2632 491 2691 9:
516 2631 618 2691 Maior
635 2649 711 2705 pars
733 2633 836 2706 populi
860 2637 892 2690 ut
914 2630 990 2692 aridi
1019 2633 1135 2702 reptent
1163 2626 1250 2688 lame.
1300 2625 1333 2690 S.
1358 2622 1391 2691 G.
1411 2624 1445 2688 de

291 2722 450 2789 Bacchan.
473 2725 525 2790 lin.
551 2731 607 2791 20:
640 2747 713 2790 neve
740 2730 883 2789 interibci
910 2729 983 2788 rirei
1006 2728 1096 2803 pleae
1119 2727 1250 2799 duobus,
1276 2725 1444 2787 meliarina

289 2824 378 2897 ptam
401 2829 496 2887 tribus
520 2827 629 2887 urinise
658 2829 759 2888 celent.
807 2825 910 2889 Plano
939 2823 1025 2889 Trin.
1050 2822 1096 2894 ΙΙ,
1119 2833 1148 2901 4,
1172 2826 1228 2886 23;
1258 2825 1445 2900 Τηροεείῑω

294 2923 520 2987 drachumarum
544 2927 623 2986 mille
645 2959 688 2969 -
705 2925 852 2998 redditae,
880 2923 921 2986 ud
950 2940 980 3004 q.
1010 2919 1181 2986 l.1nmb.:
1208 2920 1380 2994 ,Μῶα
1399 2933 1446 2998 po

297 3016 392 3082 situm
417 3028 476 3101 est,
500 3023 589 3102 quasi
606 3022 727 3086 dictum
743 3027 840 3093 esset.
864 3023 944 3083 mlle
958 3022 1129 3097 drachmae,
1152 3022 1188 3082 ut
1202 3019 1364 3098 spectarit
1378 3012 1447 3081 iilud

292 3116 377 3196 quod
399 3116 601 3202 intelligitur,
625 3139 705 3197 non,
732 3119 849 3201 quibus
880 3117 985 3184 verbis
1012 3115 1174 3183 dicatur.“
1220 3116 1371 3198 Denique
1393 3114 1446 3178 hnc

293 3220 441 3292 spectant
474 3219 677 3298 pronomina,
716 3215 983 3299 quemadmodum
1016 3215 1102 3296 apud
1138 3213 1283 3280 Graecos
1318 3214 1446 3281 ἕκαστος,

291 3304 382 3383 ἄλλος
404 3311 553 3393 deloco,
576 3315 639 3381 alia
667 3333 739 3381 cum
761 3314 882 3397 plurali
903 3313 991 3380 verbi
1015 3313 1262 3393 coniunguntur,
1287 3329 1319 3374 v.
1336 3308 1445 3377 narrt.

292 3417 375 3490 synt.
399 3430 503 3491 graec.
526 3432 557 3494 p.
581 3417 652 3479 420.
698 3411 882 3480 Transitum
905 3410 1068 3477 uolunt
1047 3429 1070 3474 n
1092 3409 1164 3487 loci,
1187 3410 1243 3476 ubi
1265 3409 1447 3491 pronomina

295 3505 327 3571 in
350 3509 457 3588 priore
488 3509 717 3577 enunciationia
747 3515 841 3593 parto
871 3509 976 3591 posita
1005 3513 1080 3575 aunt
1103 3507 1166 3574 et'
1158 3526 1189 3572 ru
1212 3505 1319 3573 alteru
1343 3505 1447 3574 deinde

291 3604 408 3685 plurali
431 3609 520 3674 verbi
543 3609 700 3692 pergitur.
746 3608 800 3675 Sic
829 3608 932 3673 Plani.
955 3606 1041 3673 Men.
1064 3605 1128 3684 ΙΙΙ,
1151 3610 1185 3675 2
1209 3610 1269 3672 56;
1300 3605 1400 3681 racin',
1420 3614 1447 3665 ΙΙ

289 3722 432 3783 qumque
455 3710 623 3785 conspicor,
647 3709 695 3771 ila
716 3726 763 3771 me
786 3709 964 3783 ludificaret?
1009 3703 1125 3769 Pseud.
1149 3701 1184 3780 Ι,
1207 3707 1238 3779 2,
1262 3705 1298 3768 2;
1324 3707 1446 3781 Quom

293 3821 450 3881 numquam
473 3810 629 3884 quicquum
652 3825 812 3884 quoquam
841 3811 923 3869 venit
951 3809 982 3867 in
1005 3813 1133 3866 mentem
1164 3812 1198 3864 ut
1220 3809 1307 3865 reete
1331 3803 1446 3876 sudant

294 3898 341 3979 11,
370 3908 398 3978 l,
426 3907 457 3966 l:
488 3913 521 3966 nt
543 3907 614 3967 mihi
635 3907 779 3981 medard
801 3924 856 3981 ugo
887 3905 986 3981 lepide
1010 3905 1109 3965 omnia
1131 3919 1340 3978 proaperaqua
1362 3898 1446 3962 eccui

293 4005 355 4058 aut.
400 3999 496 4067 Poen.
518 4002 598 4083 prol.
623 4023 649 4065 v.
674 4009 713 4068 37
730 4021 790 4083 so:

370 4239 402 4304 ¹¹)
420 4237 520 4296 Hiatus
532 4237 653 4296 fortulae
667 4237 826 4293 tolerandus
840 4243 884 4291 eet
896 4241 1013 4305 propter
1024 4230 1283 4302 interpunctionem,
1297 4231 1351 4286 rid.
1364 4229 1441 4284 Hem.

294 4322 470 4475 ἔξὲιωᾱοοιτ.
489 4332 568 4381 metr.
586 4321 631 4379 od
649 4321 687 4391 11,
702 4339 733 4392 p.
751 4322 802 4388 66,
820 4317 880 4376 coll
899 4316 1015 4374 illlechl.
1037 4315 1185 4387 protegam
1205 4313 1242 4371 ad
1261 4314 1402 4369 Tn'num.
1418 4326 1439 4376 p.
