3125 5075
201 371 262 433 342
488 362 549 402 cau.
566 362 609 400 xv.
638 360 786 400 nocsursa
814 359 1067 400 nauucrarrouoa.

287 570 316 613 o.
362 550 440 612 (ium
466 551 633 630 negatione
657 549 857 614 coniunctum
881 554 969 614 ctiam
993 547 1154 631 significat
1184 568 1252 612 rcm
1283 567 1356 614 non·

199 650 272 714 dum
296 648 421 711 iactam.
468 648 607 727 Tempus
637 647 741 711 adhue
769 655 833 725 cst,
864 647 897 711 in
929 665 992 728 quo
1022 655 1085 712 'non
1114 645 1200 713 iacta
1232 648 1274 712 sit
1297 666 1356 712 res.

199 746 250 811 Sic
273 750 363 806 etiam
385 766 447 807 nort
475 763 532 824 pro
563 747 704 812 troadam,
736 753 768 809 et
794 750 873 807 nihil
899 749 997 807 etiam.
1053 745 1095 809 Et
1126 751 1359 824 componuntur

199 843 296 907 verba
319 846 448 903 nondum
473 846 570 906 etiam.
618 841 720 906 Plaut.
746 843 859 907 Pseud.
883 844 912 921 1,
938 850 971 921 3,
994 847 1037 907 45
1060 860 1121 923 sq.:
1146 846 1236 905 Hunc
1259 846 1357 920 pudet,

201 943 277 1018 quod
302 943 356 1000 tibi
379 946 531 1016 promissit
554 959 669 1017 quaque
693 944 723 1001 id
746 945 899 1017 promissit
927 943 992 1018 die,
1023 944 1100 1015 Quia
1129 944 1227 1003 minas
1258 945 1357 1018 viginti

94 1088 98 1096 .
200 1042 255 1099 tibi
279 1058 333 1113 pro
357 1043 451 1099 amica
473 1057 532 1098 non
554 1040 756 1102 etinnrdcdit.
790 1038 916 1102 Terent.
935 1039 1031 1101 Andr.
1055 1038 1080 1116 Ι,
1108 1045 1134 1117 1,
1151 1042 1211 1101 88:
1237 1042 1359 1113 Egomet

200 1156 316 1212 qnoque
341 1141 404 1197 eius
428 1156 518 1196 causa
542 1140 570 1195 in
588 1138 674 1196 funus
699 1140 825 1211 prodeo,
849 1139 905 1197 Nil
925 1139 1015 1198 etiam
1039 1140 1197 1212 suspicans
1223 1141 1302 1197 maii.
1334 1140 1361 1212 2,

202 1237 251 1297 30.
278 1232 333 1302 ΙΙΙ,
358 1242 385 1309 2,
411 1239 467 1295 23ε
492 1236 559 1292 Nou
584 1238 655 1293 satis
680 1252 724 1294 mc
741 1239 876 1309 pernosti
898 1238 996 1300 etlam.
1020 1239 1116 1311 qualis
1141 1238 1208 1295 sim.
1244 1233 1359 1296 lleaut.

201 1329 260 1407 ΙΙΙ,
285 1335 314 1408 3,
339 1335 388 1394 35.

286 1444 316 1507 p.
361 1428 410 1490 De
434 1427 684 1506 interrogatione
707 1434 838 1507 praeter
855 1447 902 1502 ea.
926 1444 1093 1506 quaecum
1112 1428 1276 1493 communi
1293 1445 1362 1508 par·

202 1524 320 1588 ticulae
344 1543 404 1586 usu
428 1525 628 1603 conveniunt,
652 1524 730 1590 haec
754 1532 830 1589 sunt
846 1526 1054 1590 observanda.
1101 1525 1361 1599 interrogatione

200 1639 297 1700 quum
322 1622 537 1700 praesumitur
558 1621 600 1698 id,
624 1623 708 1700 qnod
731 1624 781 1686 vel
806 1621 874 1686 ficri
898 1621 1053 1700 iubemus,
1076 1621 1128 1686 vel
1151 1624 1240 1702 quod
1258 1630 1296 1685 ut
1311 1619 1363 1684 fiat

202 1720 234 1781 in
258 1719 341 1782 votis
371 1718 540 1796 habemus,
576 1721 703 1797 ponitur
733 1724 840 1798 etiam,
875 1737 938 1798 quo
969 1721 1087 1782 certior
1114 1719 1171 1783 fiat
1199 1737 1262 1782 res.
1299 1721 1360 1797 (Sic

201 1818 302 1881 Hand.
329 1835 358 1897 p.
384 1817 468 1894 574).
491 1816 594 1880 Plaut.
620 1818 706 1881 Asin.
730 1816 789 1890 ΙΙΙ,
814 1823 842 1893 3,
871 1823 945 1880 124;
976 1820 1078 1878 attam
1103 1827 1144 1890 tu,
1169 1835 1241 1890 ere,
1266 1821 1361 1878 istunc

203 1933 320 1975 :imeres
349 1935 402 1991 aps
430 1927 460 1974 te
490 1926 578 1991 atque
606 1934 651 1975 me
680 1918 743 1991 ipse
775 1917 939 1991 adgredere
963 1917 1045 1984 -?,
1074 1913 1115 1976 ad
1143 1929 1174 1991 q.
1205 1913 1224 1975 l.
1250 1913 1361 1976 Donza

203 2028 260 2088 pro
283 2015 355 2084 qrcin
378 2013 515 2092 positum
539 2029 610 2075 esse
626 2011 710 2076 dicit.
757 2012 886 2077 Terent.
911 2011 1008 2075 Andr.
1034 2011 1070 2089 l',
1095 2017 1124 2088 2,
1148 2015 1184 2074 8;
1210 2013 1319 2073 Etiam
1333 2021 1361 2070 tu

203 2112 258 2168 hoc
282 2114 455 2186 rependes,
479 2114 549 2186 quid
572 2114 640 2170 istic
665 2113 718 2170 tibi
743 2110 893 2186 negotist?
939 2108 1054 2173 Heaut.
1078 2105 1120 2182 ll,
1145 2114 1175 2182 2,
1200 2112 1235 2173 6;
1261 2112 1362 2170 Etiam

202 2226 300 2282 caves,
328 2227 362 2269 ue
386 2211 485 2269 videat
507 2209 585 2268 forte
611 2211 658 2268 hie
683 2220 713 2268 te
736 2219 862 2283 epatre
887 2209 998 2283 aliquid
1022 2208 1147 2269 exiens?

287 2322 315 2383 q.
361 2304 449 2368 Idem
481 2304 670 2382 exprimitur
697 2302 902 2385 imperativo,
938 2303 993 2369 sed
1021 2303 1215 2369 distinctius.
1264 2304 1360 2368 Piaut

203 2400 297 2464 Most.
321 2402 364 2480 ΙΙ,
389 2408 417 2481 2,
438 2407 495 2465 42:
519 2406 625 2463 Tutum
650 2406 782 2479 probast.
828 2403 892 2467 ‘lla
921 2405 1124 2479 Circumspice
1148 2405 1251 2464 etiam.
1298 2401 1359 2465 TH.

202 2501 342 2562 Nemost:
368 2505 488 2578 loquere
513 2520 590 2562 noire
613 2505 680 2562 iam.

288 2618 313 2661 r.
359 2600 491 2662 Accedit
519 2599 704 2680 imlignatio.
751 2598 831 2662 Nam
856 2600 910 2676 qul
941 2599 1076 2660 miratur
1105 2597 1244 2678 aliquid,
1280 2597 1357 2678 quod

206 2696 343 2758 aliemun
367 2703 424 2759 aut
446 2697 591 2775 ineptum
614 2705 671 2760 aut
687 2697 817 2759 nimium
841 2696 996 2773 videatur,
1021 2694 1089 2757 lieri
1106 2713 1203 2774 posse
1228 2698 1357 2775 ideoque

205 2794 398 2873 indignatur,
422 2794 449 2857 is
466 2795 643 2873 interrogat
659 2794 768 2856 addita
784 2792 941 2872 particula
963 2795 1060 2861 ettam.
1083 2810 1147 2871 qua
1163 2793 1357 2872 inexspecta-

203 2898 255 2954 tae
278 2891 325 2955 rei
351 2892 491 2955 accessio
524 2892 720 2969 exprimitur.
750 2890 862 2968 Amph.
887 2889 919 2967 Ι,
946 2896 978 2968 1,
1006 2894 1081 2952 120:
1112 2894 1219 2952 Etiam
1242 2895 1355 2965 clamas,

203 2990 370 3052 carnoten?
394 3009 422 3053 v.
448 2993 517 3052 225.
543 2988 636 3052 Most.
661 2988 711 3066 ΙΙ,
736 2994 764 3067 2,
789 2994 839 3052 82.

288 3106 313 3151 s.
359 3087 430 3150 Alia
454 3094 504 3151 est
526 3086 786 3167 interrogationis
810 3085 920 3164 forma,
944 3103 1007 3165 qua
1029 3086 1149 3167 aliquid
1167 3085 1280 3151 statim
1297 3082 1356 3147 ficri

203 3187 248 3247 ita
272 3184 492 3248 vehementius
509 3185 664 3255 iubemus,
689 3191 725 3248 nt
740 3203 812 3249 cum
828 3184 1044 3264 indignatione
1060 3201 1265 3263 quaeramus,
1291 3199 1355 3245 utrm

202 3301 253 3345 res
277 3283 416 3345 nondum
439 3282 523 3347 iacta
547 3283 597 3347 sit.
642 3282 745 3345 Plaut.
770 3283 859 3345 Pers,
885 3280 933 3358 ΙΙ,
957 3290 987 3359 4,
1008 3289 1045 3345 4:
1078 3286 1254 3359 Scelerate,
1278 3284 1356 3340 aanor

202 3381 350 3455 respicis?
374 3399 400 3443 v.
427 3388 458 3443 7:
481 3384 586 3442 Etiam
610 3383 684 3441 dieis
707 3384 756 3457 mi,
782 3383 933 3441 ulmitriba
956 3381 1011 3442 tu?
1034 3379 1095 3457 (sic
1112 3379 1234 3458 Bergk.
1254 3376 1357 3440 Pnilcl.

206 3482 296 3553 1861,
320 3478 345 3556 Ι,
369 3496 398 3556 p.
423 3480 487 3558 40).
520 3478 647 3543 Terent.
671 3477 798 3540 Phorm.
824 3477 880 3554 lll,
905 3485 932 3554 3,
958 3481 991 3541 9:
1015 3481 1105 3539 etiam
1128 3488 1159 3537 tu
1184 3480 1256 3537 hinc
1281 3474 1358 3537 abis?

203 3575 261 3638 Ad.
288 3576 341 3653 ll,
366 3581 400 3653 2,
428 3582 482 3638 ll:
508 3581 596 3638 etiam
619 3577 724 3638 taces?
772 3576 852 3639 Vide
875 3576 907 3638 in
930 3575 1114 3638 universum
1137 3573 1238 3637 etiam
1263 3573 1302 3636 de
1317 3572 1359 3634 his

201 3671 336 3736 diversis
360 3674 646 3754 interrogationum
670 3673 843 3754 generibus
866 3690 948 3752 quae
971 3675 1060 3732 ctiam
1091 3669 1288 3752 particulam
1311 3668 1359 3732 ad-

202 3769 341 3833 iunctam
366 3770 495 3848 habent,
521 3776 540 3848 ξ
567 3779 615 3850 lt),
640 3772 694 3835 ubi
718 3771 812 3850 plura
836 3769 989 3850 exempla·

289 3875 310 3931 t.
356 3868 405 3932 De
427 3874 516 3930 etiam
539 3876 627 3945 atquc
649 3873 738 3931 otium
762 3869 834 3932 ride
851 3868 1011 3932 Handium
1036 3885 1065 3947 p.
1083 3871 1154 3930 576.
1181 3866 1263 3929 Enn.
1282 3865 1361 3946 Iphi-

201 3967 314 4045 geniae
336 3966 374 4029 ir.
406 3975 437 4046 l,
460 3986 488 4029 v.
514 3974 673 4047 245sqq.:
702 3972 795 4028 Temo
823 3976 947 4043 superat
970 3969 1086 4043 oogcns
1118 3968 1246 4027 sublime
1279 3969 1360 4026 edom

201 4072 289 4138 olnae
313 4068 401 4125 etiam
423 4069 528 4129 Noctis
552 4070 619 4130 iter.
665 4064 794 4130 Terent.
819 4065 899 4129 Eun.
917 4065 942 4143 Ι,
963 4070 989 4141 l,
1008 4069 1062 4126 11:
1085 4068 1218 4126 domest
1239 4076 1360 4142 tempus.

199 4166 288 4222 etiam
312 4169 399 4238 atque
421 4169 512 4224 etiam
536 4170 642 4242 cogita.

286 4265 335 4325 38.
381 4263 501 4338 Qrcoque
542 4263 634 4325 Ennii
669 4261 927 4341 heduphagetica
961 4279 988 4322 v.
1022 4266 1077 4323 ll:
1113 4263 1218 4323 dulces
1254 4279 1362 4336 praepa

200 4359 308 4419 echini.
354 4359 459 4423 plaut.
484 4360 597 4439 Amph.
630 4360 675 4439 ΙΙ,
701 4366 736 4440 2,
764 4365 839 4424 192;
875 4363 950 4420 Mihi
979 4378 1091 4434 quoque
1122 4361 1232 4419 adsunt
1264 4372 1362 4422 testes.
