3125 5075
209 329 251 391 94
651 321 776 362 VERUM.
804 322 867 363 ΟΑΡ,
882 323 919 364 ΣΙ.

208 511 385 585 0011103111
408 510 527 572 Gratim
548 513 687 577 0100011.
733 509 1116 591 110111010111111111101
1142 510 1290 578 futurum
1314 532 1366 578 ex·

207 612 315 671 uotum
350 607 495 687 sequitur
527 619 682 689 praesens·
719 609 910 682 coniunctiori
942 609 1055 689 ampo.
1084 608 1116 688 1,
1146 614 1181 688 2,,
1215 616 1258 676 25
1289 628 1366 693 sqq,

206 720 302 784 ouem
324 704 426 770 locum
451 705 678 771 Fleckeiscuus
699 704 796 787 prael.
821 725 851 787 p.
875 706 986 772 XVlll
1009 707 1057 771 ilo
1075 707 1225 788 scripsit:

419 806 510 866 Pater
532 807 649 866 mooe
671 806 820 882 [luppiter
842 825 970 868 summus
993 805 1089 881 meus]

419 904 486 963 Uno
507 909 542 963 at
562 905 663 965 labore
687 904 822 977 operiret
843 919 999 980 aerumnas
1023 905 1105 977 duas,

418 1002 460 1063 Ut
482 1003 668 1062 clandestina
691 1003 765 1061 lmec
789 1002 898 1061 celetur
920 1003 1084 1075 consuetio,

420 1101 465 1159 No
489 1097 569 1174 [illa]
593 1102 623 1158 iu
647 1101 811 1173 suspitione
832 1103 965 1171 ponatur
988 1102 1093 1173 stupri.

205 1195 278 1260 Aul.
301 1195 343 1270 ll,
367 1200 395 1271 2,
420 1202 459 1260 27
484 1211 545 1275 sq:
576 1197 674 1257 Credo
697 1198 818 1270 edepol,
852 1198 901 1257 ubi
924 1199 1102 1257 mentionem
1125 1215 1181 1273 ego
1204 1199 1305 1270 secero
1327 1201 1362 1260 (lo

204 1296 276 1374 filla,
300 1285 375 1356 Mill
396 1295 636 1370 radesponam,
660 1311 726 1354 sese
749 1311 767 1353 a
790 1307 835 1352 me
859 1295 989 1355 derideri
1012 1296 1134 1355 rebitur.

291 1410 316 1457 c.
345 1395 580 1455 Emamocioaes
608 1393 720 1465 finales.
773 1388 932 1454 Praesens
959 1391 1132 1455 concordat
1163 1407 1236 1457 cum
1269 1410 1361 1472 prue-

204 1490 288 1554 eenli
315 1490 346 1553 in
374 1489 424 1553 his
452 1488 539 1553 locis.
584 1486 664 1553 Cato
692 1488 728 1551 R.
754 1487 790 1550 R.
815 1506 842 1550 c.
867 1491 899 1552 3:
936 1491 1111 1550 Torcularia
1140 1491 1221 1551 bona
1250 1492 1360 1553 habere

204 1594 316 1663 0001101
344 1598 377 1649 ut
407 1607 481 1664 opus
504 1590 578 1649 boue
602 1588 678 1648 effici
694 1587 801 1661 possit.
847 1585 949 1674 Pleuit.
975 1586 1088 1650 Bacch.
1113 1584 1153 1653 ll,
1178 1590 1207 1666 3,
1232 1593 1271 1652 91
1299 1607 1360 1667 sm:

203 1688 290 1746 Nunc
312 1687 429 1746 tibimet
448 1689 520 1746 illuc
544 1689 611 1745 nari
632 1685 841 1760 coeluradumst
861 1688 928 1757 itur,
954 1688 994 1746 Ut
1016 1688 1083 1745 illut
1098 1690 1230 1758 reportes
1246 1706 1359 1750 aurum.

205 1799 231 1844 v.
258 1786 331 1845 114:
359 1787 400 1844 At
425 1802 480 1859 ego
509 1785 576 1843 hiuc
600 1786 670 1843 obeo
692 1785 774 1843 illum
803 1794 835 1842 ut
857 1785 1036 1844 conveniam.
1082 1782 1136 1857 lV,
1160 1791 1190 1858 4,
1214 1786 1270 1846 88:
1307 1788 1358 1844 Su·

203 1883 380 1956 cophantias
408 1884 556 1956 0011001111,
585 1897 688 1942 aurum
710 1885 744 1941 ut
766 1900 819 1955 eps
843 1892 872 1939 to
897 1880 953 1956 [id]
978 1882 1109 1952 auferat.
1154 1879 1220 1943 Mil.
1246 1880 1306 1958 lll,
1333 1888 1357 1959 l,

207 1982 283 2041 1233:
306 1982 440 2054 precium
463 1981 490 2039 ei
512 1980 626 2045 01011111,
648 1996 703 2054 pro
725 1982 835 2039 virtute
857 1984 890 2037 ul
910 1984 1013 2037 0111001
1036 1977 1094 2051 (sic
1109 1976 1215 2040 Klotz.
1237 1978 1270 2040 in
1287 1997 1358 2043 ceu·

203 2091 278 2139 sura
301 2074 376 2139 edit.
400 2075 676 2141 Fleckeiscniuuoe
700 2075 731 2138 in
755 2092 825 2138 nov.
849 2074 951 2137 annal.
976 2074 1083 2154 philol.
1113 2079 1203 2152 1852,
1228 2075 1291 2140 vol.
1308 2081 1356 2153 61,

203 2178 280 2238 sum.
306 2177 334 2252 2,
361 2190 390 2253 p.
417 2180 475 2240 1911
501 2182 592 2255 Silili·
624 2173 751 2238 Terent.
774 2172 874 2236 Andr.
897 2172 923 2249 1,
947 2177 976 2250 2,
1000 2178 1055 2237 25;
1078 2180 1104 2236 si
1127 2193 1252 2236 sensero
1269 2178 1355 2236 hodie

202 2275 358 2350 quicquam
380 2276 411 2333 iu
435 2277 480 2335 his
503 2282 532 2335 tc
557 2277 668 2349 nuptiis
685 2275 835 2332 Fallaciae
858 2274 971 2341 comari,
994 2291 1052 2349 quo
1066 2275 1144 2345 fiunt
1158 2276 1265 2333 miuus.
1295 2271 1358 2336 Im-

202 2366 549 2450 perfectumsoquitur
570 2366 692 2450 imperi.
716 2369 796 2432 coni.
819 2367 923 2433 Plaut.
946 2370 1034 2433 Asin.
1059 2369 1096 2444 V,
1120 2374 1149 2442 2,
1173 2373 1232 2433 88:
1268 2372 1357 2432 Dice-

201 2468 278 2542 bum,
309 2464 410 2545 pater,
438 2472 491 2530 tibi
519 2487 556 2529 ue
586 2472 675 2529 matri
704 2469 868 2529 mmozeres
896 2473 981 2529 male.
1026 2466 1201 2546 Utrobique
1226 2473 1277 2531 ast
1299 2468 1356 2530 im·

201 2565 279 2644 perf.
303 2566 382 2630 coni.
406 2567 538 2630 Tereum·
556 2567 637 2630 Euo.
661 2565 714 2638 lv,
738 2572 767 2644 7,
795 2569 832 2629 16
857 2582 916 2644 sq.:
945 2568 1064 2628 lundam
1088 2570 1142 2626 tibi
1166 2586 1245 2627 nunc
1268 2568 1355 2628 ulmis

200 2666 301 2723 vellem
323 2668 396 2739 dari,
427 2669 468 2728 Ur
488 2679 520 2726 tu
544 2669 611 2727 illos
634 2671 738 2741 procul
767 2668 835 2726 hine
863 2684 899 2725 ex
922 2670 1039 2727 occulto
1061 2665 1201 2725 caederes.
1249 2662 1355 2726 Offen-

203 2762 251 2824 (111
273 2780 376 2841 praes.
406 2763 484 2826 coni.
516 2767 588 2841 post
610 2762 734 2840 imperf.
759 2761 969 2826 conditionale
993 2762 1131 2841 positum
1156 2761 1214 2824 Ad.
1241 2761 1302 2838 Ill,
1327 2767 1353 2838 2,

204 2863 256 2923 18:
280 2863 432 2921 Sublimem
455 2864 581 2922 medium
605 2863 766 2934 amparem
789 2870 819 2922 et
843 2864 941 2936 capite
965 2880 1087 2936 pronum
1112 2864 1142 2920 iu
1166 2873 1280 2920 terram
1297 2867 1354 2920 ste·

201 2962 319 3026 merem,
343 2962 382 3022 Ur
405 2963 529 3021 cerebro
550 2961 700 3034 dispereat
723 2963 808 3022 viam.
839 2957 1024 3035 (Loquemlo
1048 2959 1225 3020 erratione
1248 2958 1353 3022 conili-

200 3056 309 3119 tiouuli
334 3057 498 3137 egreditur
521 3067 555 3120 01
576 3058 697 3121 consilii
721 3056 820 3120 solius
843 3058 874 3119 in
897 3061 1041 3134 tempore
1056 3054 1164 3117 futuro
1181 3055 1235 3118 siti
1253 3057 1350 3120 ratio·

200 3168 272 3216 nem
303 3153 423 3235 habet).
477 3155 656 3219 Perfectum
687 3156 833 3234 sequitur
863 3152 984 3233 imperf.
1013 3152 1091 3217 coni.
1123 3152 1153 3215 in
1183 3152 1234 3216 his
1262 3154 1352 3218 locis:

205 3251 300 3315 Ennii
323 3252 454 3317 Euhem.
478 3251 514 3316 fr.
540 3261 571 3318 3:
595 3257 628 3316 Id
651 3258 715 3315 eius
738 3258 782 3315 rei
806 3273 896 3314 causa
918 3253 995 3326 fecit,
1026 3254 1071 3312 uli
1093 3255 1129 3312 ed
1153 3272 1222 3313 suos
1247 3266 1352 3329 gualos

201 3370 324 3426 reguum
346 3353 463 3414 rediret.
507 3351 609 3415 Plaur.
629 3350 740 3430 Amph.
765 3350 791 3427 Ι,
815 3355 844 3426 3,
869 3355 907 3413 25
924 3367 985 3427 sq.:
1010 3353 1085 3410 hauc
1108 3369 1230 3426 operam
1247 3354 1353 3413 erebra·

195 3451 252 3524 pai
275 3452 338 3523 tibi,
362 3453 407 3509 Ex
430 3469 475 3510 me
498 3455 594 3524 primo
615 3449 674 3526 [ut]
698 3454 794 3525 prima
815 3451 919 3522 seres,
944 3468 1006 3508 reru
1029 3460 1060 3508 ut
1081 3450 1231 3522 uessiusem
1256 3451 1351 3524 pupli-

200 3567 273 3608 cam.
319 3547 405 3610 Asin.
429 3547 508 3624 prol.
532 3567 560 3610 v.
586 3553 603 3610 1
611 3568 618 3610 :
642 3551 726 3618 Nunc
750 3549 819 3623 quid
836 3550 1029 3621 processerim
1056 3549 1111 3606 huo
1134 3558 1162 3606 ct
1187 3550 1259 3622 quid
1283 3549 1350 3607 mihi

199 3647 343 3705 voluerim
365 3648 484 3707 Dicam:
513 3652 548 3707 el
567 3648 682 3707 sciretis
703 3665 809 3706 nomeu
834 3647 919 3704 huius
942 3646 1068 3704 fabulae.
1113 3643 1168 3721 IV,
1198 3651 1222 3719 l,
1250 3651 1267 3706 7
1292 3663 1349 3724 sq.:

200 3746 302 3804 Leuae
334 3745 413 3803 dedet
445 3747 560 3820 argenti
594 3746 696 3818 uiginti
729 3748 838 3814 minas,
873 3745 1038 3803 Philenium
1072 3749 1105 3802 ul
1140 3762 1242 3804 secum
1273 3747 1348 3805 eusci

200 3841 271 3905 Aul.
294 3840 337 3919 II,
365 3847 390 3920 l,
418 3847 470 3905 14:
507 3841 551 3903 Eo
576 3860 652 3901 nunc
684 3850 800 3917 secreto
824 3841 904 3902 foras
928 3852 956 3902 te
981 3844 1037 3902 huc
1059 3843 1177 3909 secu-ri,
1210 3844 1252 3903 Ul
1273 3852 1348 3902 tuum

199 3958 262 4000 rem
286 3958 340 4016 ego
364 3950 459 4001 tecum
484 3943 532 4001 hic
554 3943 690 4013 loquerer
713 3940 895 4000 familiarem.
942 3937 1013 4001 Cas.
1037 3939 1115 4017 prol.
1140 3957 1167 4002 v.
1194 3943 1248 4002 52:
1278 3945 1346 4002 allo-

199 4042 278 4114 301111
301 4070 342 4081 ——
365 4041 415 4113 qui
437 4051 585 4114 posceret.
632 4036 722 4115 Epid.
747 4035 805 4114 lll,
834 4043 858 4112 l,
884 4053 964 4115 som:

327 4139 393 4197 Nou
417 4140 477 4197 oris
499 4155 590 4199 causa
612 4139 698 4197 modo
720 4139 853 4197 homines
877 4154 1000 4211 aequom
1023 4135 1083 4206 scil

328 4237 391 4296 Sibi
415 4238 524 4296 habero
550 4239 710 4311 speculum,
733 4236 786 4294 ubi
809 4254 841 4296 os
864 4236 1091 4306 contemplarent
1109 4252 1210 4307 suum,

328 4334 387 4394 Sed
408 4335 458 4410 qui
481 4338 653 4409 perspicere
671 4338 793 4407 possent
813 4353 865 4394 cor
888 4335 1061 4407 sapientiae,
