3125 5075
281 330 341 389 142
715 317 871 359 SUBfl'idii'l'.
886 316 950 359 cst.
967 317 1007 359 111.

280 506 384 574 estivo
406 503 461 570 illo
483 522 582 570 seusu
603 503 725 570 dietum
747 510 807 583 est,
830 510 867 568 ut
889 504 931 569 sit
953 521 1011 584 pro
1033 512 1171 567 cessante
1194 502 1311 565 aestu.“
1356 500 1438 568 Cata

279 604 317 670 R.
340 603 377 668 lt
402 620 428 669 e.
454 607 488 666 6:
512 622 545 665 ee
567 606 638 681 quia
658 602 779 665 foditur.
803 599 837 665 C.
864 606 936 667 134:
961 610 1075 665 mactus
1098 603 1274 675 haeseram.
1299 597 1334 665 C.
1360 604 1437 666 141:

278 712 379 766 macte
402 705 481 764 bisce
501 702 744 764 sumersars‘tetsa
765 702 939 763 ludentibus
961 709 1035 764 esto.
1078 703 1161 762 Mars
1188 708 1276 775 pater
1304 701 1439 761 eiusdem

279 805 325 864 rei
354 819 440 879 ergo,
468 807 564 863 macte
587 801 666 861 hisee
685 800 931 861 adimantus
954 800 1126 860 ludentibus
1148 805 1222 859 esto.
1250 794 1317 861 Ib.:
1347 799 1437 860 Eius·

280 918 337 978 que
360 902 405 960 rei
427 917 499 976 ergo
521 906 619 960 macte
641 898 720 960 tuae
738 898 984 960 maurelium
1005 896 1192 957 immolandis
1207 901 1282 957 esto.
1308 891 1437 959 &1342

280 1004 377 1059 macte
399 998 468 1058 vino
488 996 600 1069 inferio
624 1002 697 1058 esto.
742 991 803 1057 Ib.:
840 996 977 1071 Iuppiter
999 1003 1095 1057 macte
1118 995 1210 1067 (aaa
1232 1000 1314 1068 esto,
1338 1001 1437 1054 macte

280 1099 349 1159 vireo
373 1096 484 1169 inferio
500 1102 574 1156 esto.
599 1090 632 1157 (Ι.
659 1096 735 1158 139;
763 1095 911 1154 Harumce
935 1111 1035 1154 rerum
1062 1111 1133 1168 ergo
1156 1098 1251 1153 macte
1274 1092 1329 1152 hoe
1344 1108 1438 1167 poree

274 1194 399 1269 piaculo
419 1191 598 1252 immolando
621 1199 696 1253 estu.
720 1189 754 1255 C.
775 1193 848 1255 132:
873 1193 973 1253 eiusce
996 1193 1041 1252 rei
1063 1208 1134 1265 ergo
1156 1196 1253 1250 macta
1276 1191 1333 1250 iae
1352 1190 1439 1251 illaec

278 1292 354 1366 dape
379 1290 555 1364 mnaseas
581 1296 655 1350 aeto.
700 1286 762 1353 Ib.:
797 1298 893 1350 macte
922 1292 1013 1351 istaec
1047 1289 1123 1363 dape
1149 1287 1327 1362 pollucem
1362 1295 1436 1351 este.

279 1391 380 1451 Macte
402 1389 471 1449 eino
491 1387 603 1461 inferio
624 1395 698 1450 esto.
721 1385 816 1451 Ennii
838 1383 937 1451 satur.
969 1385 989 1450 Ι
1013 1384 1074 1465 ΙΙΙ,
1097 1382 1135 1449 ir.
1160 1389 1194 1449 5:
1218 1387 1344 1463 Quaque
1367 1403 1438 1462 pre·

277 1494 348 1564 pter
359 1486 536 1547 Hannibalis
551 1486 652 1561 copias
674 1487 854 1548 considerat·
876 1482 970 1548 Ennii
990 1481 1162 1548 Alexandri
1183 1480 1273 1556 fri:
1297 1484 1327 1543 Is
1347 1484 1439 1546 hebet

280 1601 420 1646 coronam
448 1584 577 1645 ritulaus
601 1583 658 1660 (επ
679 1579 802 1646 laetans
825 1581 957 1663 gaudio)
981 1584 1114 1644 adoria.
1143 1578 1316 1645 Alexandri
1336 1577 1376 1643 fr.
1400 1583 1434 1643 9:

278 1685 342 1762 Quo
363 1682 472 1742 inditio
494 1681 731 1742 Lacedaemonia
753 1683 869 1757 mulier,
894 1683 1051 1742 Furiarum
1074 1699 1146 1753 uua,
1170 1681 1298 1740 advenit
1343 1676 1439 1742 Ennii

278 1778 415 1843 Medeae
438 1775 539 1841 exulis
560 1774 598 1841 ir.
625 1782 652 1856 l,
674 1796 704 1842 v.
728 1780 804 1842 286:
827 1780 951 1853 imperio
973 1780 1052 1854 regis
1074 1780 1184 1840 Peliae.
1213 1774 1318 1840 Plaut
1339 1773 1437 1840 Most.

278 1875 305 1957 I,
328 1881 359 1956 3,
383 1881 443 1940 17:
470 1877 584 1938 Virtute
605 1876 719 1938 formae
742 1879 772 1937 id
796 1879 904 1953 evenit,
928 1884 1004 1938 teut
1019 1878 1134 1955 deceat,
1157 1876 1297 1953 quicquid
1313 1876 1436 1949 habeas,

278 1974 363 2055 quod
386 1972 577 2054 explicatur:
602 1991 658 2048 per
679 1975 824 2050 somam,
855 1976 970 2047 famae
989 1976 1098 2049 pratia.
1141 1971 1236 2036 Poeu.
1259 1970 1298 2051 V,
1321 1977 1352 2050 4,
1379 1975 1435 2036 39:

278 2076 352 2136 Mea
372 2072 484 2146 fiducia
506 2073 609 2133 hercle
632 2073 798 2149 haruspex,
825 2081 947 2148 patrue,
977 2075 1023 2135 his
1045 2074 1196 2149 promisit,
1224 2073 1301 2146 seio,
1331 2073 1436 2134 Liber·

278 2177 380 2234 tutem.
405 2167 497 2234 Cure.
519 2167 545 2247 Ι,
573 2174 602 2240 3,
626 2173 680 2233 56:
706 2171 793 2243 Hem,
815 2172 888 2231 istae
908 2173 995 2232 verbo
1018 2172 1177 2232 vindictam
1199 2187 1283 2245 para.
1312 2167 1437 2234 Grono-

278 2267 348 2333 vius
383 2266 534 2347 explicat:
580 2269 682 2344 ,Jeme
711 2271 798 2329 verto
833 2272 884 2332 est
911 2273 1043 2348 propter
1069 2267 1102 2332 id
1131 2267 1216 2348 quod
1246 2266 1371 2346 dixisti,
1403 2269 1439 2331 ut

282 2366 408 2447 quande
431 2365 525 2444 velis,
554 2364 664 2429 videre
685 2382 735 2430 me
757 2365 877 2445 pessis,
914 2365 1012 2431 redde
1034 2384 1084 2431 me
1107 2365 1250 2430 liberam.
1294 2364 1439 2430 Verbum

277 2482 337 2547 pro
359 2482 410 2544 re,
438 2481 521 2545 quae
544 2462 642 2528 verbe
666 2459 881 2543 significatur:
922 2462 989 2530 iere
1019 2468 1102 2528 euim
1125 2464 1236 2529 eudem
1259 2481 1374 2542 seusu,
1401 2465 1439 2526 ot

277 2583 341 2628 eam
362 2563 454 2625 rem.“
484 2561 572 2626 Pers.
594 2559 649 2638 IV,
674 2565 704 2636 6,
728 2566 761 2624 7:
787 2565 868 2625 heere
890 2564 1031 2637 saciando
1053 2583 1107 2641 ego
1130 2566 1281 2640 auspicavi
1304 2565 1334 2623 iu
1359 2564 1439 2624 hune

277 2664 355 2725 diem
377 2661 437 2726 nisi
458 2658 509 2725 hie
532 2663 582 2724 est
604 2658 717 2740 potius
739 2658 874 2725 dativus.
919 2661 1041 2726 Asinar.
1063 2660 1094 2740 l,
1118 2664 1155 2741 2,
1181 2665 1234 2725 16:
1271 2663 1304 2723 iu
1325 2663 1436 2739 pauuis

275 2762 389 2835 inopia.
428 2756 508 2822 Vide
531 2757 571 2821 de
594 2756 745 2823 hocloco
768 2756 914 2822 Reinium
938 2765 1060 2838 quaest.
1098 2758 1203 2823 Plaut.
1225 2776 1256 2839 p.
1279 2774 1308 2837 q.
1331 2756 1435 2823 Recte

281 2856 418 2938 explicat
438 2855 629 2921 Lambinus:
651 2862 777 2933 propter
798 2859 938 2933 impiam,
962 2859 1066 2932 inopia
1084 2864 1191 2919 euecta.
1216 2853 1309 2921 Cure.
1332 2853 1378 2936 ΙΙ,
1404 2862 1433 2936 Ι,

278 2958 336 3020 28;
361 2958 472 3016 Venire
493 2957 609 3031 poteris
630 2957 778 3016 intestinis
799 2957 895 3033 vilius,
918 2953 949 3017 h.
974 2971 999 3018 e.
1023 2956 1062 3018 ob
1083 2954 1235 3019 intestina
1257 2952 1389 3033 putrida
1403 2960 1437 3019 et

278 3051 412 3117 delimta
435 3050 538 3118 vilius.
581 3051 671 3133 Epid.
696 3051 739 3132 II,
762 3057 792 3132 2,
816 3057 870 3117 31:
908 3055 939 3114 id
965 3053 1040 3116 adeo
1069 3056 1121 3128 pai
1142 3071 1276 3115 maxume
1304 3055 1437 3114 animum

278 3152 488 3233 adverterimi,
526 3149 581 3217 ubi
602 3155 690 3215 recte
723 3150 884 3217 Gruterus
911 3154 964 3226 qai
993 3149 1128 3232 explicat
1156 3169 1211 3231 per
1233 3152 1436 3226 quamobrem·

275 3248 371 3315 Most
389 3247 426 3328 V,
452 3254 480 3321 1,
503 3254 540 3313 31
559 3254 593 3314 et
608 3252 648 3313 58
670 3249 830 3329 Quidum,
855 3249 1025 3328 utrobique
1048 3253 1201 3329 sequente
1224 3250 1304 3324 qaia.
1331 3246 1432 3312 Poeu.

275 3345 315 3420 V,
338 3354 369 3427 4,
392 3351 449 3413 20:
478 3350 520 3411 Ut
542 3353 679 3424 volupest
701 3350 828 3422 homini,
856 3367 923 3410 mea
950 3367 1049 3423 soror,
1077 3351 1116 3425 si,
1145 3348 1222 3426 quod
1247 3350 1323 3424 agit,
1353 3350 1435 3409 eluet

274 3448 411 3510 victoria.
454 3443 565 3510 Lamb.
591 3444 639 3525 „si
661 3446 694 3509 iu
717 3463 769 3521 eo,
801 3444 885 3524 quod
908 3444 991 3527 agit,
1031 3443 1163 3509 victoria
1194 3442 1299 3509 clarus
1322 3452 1375 3508 est
1397 3450 1431 3508 et

275 3540 431 3608 excelliiff
454 3542 552 3609 Stieis
568 3562 596 3608 v.
614 3548 689 3610 327:
712 3549 762 3605 tao
785 3546 928 3605 arcessita
949 3545 1006 3605 huc
1030 3546 1123 3605 venio.
1149 3541 1245 3607 Mera
1259 3540 1285 3622 I,
1307 3548 1332 3622 Ι,
1355 3546 1432 3608 101:

274 3644 401 3719 hospitis
423 3644 515 3705 iussa.
543 3638 629 3705 Triu.
654 3639 692 3720 V,
717 3646 744 3718 2,
773 3644 824 3705 18;
846 3645 914 3703 Meo
937 3642 1077 3717 adleuatio
1099 3643 1189 3703 venit.
1227 3638 1314 3704 Triu.
1337 3640 1377 3719 V,
1401 3646 1431 3720 2,

277 3743 331 3804 16;
370 3742 395 3801 is
420 3743 501 3801 mille
530 3758 677 3801 nummum
705 3758 737 3802 se
768 3759 871 3802 aurum
899 3742 968 3801 Meo
996 3740 1069 3800 duta
1099 3741 1153 3800 tibi
1183 3738 1247 3800 iare
1279 3770 1319 3781 ·—
1341 3741 1432 3803 aibat

274 3835 389 3901 Pseud.
414 3835 472 3914 ΙΙΙ,
496 3840 525 3915 2,
550 3842 603 3901 14;
626 3841 693 3916 Qua
714 3841 792 3900 istuc
814 3835 950 3899 ratione?
974 3835 1070 3901 Stich.
1087 3835 1126 3915 V,
1141 3842 1172 3915 4,
1190 3839 1225 3900 8:
1250 3840 1308 3899 Pro
1323 3838 1430 3915 opibus

274 3937 388 3998 uestris
410 3940 483 3999 eatis
514 3937 759 3998 commodulumst
786 3937 912 3997 suetas
941 3935 1053 4008 fabalis
1079 3937 1176 4008 ficetis
1202 3938 1294 3998 Oleae
1321 3937 1432 3998 insilio

275 4035 378 4108 lupius
403 4036 570 4095 comminuto
590 4035 729 4095 amaro.
766 4031 855 4097 Peri.
878 4031 916 4112 V,
944 4038 970 4112 l,
992 4038 1029 4097 4:
1053 4036 1159 4094 Eure
1181 4036 1236 4109 (=
1257 4050 1296 4097 ea
1318 4031 1359 4097 de
1382 4033 1429 4109 re)

274 4135 358 4194 uobis
380 4135 473 4209 gratis
496 4134 599 4193 habeo.
634 4128 732 4195 Mera.
755 4148 785 4193 v.
810 4133 887 4195 365:
911 4149 969 4209 qua
990 4149 1032 4193 re.
1069 4129 1162 4195 Most.
1186 4130 1212 4211 Ι,
1238 4137 1264 4209 l,
1288 4133 1344 4195 36:
1368 4134 1431 4193 Mei

275 4233 353 4305 tergi
375 4230 454 4291 facio
476 4231 560 4303 haee,
585 4247 642 4290 non
666 4231 710 4290 tui
730 4230 850 4303 fidaeia.
894 4226 990 4292 Most.
1013 4247 1042 4293 v.
1065 4232 1141 4293 840:
1165 4235 1260 4293 aetate
1281 4248 1339 4291 uou
1364 4232 1430 4307 quie

276 4330 436 4403 optuerier.
459 4326 556 4392 Mete.
569 4344 597 4390 r.
611 4331 686 4392 323:
709 4332 750 4388 At
771 4344 810 4389 ne
833 4328 1012 4388 deteriorem
1035 4337 1132 4389 tamen
1156 4329 1210 4389 hoe
1231 4328 1310 4401 facto
1325 4330 1428 4390 ducas.
