3125 5075
203 279 268 340 386
655 259 785 305 Psoron.
800 261 863 304 w.
877 262 916 302 Vl.

204 442 304 511 Andr.
326 441 352 522 1,
377 444 483 522 1,2o:
526 442 608 519 Quor
627 441 728 503 credis
751 456 818 503 esee
840 442 910 515 bar,
940 457 1002 502 non
1023 445 1095 501 sunt
1114 455 1206 500 verae
1227 439 1362 514 nuptias.

201 543 308 622 -Ssepe
330 538 509 605 enunciatio
531 535 665 602 relativa
685 541 760 601 ante
781 536 878 603 aliam
892 535 1146 603 enunciationem
1160 534 1208 600 ita
1223 533 1360 614 ponitur,

202 646 242 706 ut
274 643 399 718 spectet
427 635 467 701 ed
495 634 676 717 generalem
702 635 894 701 sententiam
924 634 994 698 eius
1020 633 1126 713 deque
1147 650 1188 697 ea
1209 631 1362 697 indicium

202 736 421 819 proloquatur.
456 732 545 799 Idem
566 751 645 799 usus
667 738 719 798 est
732 732 819 814 apud
834 731 985 809 Graecos,
1008 730 1082 796 vide
1097 728 1217 794 Bemln.
1242 747 1274 810 p.
1289 733 1360 808 297,

201 835 256 917 qui
278 833 368 897 luter
397 830 460 897 alia
480 829 624 911 exempla
644 830 705 897 hoc
726 828 822 896 affert
842 848 882 895 ex
903 828 1068 910 Euripidis
1090 826 1208 893 Medea
1230 845 1261 891 v.
1283 832 1361 893 453:

200 924 270 998 ἅδ’
294 932 323 1002 ὃς
343 924 504 1011 τυράννους
526 927 590 991 ἐστί
611 951 660 991 σοι
681 924 855 1010 dampetra,
884 928 947 990 πᾶν
967 924 1071 1008 κέρδος
1092 919 1172 1008 ἡγοῦ
1187 924 1361 1007 ζημιουμένη

200 1030 292 1118 φυγῇ.
335 1026 387 1093 sie
409 1026 512 1091 Plout
556 1026 620 1091 Mil.
645 1025 706 1106 IV,
728 1032 764 1105 4,
788 1030 845 1091 2οε
890 1028 977 1105 Quod
998 1037 1071 1101 aput
1093 1043 1149 1087 nos
1170 1023 1359 1086 fallaciarum

203 1136 386 1202 structumst,
417 1126 495 1203 [ego]
525 1132 610 1187 certo
633 1128 710 1201 scio,
741 1128 889 1202 Oppidum
905 1127 1035 1202 'quodvis
1058 1124 1176 1184 ridetur
1197 1139 1291 1198 posse
1313 1140 1360 1181 ex·

200 1227 328 1303 pugnari
364 1218 435 1302 [eis]
469 1225 554 1285 dolis.
598 1221 724 1287 Terent
760 1221 879 1287 Heaut.
908 1220 951 1300 V,
984 1227 1020 1297 2,
1056 1225 1113 1284 47:
1157 1222 1259 1281 adhuc
1287 1220 1364 1293 qaod

200 1325 342 1385 factumst
369 1324 466 1383 Miror
496 1339 555 1382 non
581 1324 660 1384 insse
688 1340 735 1383 ms
763 1324 835 1384 ilico
861 1322 974 1397 adripi,
1011 1317 1043 1382 h.
1061 1324 1098 1382 ὀ.
1127 1333 1187 1396 pro
1217 1315 1361 1397 eoquod

200 1420 320 1485 fautum
343 1422 402 1498 est,
424 1414 471 1480 bel
493 1414 559 1481 bem
581 1420 652 1481 teca
674 1414 725 1481 bio
746 1416 810 1501 icat
830 1415 982 1502 golderbert
996 1413 1041 1498 aa,
1063 1416 1146 1482 sive:
1168 1431 1361 1497 quamquam

201 1516 280 1581 talia
300 1514 385 1579 lacta
406 1521 489 1593 sunt,
512 1532 608 1594 quum
632 1514 709 1581 talia
732 1516 904 1581 evenerint.
946 1515 1045 1580 Andr.
1067 1513 1127 1595 111,
1151 1517 1181 1593 2,
1205 1518 1265 1578 50:
1289 1517 1360 1576 Nun

200 1623 307 1693 gnatus
329 1614 410 1689 qood
430 1616 613 1690 pollicitust,
640 1617 720 1676 haud
743 1616 892 1676 dubiumst
913 1616 1000 1692 mihi,
1023 1616 1056 1675 Si
1077 1616 1169 1688 nolit,
1201 1616 1275 1690 quin
1298 1631 1358 1674 eun

201 1714 310 1775 merito
331 1714 443 1787 possim
466 1729 582 1787 cogere,
605 1730 798 1794 quamquam
819 1710 879 1776 hoc
894 1710 1069 1790 simplicius
1084 1709 1240 1790 explicari
1255 1711 1357 1790 potat

203 1827 263 1891 per
285 1814 481 1872 structuram
503 1806 589 1872 haud
615 1809 801 1874 inusitatam
823 1828 923 1885 copae
944 1808 1072 1883 ollem
1094 1810 1218 1883 aliosdd.
1265 1805 1355 1873 Andr.

205 1906 236 1987 I,
265 1909 300 1984 b,
329 1910 382 1970 54:
425 1907 512 1983 Quod
533 1924 587 1984 ogo
608 1927 664 1984 per
686 1911 763 1970 hanc
786 1917 817 1971 te
840 1911 974 1971 dextram
998 1926 1051 1970 oro
1074 1916 1106 1969 et
1125 1909 1248 1985 genium
1271 1913 1357 1979 tuom,

203 2007 262 2068 Per
284 2012 364 2066 tuam
386 2005 473 2065 fidem
495 2021 608 2082 perque
631 2008 717 2069 huius
739 2009 930 2069 solitudinem
945 2008 987 2068 Το
1010 2008 1170 2080 obstestor,
1193 2022 1233 2065 ne
1257 2006 1312 2067 abs
1331 2013 1356 2063 te

207 2107 284 2166 hane
308 2120 456 2181 segreges,
478 2101 518 2166 ad
542 2120 571 2183 q.
593 2102 613 2167 l.
635 2101 776 2168 liubula:
814 2102 940 2183 „Vulgo
956 2104 1033 2177 οοοά
1048 2100 1212 2181 explicant
1226 2106 1356 2182 propter

203 2200 297 2279 quod,
320 2216 414 2280 quem
437 2199 478 2265 ob
500 2217 578 2280 rem,
602 2200 658 2266 sed
679 2199 795 2265 durum
818 2205 869 2266 est
889 2202 922 2264 in
937 2199 987 2264 bis
1001 2197 1146 2263 formulis
1165 2197 1214 2262 ita
1229 2213 1356 2279 capere;

203 2297 306 2363 lenius
328 2305 377 2363 est
398 2297 577 2379 intelligere
599 2297 632 2361 in
648 2314 726 2378 quo,
748 2299 867 2379 quain
887 2317 934 2377 re,
957 2296 1149 2376 omninoque
1171 2298 1253 2370 quod
1274 2299 1309 2360 et
1327 2294 1356 2359 in

202 2396 253 2461 his
275 2401 308 2459 et
334 2396 366 2460 in
388 2394 544 2462 similibus
565 2397 665 2461 seruit
685 2394 896 2462 transitioni.“
934 2394 1139 2459 Contrarium
1154 2397 1214 2472 est,
1238 2393 1267 2457 si
1281 2392 1356 2468 qood

202 2493 313 2560 eadem
345 2494 377 2559 vi
410 2493 622 2560 enuntiationi
658 2494 861 2577 postponitur
894 2492 945 2565 (de
973 2492 1105 2559 Graccis
1139 2491 1213 2557 vide
1242 2487 1354 2556 Bernlt

206 2599 287 2674 synt.
314 2611 345 2673 p.
374 2596 452 2670 298,
481 2593 536 2672 qui
563 2591 656 2659 affert
683 2593 768 2657 inter
790 2591 855 2656 alia
878 2593 989 2674 Eurip.
1033 2589 1148 2656 Bacch.
1193 2594 1255 2654 341
1280 2581 1354 2667 dpi

205 2684 314 2777 πάθῃς
338 2683 404 2768 σύ),
428 2695 464 2754 ut
485 2690 588 2757 Plaut.
632 2691 729 2756 Mero.
753 2690 793 2771 V,
815 2698 845 2770 4,
871 2697 926 2756 62:
971 2694 1048 2767 Quin
1071 2697 1151 2751 amet
1173 2695 1205 2749 et
1229 2697 1355 2750 scortum

204 2790 303 2863 ducat,
326 2788 404 2861 qood
426 2791 503 2850 bono
525 2791 580 2851 fiat
600 2793 696 2867 modo,
719 2787 774 2854 ubi
796 2789 922 2855 Lamb.:
966 2788 1082 2867 „Modo
1105 2785 1149 2849 nil
1170 2782 1229 2850 fiat
1251 2791 1356 2850 conus

203 2883 292 2965 leges
327 2890 360 2949 et
389 2902 486 2964 supra
507 2885 665 2951 modum.“
709 2887 899 2967 separatum
922 2891 973 2952 est
994 2885 1166 2950 relativum
1188 2901 1209 2946 a
1232 2883 1355 2949 notione

203 2982 360 3062 adquam
388 2983 527 3064 pertinet
552 2983 625 3049 Aul.
651 2983 732 3064 prol.
758 3004 787 3048 v.
813 2992 865 3049 15:
911 2988 970 3048 Ubi
991 2987 1017 3046 is
1040 2986 1115 3046 obiit
1139 2992 1281 3058 mortem,
1311 2980 1356 3056 qai

205 3083 278 3142 mibi
303 3084 334 3143 id
365 3100 468 3143 aurum
491 3084 627 3146 credidit.
673 3081 756 3147 Satis
778 3082 874 3163 longo
895 3080 1064 3147 intervallo
1085 3080 1145 3144 hoo
1167 3077 1290 3144 factum
1311 3081 1356 3144 est

204 3176 301 3243 Stich.
324 3178 350 3255 I,
376 3185 403 3258 l,
425 3185 459 3244 4:
482 3200 549 3240 narn
572 3199 626 3242 nos
649 3183 712 3242 eius
734 3183 861 3242 animum
885 3185 931 3242 De
955 3183 1066 3244 nostris
1088 3181 1178 3242 factis
1201 3180 1356 3250 noscimus,

201 3295 331 3352 quarm
358 3282 427 3340 binc
454 3281 510 3339 viri
531 3286 652 3354 apsant,
686 3276 763 3341 item
786 3278 890 3342 tribus
913 3278 1009 3357 locis,
1032 3295 1113 3359 quos
1134 3275 1218 3340 hanc
1239 3276 1273 3339 in
1296 3290 1356 3339 ren

200 3372 296 3439 affert
310 3375 473 3440 Beckerus
496 3373 536 3438 de
555 3392 634 3438 com.
655 3374 745 3439 Rom.
765 3373 828 3440 lab.
844 3382 967 3456 quaest
982 3394 1012 3456 p.
1028 3381 1085 3439 40:
1107 3372 1197 3438 Trin.
1216 3374 1243 3454 I,
1260 3379 1290 3455 2,
1304 3375 1356 3437 48:

415 3476 491 3534 Nam
514 3491 592 3533 nunc
614 3492 669 3551 ego
692 3477 718 3536 si
740 3483 770 3537 te
794 3477 987 3552 subrupuisse
1010 3477 1146 3550 suspicer
1247 3460 1252 3469 Χ

413 3573 476 3633 Iovi
503 3589 643 3633 coronam
665 3574 701 3634 de
724 3575 823 3648 capite
848 3592 885 3634 ex
907 3576 1060 3648 capitolio,

414 3671 472 3747 Qui
495 3672 524 3729 in
549 3673 695 3731 columine
718 3679 798 3732 astat
820 3689 942 3732 summo.

203 3765 297 3846 Epid,
324 3771 350 3846 l,
377 3771 404 3845 l,
429 3773 485 3831 12:
515 3769 603 3828 Etis
626 3769 743 3829 danista
765 3770 886 3830 advenit
903 3787 962 3829 una
984 3787 1050 3829 cnm
1066 3786 1111 3842 eo,
1134 3769 1187 3841 qui
1209 3775 1358 3845 argentum

204 3870 297 3941 petit,
335 3865 389 3929 ubi
411 3862 571 3927 antecedit
593 3861 672 3927 adeo
694 3881 809 3929 nomen
832 3864 973 3929 eiusdem
995 3864 1136 3946 generis,
1175 3881 1240 3945 quo
1264 3860 1357 3930 errori

202 3964 302 4040 magis
325 3961 421 4026 etiam
445 3959 533 4025 locus
556 3960 659 4038 datur,
682 3978 744 4024 non
767 3980 860 4028 sccue
882 3962 1009 4027 Terent.
1040 3961 1168 4026 Phorm.
1193 3961 1236 4042 11,
1261 3969 1290 4043 3,
1311 3966 1358 4026 24:

579 4090 622 4103 -·
644 4079 803 4138 numquam
825 4070 885 4122 tam
907 4066 1006 4138 gravis

203 4162 248 4220 Ob
272 4161 348 4220 banc
370 4158 542 4218 inimicitias
565 4176 704 4234 caperem
725 4162 756 4219 in
779 4169 908 4221 vostram
931 4161 1085 4236 familiam,

199 4259 298 4333 Quom
319 4259 345 4319 is
367 4262 547 4331 aspernatur
570 4274 647 4317 nunc
670 4267 730 4317 tam
752 4259 960 4319 inliberaliter.
