3125 5075
699 552 874 595 sosarmo.
1317 551 1356 606 lx

198 710 251 789 Ili,
277 711 357 790 DE,
386 711 445 775 EX
475 728 537 775 usu
562 709 726 792 Plautino,
753 711 836 777 libro
865 708 1052 791 Schaelieri‚
1082 709 1355 777 commentationis

199 823 230 888 le
251 842 314 888 usu
337 821 610 903 praepositionum
631 821 823 888 Terentiano
847 822 1003 903 particula
1023 821 1055 902 1,
1087 820 1249 886 Luebkeri
1270 839 1356 886 com·

197 933 389 999 mentatione
415 932 456 997 de
483 951 545 998 usu
572 930 717 998 infinitivi
746 933 903 998 Plautino.
962 930 1151 998 Haimichsii
1179 931 1270 1011 liber,
1301 932 1354 1012 qui

199 1045 258 1126 agit
277 1043 320 1109 de
344 1042 476 1109 ablativi
498 1043 582 1125 apud
604 1042 790 1109 Terentium
813 1062 874 1108 usu
896 1048 930 1108 et
951 1042 1075 1108 ratione
1096 1042 1215 1123 quique
1235 1041 1356 1123 prodiit

201 1155 329 1237 Elbinga
354 1158 452 1234 1859,
476 1158 543 1219 tum
565 1154 694 1219 demum
715 1155 747 1219 in
770 1171 882 1220 manus
904 1172 992 1219 meas
1014 1154 1176 1234 pervenit,
1200 1172 1270 1218 eum
1293 1153 1354 1219 hae

202 1265 340 1348 plagulae
362 1265 449 1348 typis
471 1264 742 1346 describerentur,
765 1271 961 1348 quapropter
982 1283 1044 1329 non
1066 1264 1127 1329 iam
1151 1263 1226 1328 mihi
1249 1282 1286 1328 eo
1306 1265 1354 1329 uti

205 1376 298 1454 licuit,
318 1377 429 1458 legens
452 1379 558 1442 tamen
580 1395 653 1442 eum
675 1377 768 1457 nihil,
796 1376 879 1459 quod
901 1380 988 1441 esset
1009 1376 1115 1457 magni
1143 1375 1310 1455 momenti,
1333 1395 1352 1441 a

205 1506 247 1553 me
265 1487 418 1552 omissum
442 1505 514 1552 esse
535 1487 685 1553 intellexi.

278 1597 502 1664 Fundamenta
522 1598 611 1679 quasi
634 1600 739 1665 iacere
761 1599 845 1664 volui
868 1598 927 1664 hac
943 1615 1040 1678 opera
1054 1615 1125 1662 mea
1140 1597 1351 1678 qualicunque

204 1714 232 1775 ct
263 1711 346 1774 riam
384 1709 524 1788 munire,
561 1727 654 1791 quam
693 1710 747 1775 alii
783 1710 907 1792 ingredi
937 1712 1068 1791 possent
1092 1707 1134 1772 ad
1156 1708 1351 1789 reliquorum

205 1823 396 1903 scriptorum,
418 1820 472 1899 qui
494 1829 568 1900 post
589 1821 772 1887 Terentium
795 1821 950 1899 vixerunt,
974 1820 1119 1901 syntaxin
1142 1818 1235 1884 simili
1258 1819 1350 1885 modo

206 1932 443 1997 describendam.
489 1931 568 1995 Tum
601 1931 743 2008 demum,
780 1949 877 2013 quum
907 1931 940 1996 id
965 1930 1084 1996 factum
1115 1934 1148 1994 et
1175 1930 1235 1995 hoc
1257 1930 1351 1996 modo

208 2060 294 2123 usque
316 2043 357 2108 ad
376 2042 561 2108 Ciceronem
584 2059 770 2124 perventum
793 2042 864 2123 erit,
887 2042 1061 2107 diiudicare
1077 2042 1260 2122 poterimus,
1284 2043 1352 2122 qui·

209 2151 257 2216 bus
278 2155 311 2219 iu
339 2153 440 2219 rebus
463 2152 574 2219 Cicero
598 2173 668 2220 curn
692 2154 910 2236 superioribus
934 2154 1143 2236 scriptoribus
1165 2153 1351 2232 consentiat,

218 2264 306 2341 qubus
341 2264 385 2329 ab
417 2264 455 2330 iis
482 2266 643 2346 discrepet
670 2283 792 2345 quaeve
820 2266 852 2330 in
880 2264 1004 2330 dicendi
1032 2282 1149 2345 genere
1176 2264 1349 2329 novaverit

215 2371 259 2438 Sed
281 2377 343 2442 erit
371 2395 436 2440 non
463 2376 556 2442 unius
584 2377 719 2442 hominis
747 2376 798 2443 hic
820 2377 919 2442 labor.
943 2374 1097 2441 volumen
1120 2374 1254 2440 alterum
1278 2374 1350 2440 libri

213 2485 266 2566 nei,
287 2487 373 2567 quod
396 2489 543 2570 syntaxim
567 2488 665 2569 verbi,
688 2489 845 2566 admetiri,
869 2488 1037 2570 participii,
1060 2487 1234 2552 doctrinam
1251 2505 1350 2552 enun-

216 2595 363 2663 tiationum
399 2604 433 2664 et
465 2601 692 2680 particularum
726 2601 973 2681 complectetur,
1021 2617 1114 2681 quam
1148 2598 1284 2679 primum
1318 2598 1350 2663 id

214 2701 264 2772 leri
289 2712 424 2791 poterit,
457 2730 476 2776 a
505 2730 556 2775 me
586 2712 708 2777 edetur.
753 2710 937 2777 Scribebam
959 2709 1139 2793 Numburgi
1162 2709 1266 2775 idibus
1289 2709 1348 2773 Iul.

215 2818 473 2891 allDGCCLXI.
