3125 5075
387 255 410 293 V.
433 254 599 292 vittisuittis
619 256 787 291 [stit-:Fusius
806 256 842 291 ET
858 256 1033 294 xt'tiu'ttutdx.
1208 265 1269 321 399

143 440 170 487 rc
192 425 394 508 disputantem
421 426 598 510 Reisigium
626 447 657 509 p.
682 433 743 493 338
767 446 829 509 sq.‚
856 448 928 495 cnm
950 447 1013 510 quo
1036 436 1143 497 temen
1165 428 1275 496 confer

138 520 269 591 Hatsium
303 526 411 592 adnot.
445 529 530 606 351),
564 543 646 605 quae
668 526 841 591 etiamnum
870 527 1041 609 conspicue
1068 528 1177 596 estin
1203 528 1274 594 loco

130 621 217 688 Pnut
238 622 331 705 cept
353 623 398 705 ΙΙ,
421 629 450 704 3,
473 628 529 689 22;
566 627 643 687 Nem
664 635 752 703 peter
774 636 914 702 expectat
936 634 988 688 unt
1009 647 1056 691 me
1079 637 1131 691 ent
1145 630 1275 705 eiiqnem

85 665 90 800 ,Ι
127 725 256 786 nmunn.
300 720 381 788 (ium
402 722 620 789 numeralibus
643 722 845 789 coniunctum
869 721 1131 805 significationem
1154 726 1275 788 circiter

121 818 235 902 occipit
280 818 496 887 siccatos.
519 820 557 884 R.
581 839 607 886 c.
633 824 988 897 metensomatosis
1014 827 1047 889 V.
1071 825 1156 899 folio,
1179 821 1219 887 ad
1241 838 1271 902 q.

117 915 132 979 1
158 915 297 984 Ursinus
330 917 434 984 locum
462 917 590 983 Catonis
620 918 706 999 apud
734 918 874 984 Nonium
903 921 956 1000 (ex
982 920 1002 986 l.
1026 920 1072 986 IV
1095 920 1197 1002 origg.
1222 936 1271 998 sp.

114 1013 236 1082 [orden
265 1035 299 1098 p.
327 1021 382 1095 18,
403 1023 433 1089 7)
455 1015 549 1081 affert
570 1016 667 1081 hunc:
700 1017 883 1098 faciundum,
908 1028 940 1081 nt
962 1022 1197 1095 quadringentos
1218 1021 1273 1081 oii-

114 1135 180 1191 ptos
205 1117 325 1178 milites
351 1117 390 1178 cd
411 1123 567 1180 verrucam
589 1119 672 1177 iliam
694 1119 738 1177 ire
761 1119 880 1196 iubeas,
914 1138 1036 1196 eumque
1060 1121 1103 1179 nti
1126 1125 1275 1193 occupent

111 1217 248 1292 imperes.
296 1211 400 1279 Pleut.
428 1212 513 1278 Men.
543 1212 586 1292 V,
618 1218 647 1292 5,
669 1218 727 1278 47:
770 1217 963 1278 Helieborum
986 1219 1105 1294 potabis
1128 1216 1196 1279 iexo
1218 1218 1274 1276 oii-

114 1319 182 1386 nsoo
198 1314 313 1389 viytntt
335 1313 408 1374 dies.

194 1407 276 1476 ceto
308 1409 345 1473 R.
372 1409 410 1474 R.
440 1426 466 1475 c.
497 1414 576 1474 157:
604 1412 673 1472 inde
702 1413 798 1486 alioci
825 1415 945 1474 morbus
975 1415 1116 1475 nuscitur.
1167 1409 1270 1475 Plani.

117 1505 191 1573 lien.
213 1507 256 1588 V,
281 1512 311 1588 2,
332 1514 387 1574 94:
424 1510 491 1571 Nisi
513 1528 627 1586 occupo
649 1511 771 1584 aliquod
791 1513 863 1571 mihi
886 1514 1051 1572 consilium.
1080 1508 1135 1587 lv,
1152 1514 1271 1588 2,111:

115 1610 234 1684 Aperite
258 1615 350 1684 utque
373 1607 509 1669 Erotium
532 1609 642 1681 aliquis
664 1616 796 1671 evocate.
841 1606 932 1689 Epid.
957 1607 1015 1687 111,
1040 1612 1069 1686 3,
1095 1611 1147 1671 18:
1177 1612 1270 1684 Heus,

112 1703 186 1766 ioru
225 1707 319 1767 Exite
355 1707 413 1767 hnc
450 1704 578 1781 aliquis!
620 1704 713 1771 Truc,
737 1705 767 1785 Ι,
792 1711 828 1787 2,
850 1711 885 1771 8:
929 1710 1013 1770 Unns
1035 1726 1137 1768 eorum
1161 1710 1271 1783 aliquis

114 1805 243 1865 omnlnm
272 1805 386 1865 amicte
415 1823 507 1881 nsque
535 1806 659 1881 oggerit
708 1804 801 1884 Epid.
829 1804 877 1884 ΙΙ,
909 1809 953 1886 2,,
969 1809 1024 1869 72:
1074 1808 1271 1883 Reperiamus

120 1901 232 1976 mpero
251 1903 343 1963 calidi
366 1902 561 1965 conducibilis
585 1905 699 1966 consili.
746 1900 836 1968 Cure.
861 1902 908 1982 ΙΙ,
942 1908 972 1982 3,
995 1908 1051 1968 41;
1097 1902 1163 1968 PH.
1207 1907 1270 1966 lem

118 2001 182 2063 edes
208 2001 333 2076 aliquid.
378 1996 441 2063 (iti.
486 2001 564 2062 Nolo
601 2002 702 2062 hercle
740 2003 869 2078 aliquid,
899 2011 1015 2063 certum
1044 2017 1132 2078 qnam
1155 2003 1270 2075 alicuid

120 2101 236 2178 medlo,
258 2097 299 2161 ud
315 2096 380 2177 (1.1
401 2096 615 2163 Boxhcrnius:
640 2117 718 2180 „per
733 2102 851 2174 otiordci
865 2100 1019 2164 incertum
1036 2098 1121 2178 quid,
1143 2116 1269 2178 vagum,

122 2194 197 2274 quod
217 2195 310 2261 obest
331 2199 364 2260 et
385 2195 486 2277 digito
507 2196 541 2260 in
562 2214 715 2276 praesens
730 2198 901 2262 monstrari
916 2212 977 2261 non
994 2200 1111 2277 potest,
1134 2207 1166 2259 et
1185 2196 1269 2275 quod

125 2292 198 2372 ond,
219 2298 277 2359 unt
298 2291 401 2375 quale,
425 2298 482 2358 eut
503 2293 558 2359 ubi
580 2295 623 2359 sit
643 2296 775 2372 nescies,
799 2293 1006 2377 significatur.
1050 2291 1269 2357 Phaedromus

128 2387 248 2456 dixerat:
290 2395 362 2456 Iam
382 2395 447 2456 edes
469 2395 599 2470 adieci&
625 2393 708 2457 idem
734 2401 784 2459 est
806 2412 843 2458 ac
865 2394 892 2457 si
908 2394 1050 2470 dixisset,
1073 2392 1149 2456 edes
1164 2390 1271 2455 nescio

131 2487 200 2565 qnid.
245 2488 376 2555 Certum
405 2507 482 2573 ergo
508 2491 585 2574 quid
607 2490 675 2557 vult
698 2491 876 2558 Curculio.“
921 2491 983 2557 Pro
1008 2489 1148 2556 ablativo
1169 2493 1270 2565 almeo

132 2582 228 2652 dicitnr
255 2589 352 2655 etium
374 2593 469 2666 alicui
490 2590 581 2673 Epid.
605 2589 669 2668 ΙΙΙ,
702 2597 734 2671 l,
766 2597 821 2656 ll:
865 2593 1012 2654 Alicunde
1037 2593 1074 2653 sb
1097 2593 1193 2664 aliqui
1215 2592 1270 2650 cii·

85 2684 92 2757 ·,”
131 2694 204 2756 diost
220 2690 277 2749 tibi
299 2706 382 2766 spes,
416 2694 449 2753 et
470 2688 564 2754 Most.
588 2689 617 2769 Ι,
642 2695 675 2767 3,
701 2694 752 2754 18:
790 2694 827 2754 ob
851 2694 907 2753 hoc
929 2693 1050 2753 verbum
1073 2697 1117 2764 te,
1142 2691 1270 2765 Scapha,

133 2782 228 2849 donabo
251 2788 339 2849 hodie
363 2789 459 2863 simui
481 2787 624 2866 [merito].
668 2788 759 2867 Epid.
783 2788 825 2866 ΙΙ,
850 2794 878 2866 3,
903 2795 919 2851 7
945 2806 1007 2868 sq.:

262 2887 322 2948 Sed
343 2906 390 2975 me
412 2906 472 2949 uns
489 2890 591 2949 turbet
612 2906 662 2949 res
684 2892 836 2964 ratioque:
860 2889 1007 2963 Apoecidi

259 2987 358 3062 Quam
383 2987 538 3047 ostendam
560 2987 709 3047 fidicinem
734 2989 867 3060 ntiquom
891 2987 1112 3058 conductitium,

133 3071 245 3159 dequo
275 3081 345 3146 loco
373 3081 566 3148 Bulbachius
593 3102 622 3164 p.
649 3089 686 3149 19
710 3102 770 3163 sn:
817 3082 973 3162 „Constat
994 3081 1153 3145 Romanos
1174 3080 1271 3159 inque

130 3177 222 3250 onmis
250 3178 446 3245 Sarsinotem
473 3186 617 3246 nostrum
646 3200 716 3246 curn
745 3179 807 3244 alia
835 3179 1011 3260 pleonasmi
1039 3196 1173 3259 genera,
1203 3184 1271 3242 tum

128 3264 333 3358 iconentasse
355 3278 572 3359 pleonasmum
595 3279 824 3345 adiectivorum
850 3281 934 3348 atter,
951 3281 1039 3355 elisus,
1057 3280 1177 3354 aliquis,
1192 3280 1271 3351 quis-

124 3384 215 3454 nam,
238 3375 336 3456 idque
358 3394 422 3441 non
444 3376 546 3442 solum
569 3384 643 3458 post
664 3376 816 3457 negative
837 3396 935 3446 neno.
957 3374 1271 3446 551153ωὲ15515-

121 3483 186 3555 tue,
215 3474 275 3539 sed
299 3474 396 3539 etiem
418 3481 492 3554 post
513 3475 776 3556 interrogativum
799 3478 878 3548 quis,
907 3491 1024 3554 cosque
1046 3473 1164 3538 dixisse
1187 3491 1270 3534 nerito

117 3578 276 3650 tauquam,
299 3590 383 3633 nemo
405 3576 492 3653 odite,
514 3577 616 3637 nudius
637 3576 755 3652 oticsis,
778 3577 879 3637 cuitus
902 3576 987 3643 alter,
1009 3576 1076 3647 quis
1097 3576 1181 3641 atter,
1203 3573 1271 3646 quis

117 3676 268 3748 &equom
300 3674 334 3735 et
360 3689 388 3751 q.
419 3690 443 3737 s.
471 3707 513 3716 -
540 3671 609 3736 Hoc
636 3679 746 3736 nostro
773 3671 899 3752 Epidici
927 3672 996 3737 loco
1023 3690 1114 3747 cuam
1136 3673 1269 3745 aliquam

117 3770 245 3852 scripsit
258 3767 401 3849 Plautus¹
425 3769 479 3850 qui
501 3768 590 3835 locus
613 3789 683 3835 cum
707 3769 777 3834 aliis
793 3769 901 3835 multis
920 3775 1107 3851 argumento
1126 3772 1184 3845 est,
1208 3787 1270 3832 non

111 3880 243 3947 semper
269 3884 357 3931 mere
392 3861 566 3942 πλεονάζειν
592 3865 716 3932 adiecta
743 3867 798 3931 illa
825 3867 998 3946 uocabulo,
1032 3868 1088 3932 sed
1119 3865 1270 3930 maiorem

110 3978 210 4044 saepe
240 3964 281 4030 iis
308 3962 389 4029 effici
417 3965 582 4046 emphasin
610 3972 642 4033 et
663 3966 844 4031 accuratius
867 3965 998 4046 exprimi
1019 3964 1176 4046 loquentis
1199 3981 1271 4027 sen·

108 4063 257 4130 nntium.
301 4067 398 4143 Quom
427 4067 558 4140 ntiquom
588 4067 666 4139 fidic.
698 4065 780 4129 enim
811 4081 874 4128 non
894 4063 987 4144 plane
1010 4069 1059 4128 est
1080 4063 1163 4127 idem
1185 4060 1270 4142 quod

112 4182 205 4239 quam
227 4164 390 4238 fidicinam,
413 4163 469 4226 sed
493 4159 651 4243 significat
673 4182 759 4239 quem
783 4182 870 4224 unum
891 4165 1038 4225 fidicinem
1056 4165 1143 4223 exiis
1159 4162 1270 4234 multis,

113 4280 190 4339 qnae
214 4262 341 4324 conduci
362 4261 518 4338 possunt.“
556 4259 683 4325 Terent.
700 4260 798 4325 Andr.
819 4258 844 4338 1,
868 4263 968 4339 5,15:
1005 4262 1132 4335 Aliquid
1144 4262 1270 4324 monstri
