3125 5075
497 330 634 368 ELLIPSES
652 331 690 368 Et·
705 330 872 371 PLBONASMI
887 333 1042 371 SUBSTANT.
1290 340 1350 397 343

200 508 276 580 tone,
298 501 448 568 raes
471 508 555 569 e18
578 507 816 581 lapidessilioes.
851 504 934 570 tis:
957 504 1212 568 Hcosmm
1233 505 1265 566 in
1286 507 1354 568 loco

199 609 312 664 catoso
325 632 370 645 -
385 604 491 677 serito,
514 600 579 681 ubi,
602 608 640 666 ut
654 602 740 681 apud
755 602 921 680 Linneum,
943 602 1035 684 prius
1049 599 1287 667 substantivum
1301 619 1358 682 ga·

199 714 262 773 nus,
287 695 427 764 alterum
451 698 592 779 speciem
615 698 744 781 plantae
765 697 931 780 significat
969 698 1051 766 cato
1078 716 1130 778 ap.
1151 696 1237 763 Iord.
1260 703 1312 780 34,
1336 702 1355 763 5

200 803 299 858 sentus
314 803 426 859 auster.
453 794 556 862 Plane
572 796 671 862 Mero.
687 796 713 876 I,
732 802 831 876 1,86;
855 818 960 861 navem
979 815 1145 861 cercurum.
1167 795 1265 861 Poen.
1280 795 1306 876 I,
1325 800 1355 876 2,

202 896 249 956 ll:
270 895 402 970 lepidam
418 897 543 958 silicem.
566 894 608 959 ib.
621 912 650 959 s.
665 899 722 960 78:
745 914 814 957 nam
829 894 887 959 tn's
903 897 1002 971 lapide
1017 896 1099 958 silice
1110 898 1238 957 stultior.
1263 891 1356 959 Cure.

203 987 233 1062 i,
250 995 279 1069 2,
293 995 351 1054 47:
368 1000 475 1056 ventus
489 996 578 1056 turbo
594 990 701 1066 (aliter
716 998 767 1058 est
781 991 867 1056 Trina
884 992 939 1071 IV,
954 998 981 1071 1,
1001 997 1052 1056 16:
1068 995 1117 1053 lta
1130 996 1187 1055 ism
1205 995 1290 1069 qnasi
1306 1010 1356 1053 cs·

205 1106 250 1148 nes
275 1089 335 1150 hau
356 1108 444 1152 secus
466 1109 570 1153 navem
594 1093 828 1152 circumstabant
851 1092 968 1152 turbine
989 1092 1089 1162 ocati).
1128 1089 1254 1153 Terent
1278 1088 1356 1153 Hee

206 1182 256 1263 ΙΙΙ,
277 1190 308 1265 3,
328 1190 386 1250 26:
409 1188 472 1251 fors
495 1188 623 1251 fortuna
667 1187 748 1253 Eum
764 1186 825 1266 111,
848 1194 878 1267 5,
901 1192 958 1252 20:
982 1192 1075 1250 Forte
1098 1188 1227 1250 fortuna
1272 1184 1358 1261 Qua·

210 1288 327 1363 propter
342 1302 405 1349 non
419 1290 556 1364 possunt
570 1283 732 1349 offendere
748 1284 933 1365 pleonasmi,
956 1284 1072 1366 quibus
1092 1283 1212 1349 notioni
1234 1282 1358 1348 cuidam

213 1379 299 1445 simile
325 1381 578 1448 additamentum
600 1383 749 1447 adiicitur
770 1381 1043 1449 ad'detiniendaro
1059 1382 1146 1447 illam
1161 1381 1353 1446 accuratius.

215 1475 358 1544 Sichuii
379 1480 483 1546 annal.
507 1480 533 1559 I,
556 1500 586 1545 v.
609 1485 650 1545 80
673 1478 749 1553 (Cic.
779 1480 820 1545 de
839 1480 902 1545 div.
927 1482 953 1560 Ι,
976 1484 1047 1557 48);
1076 1484 1223 1544 Curantes
1249 1496 1357 1555 magna

217 1593 267 1636 cun
287 1596 358 1640 cura
377 1586 439 1639 turn
461 1583 617 1656 cupientes
633 1582 710 1656 Rgni
735 1582 819 1656 cett,
842 1580 1022 1645 atticismus
1042 1596 1101 1659 pro
1120 1576 1212 1642 valde
1234 1592 1357 1641 curare.

219 1671 303 1739 eunt
323 1674 520 1740 Menaechm.
545 1675 583 1755 V,
605 1684 635 1755 4,
661 1682 694 1741 7;
729 1681 840 1754 Magna
870 1698 935 1739 cum
966 1697 1039 1739 cura
1068 1695 1123 1753 ego
1145 1679 1230 1735 illum
1257 1675 1358 1735 curari

219 1775 275 1850 solo,
297 1777 330 1837 et
344 1774 386 1840 ib.
403 1793 430 1837 v.
449 1778 483 1838 9:
506 1778 554 1836 Its
575 1778 658 1836 illum
685 1794 750 1837 cum
774 1796 848 1838 cura
868 1794 975 1853 magna
999 1776 1109 1837 curabo
1132 1776 1196 1834 tibi.
1227 1770 1356 1835 Terent.

220 1866 312 1934 Heaut
326 1869 382 1950 IV,
402 1878 427 1950 l,
445 1877 500 1937 39:
523 1892 559 1934 ne
583 1892 691 1950 expers
714 1877 810 1950 partis
832 1883 913 1936 esset
935 1875 971 1934 de
995 1875 1108 1935 nostris
1129 1874 1225 1934 bonis.
1264 1867 1358 1933 sini·

220 1963 254 2029 les
264 1968 460 2048 pleonasmos
481 1968 576 2034 affert
597 1988 636 2036 es
659 1970 791 2036 Graecis
813 1970 931 2035 Bernh.
954 1969 1041 2052 Synt
1064 1987 1095 2049 p.
1122 1973 1191 2034 193.

283 2066 353 2132 Non
379 2086 454 2133 raro
481 2068 599 2133 dicitur
624 2086 683 2147 per
710 2069 939 2133 abundantiam
967 2068 1123 2133 sermonis
1151 2084 1236 2128 mmo
1265 2068 1360 2137 bomo,

221 2159 255 2225 sic
270 2181 289 2227 a
307 2164 427 2230 Catone
450 2172 531 2230 orat
553 2184 612 2247 pro
635 2165 750 2230 Rhod.:
773 2172 905 2230 sinemo
927 2175 1009 2230 esset
1030 2169 1122 2227 bomo.
1149 2163 1254 2228 Plaut.
1268 2161 1358 2227 Pers.

221 2254 251 2334 ll,
268 2266 294 2342 2,
315 2267 373 2329 29:
395 2268 491 2326 Nemo
512 2266 600 2326 homo
623 2285 759 2343 umquam
782 2270 827 2327 ita
848 2268 1034 2327 arbitratust
1079 2262 1205 2326 Terent
1223 2257 1357 2340 Adelph.

220 2352 295 2440 1L3,
316 2363 351 2424 6:
376 2364 489 2424 bomini
511 2366 630 2424 nemini.
676 2362 757 2426 Eun.
780 2361 842 2441 ΙΙΙ,
865 2368 894 2441 5,
921 2370 951 2427 1;
974 2381 1061 2424 nemo
1083 2364 1209 2423 homost.

285 2456 518 2541 Nonnunquam
541 2460 777 2525 substantivum
800 2478 859 2542 per
881 2460 1098 2542 pleonasmum
1125 2456 1239 2535 exiguo
1260 2453 1360 2517 inter·

220 2552 284 2620 rullo
304 2559 472 2637 repetitur.
516 2558 569 2624 Sic
588 2558 691 2624 Plaut
717 2559 807 2640 Epid.
824 2559 850 2639 Ι,
877 2566 904 2639 1,
926 2565 982 2625 39;
1003 2561 1061 2622 Est
1075 2575 1173 2624 cosso,
1193 2573 1253 2630 qua
1267 2570 1361 2614 causa

219 2653 286 2716 sunl
310 2677 425 2719 mecum
446 2661 492 2719 ire
515 2662 650 2720 veritust
696 2655 774 2721 eise
795 2655 822 2735 I,
846 2664 874 2736 3,
901 2664 938 2723 17
963 2674 1027 2737 sq.:

326 2752 491 2817 Paternum
513 2775 629 2817 servom
653 2759 698 2817 sui
721 2759 886 2833 participat
908 2760 1029 2829 consili;

324 2855 389 2914 Dat
410 2872 475 2914 eam
498 2857 628 2930 puellam
650 2857 782 2916 eicerem
806 2859 1009 2931 exponendam
1032 2855 1070 2914 ad
1092 2872 1204 2915 necem.

219 2940 327 3013 Terent
364 2950 481 3015 Heeut
513 2951 594 3031 prol.
629 2970 657 3015 v.
687 2956 743 3016 20:
781 2956 881 3015 Habet
913 2956 1056 3014 bonorum
1084 2955 1267 3027 exemplum,
1302 2966 1360 3025 quo

214 3052 334 3126 exemplo
358 3055 434 3114 cett
455 3049 532 3113 Hee.
556 3048 634 3129 prol.
659 3055 688 3128 2,
710 3069 739 3113 v.
764 3054 794 3114 2.

710 3204 752 3265 (is
775 3250 782 3264 .
807 3207 842 3265 V.

499 3313 687 3379 Doctrina
709 3224 1052 3396 praepositionum.

282 3453 311 3512 1.
335 3445 456 3512 Multas
478 3449 735 3528 praepositiones
758 3466 778 3512 a
798 3446 956 3528 principio
980 3445 1080 3510 fnisse
1103 3447 1300 3508 coaestuet
1322 3460 1362 3506 en

209 3558 238 3608 eo
258 3549 414 3625 apparet,
437 3545 523 3624 quod
544 3545 692 3612 omuibus
713 3547 843 3627 linguae
865 3545 1025 3611 aetatibus
1047 3561 1189 3622 semper,
1218 3545 1364 3623 praeter·

207 3655 294 3720 qoam
316 3643 404 3722 quod
425 3645 681 3724 praepositiones
704 3651 795 3724 sunt,
829 3644 926 3709 etiam
948 3660 1006 3725 pro
1029 3641 1190 3706 adverbiis
1213 3637 1363 3718 usurpari

203 3749 427 3820 perrexerunt,
458 3747 492 3805 et
514 3759 553 3806 es
574 3743 683 3822 tmesi,
713 3759 808 3821 quam
830 3743 997 3824 patiuntur
1020 3756 1247 3818 nonnunquam
1274 3733 1362 3815 apud

174 3878 180 3893 ·
202 3838 374 3920 scriptores
396 3840 533 3920 priscos,
567 3839 596 3903 h.
619 3858 647 3904 e.
676 3840 886 3905 distractione
907 3859 928 3905 a
949 3839 1066 3914 verbo,
1100 3854 1173 3901 cum
1202 3853 1265 3917 quo
1288 3839 1364 3899 sunt

202 3937 404 4018 compositae.
449 3936 502 4003 Sic
528 3943 579 4003 est
608 3938 694 4020 apud
719 3939 859 4004 Ennium
888 3937 991 4002 annal.
1022 3933 1059 3999 ir.
1082 3935 1142 4000 inc.
1167 3939 1217 4013 37,
1249 3953 1276 3996 v.
1300 3936 1363 3996 481

202 4030 350 4100 Vahlen:
374 4038 482 4114 Deque
505 4039 638 4100 totondit
660 4056 747 4116 agros
771 4043 868 4100 laetos
888 4046 976 4113 atque
999 4037 1109 4112 oppida
1132 4036 1222 4110 cepit.
1260 4029 1363 4095 Plaut

202 4129 290 4199 burc.
305 4133 333 4213 Ι,
359 4138 387 4213 1,
409 4138 465 4198 86:
489 4136 594 4212 Siquid
615 4154 707 4212 snper
730 4140 776 4197 illi
798 4136 900 4197 tuerit.
944 4132 1033 4197 idem
1056 4131 1176 4198 iactum
1198 4135 1249 4194 est
1269 4144 1365 4208 prae·

203 4231 356 4308 positione
376 4231 584 4312 inseparabili
605 4233 691 4298 Trin.
714 4233 770 4314 lv,
796 4240 822 4311 1,
849 4238 902 4296 14:
925 4234 1030 4308 disque
1054 4235 1203 4293 suessent.

284 4334 314 4395 2.
347 4328 453 4408 Quum
472 4330 646 4411 pleraeque
666 4330 922 4412 praepositiones
942 4347 963 4395 a
981 4328 1072 4394 nobis
1091 4326 1154 4392 iarn
1169 4327 1203 4390 in
1217 4324 1363 4392 doctrina
