3125 5075
674 1358 1047 1461 Summarium.

370 1684 477 1752 Sestio
493 1683 608 1748 altera.
639 1680 786 1765 Synta'ris
809 1683 1013 1749 notionum
1036 1684 1279 1765 praedicati,
1303 1685 1440 1768 inprimis

279 1796 495 1898 verborum
518 1800 553 1860 et
573 1795 801 1860 adiectivorum
825 1812 854 1875 p.
883 1799 1016 1860 1-211.

365 1903 445 1989 (inp.
486 1905 563 1970 Vll:
612 1904 846 1970 Praedicati
892 1905 1082 1971 notiones
1131 1905 1172 1969 in
1212 1904 1444 1971 universnm

168 2005 171 2012 ’
268 2021 524 2108 Ι5555555155
544 2035 575 2097 p.
603 2020 692 2083 1-8.
719 2021 745 2080 1.
768 2014 856 2082 Usus
882 2016 971 2082 verbi
1001 2015 1192 2081 substantivi
1214 2033 1276 2079 esce
1299 2033 1330 2098 p.
1359 2021 1446 2083 1-5.

265 2131 311 2192 ’2.
334 2125 522 2210 singulares
542 2126 665 2193 formae
691 2126 878 2207 praedicati.
902 2126 1109 2193 subsmnuva
1131 2144 1162 2207 p.
1180 2132 1208 2192 5.
1225 2133 1254 2193 3.
1279 2127 1447 2194 Adiectim

167 2221 170 2226 ¹
283 2244 316 2305 et
336 2239 507 2321 participia
529 2256 559 2320 p.
585 2245 613 2304 5.
635 2246 666 2305 4.
688 2236 851 2303 Aduerbio
872 2254 903 2317 p.
928 2241 1021 2303 6-8.

365 2369 392 2415 a.
418 2350 588 2417 Verbum
612 2368 680 2430 cap.
704 2347 909 2414 VIII-XIII
930 2368 960 2431 p.
984 2352 1120 2413 8-202.
1166 2346 1241 2429 cap.
1265 2346 1364 2413 VIII:
1397 2350 1449 2413 De

158 2501 161 2506 -
281 2462 450 2527 notione
473 2466 588 2543 atque
611 2459 828 2542 generibus
850 2460 964 2526 verbi
980 2460 1015 2523 in
1033 2459 1258 2525 universum
1282 2475 1313 2540 p.
1331 2462 1448 2524 8-24.

285 2579 311 2639 1.
343 2579 370 2639 2.
401 2570 598 2653 Significatio
632 2571 737 2636 activa
770 2572 802 2635 in
836 2570 939 2637 forma
973 2571 1068 2636 activi
1099 2578 1131 2636 et
1165 2569 1384 2652 deponentiali
1417 2589 1448 2650 p.

280 2688 394 2749 8-18.
419 2689 447 2748 3.
472 2683 604 2748 Passiva
624 2700 653 2763 p.
681 2686 815 2746 18-20.
838 2689 867 2747 4.
891 2680 1085 2763 significatio
1113 2680 1264 2747 refleriva
1286 2699 1315 2762 p.
1340 2686 1393 2747 20.
1418 2687 1445 2745 5.

280 2794 545 2873 Breviloquen
556 2795 613 2860 tia
628 2792 718 2858 verbi
732 2796 765 2859 in
780 2795 904 2859 obiecto
920 2794 1078 2859 communi
1093 2812 1123 2874 p.
1141 2797 1181 2857 20
1190 2809 1235 2871 sq.
1260 2795 1288 2855 6.
1305 2791 1446 2873 Eilipses

280 2905 371 2969 verbi
393 2923 423 2984 p.
449 2910 584 2971 21-24.
608 2904 684 2986 cap.
701 2906 760 2971 IX:
785 2904 1271 2985 15115511555524-442.
1297 2901 1355 2966 lui
1373 2903 1446 2968 sub·

281 3016 454 3082 stantivum
472 3016 602 3082 verbale
625 3035 655 3098 p.
673 3022 723 3083 25.
746 3021 775 3082 2.
798 3015 857 3081 Ins.
882 3015 1017 3083 subiecti
1033 3015 1102 3081 loco
1118 3014 1242 3095 positus
1257 3033 1287 3095 p.
1306 3017 1443 3079 25-29.

282 3131 311 3194 3.
336 3126 393 3192 Ins.
417 3126 591 3193 historicus
614 3147 644 3210 p.
669 3133 821 3194 29-31.
850 3134 880 3192 4.
903 3125 1125 3191 Nominativus
1148 3143 1173 3191 c.
1197 3123 1250 3189 ini
1280 3142 1311 3206 p.
1336 3130 1390 3190 31.
1415 3131 1444 3190 5.

279 3236 338 3303 Ini.
362 3239 528 3305 eonsilium
552 3240 701 3320 exprimit
729 3256 760 3319 p.
785 3244 823 3304 31
849 3255 895 3319 sq.
919 3242 948 3303 6.
972 3236 1030 3303 Ini.
1053 3236 1201 3318 exprimit
1223 3235 1272 3314 id,
1295 3236 1383 3316 quod
1407 3254 1444 3300 ex

279 3350 405 3415 actione
433 3349 542 3430 aliquo
564 3350 773 3431 consequitur
795 3367 825 3430 p.
851 3353 901 3415 32.
926 3356 954 3415 7.
984 3355 1013 3415 8.
1041 3347 1102 3413 Ins.
1125 3347 1243 3413 obiecti
1264 3347 1334 3412 loco
1357 3346 1444 3428 posi-

280 3465 332 3526 tus
355 3479 386 3542 p.
411 3465 547 3527 32-42.
571 3466 601 3528 9.
623 3460 683 3526 Ins.
706 3478 765 3541 pro
781 3461 845 3526 alio
860 3479 937 3527 casu
960 3460 1098 3535 (obiecto
1113 3458 1293 3533 remotiore)
1318 3459 1443 3538 positus

279 3578 353 3654 post
375 3572 577 3638 substantiva
604 3577 637 3638 et
667 3572 827 3638 adiectivo
856 3576 890 3638 et
914 3570 1013 3636 verba
1039 3588 1069 3652 p.
1092 3575 1230 3636 42-44.
1258 3566 1442 3634 10.1ni.in

279 3682 562 3749 exclamationibus
585 3688 618 3749 et
640 3681 784 3766 interrog
821 3683 945 3769 'nibus
967 3702 996 3765 p.
1020 3688 1071 3749 44.
1116 3680 1193 3761 cap.
1216 3679 1263 3743 X:
1294 3679 1443 3745 Gerun-

278 3793 384 3859 dium
409 3798 450 3858 et
472 3793 733 3875 gerundivum
756 3812 787 3876 p.
833 3798 964 3861 4-61.
992 3800 1018 3859 1.
1040 3791 1262 3859 Nominativus
1284 3808 1315 3872 p.
1340 3795 1379 3856 51
1395 3808 1441 3871 sq.

279 3909 308 3970 2.
333 3903 502 3972 Genitivus
523 3923 554 3987 p.
578 3910 716 3973 52-55.
751 3913 780 3973 3.
804 3904 940 3972 Datirus
969 3923 1001 3986 p.
1032 3911 1072 3972 55
1096 3922 1142 3986 sq.
1173 3903 1442 3970 ascensorium

277 4033 308 4098 p.
333 4021 467 4083 56-58.
500 4021 528 4082 5.
552 4017 721 4084 Ablstivns
750 4035 780 4098 p.
811 4021 948 4083 50-61.
995 4015 1070 4098 cap.
1094 4015 1157 4081 XI:
1186 4014 1381 4095 Tempora
1410 4030 1439 4093 p.

279 4132 438 4197 61-100.
471 4134 563 4196 1-4.
587 4127 793 4196 Praesens
814 4145 845 4208 p.
862 4133 997 4197 61-69.
1019 4132 1049 4193 2.
1073 4127 1181 4194 Praes
1204 4125 1396 4192 historicum
1411 4143 1441 4206 p.

280 4246 429 4309 64-67,
462 4247 490 4310 3.
522 4242 681 4311 Praesens
712 4258 771 4323 pro
800 4239 909 4307 futuro
936 4258 967 4323 p.
992 4243 1128 4308 01-60.
1155 4247 1185 4306 4.
1212 4236 1441 4304 coniunctium

281 4355 461 4436 praesentis
489 4374 519 4438 p.
549 4360 599 4421 69.
628 4360 655 4421 5.
686 4357 715 4420 6.
749 4350 1033 4434 Imperfectum
1061 4371 1092 4435 p.
1117 4354 1261 4418 09-15.
1292 4352 1321 4414 i.
1357 4346 1440 4413 Cou-
