<?xml version="1.0" encoding="UTF-8"?>
<!DOCTYPE html PUBLIC "-//W3C//DTD XHTML 1.0 Transitional//EN"
    "http://www.w3.org/TR/xhtml1/DTD/xhtml1-transitional.dtd">
<html xmlns="http://www.w3.org/1999/xhtml" xml:lang="en" lang="en">
 <head>
  <title>
</title>
<meta http-equiv="Content-Type" content="text/html;charset=utf-8" />
  <meta name='ocr-system' content='tesseract 3.04.00' />
  <meta name='ocr-capabilities' content='ocr_page ocr_carea ocr_par ocr_line ocrx_word'/>
</head>
<body>
  <div class='ocr_page' id='page_1' title='image "./syntaxispriscor00holtgoog_0323.png"; bbox 0 0 3125 5075; ppageno 0'>
   <div class='ocr_carea' id='block_1_1' title="bbox 291 338 1019 402">
    <p class='ocr_par' dir='ltr' id='par_1_1' title="bbox 291 338 1019 402">
     <span class='ocr_line' id='line_1_1' title="bbox 291 338 1019 402; baseline -0.026 1"><span class='ocrx_word' id='word_1_1' title='bbox 291 343 353 402; x_wconf 79' lang='lat'>304</span> <span class='ocrx_word' id='word_1_2' title='bbox 728 338 884 381; x_wconf 71' lang='lat' dir='ltr'>summanr.</span> <span class='ocrx_word' id='word_1_3' title='bbox 898 339 962 382; x_wconf 77' lang='lat' dir='ltr'>car.</span> <span class='ocrx_word' id='word_1_4' title='bbox 979 342 1019 384; x_wconf 93' lang='grc' dir='ltr'><strong>ιιι.</strong></span> 
     </span>
    </p>
   </div>
   <div class='ocr_carea' id='block_1_2' title="bbox 286 509 1453 982">
    <p class='ocr_par' dir='ltr' id='par_1_2' title="bbox 286 509 1453 982">
     <span class='ocr_line' id='line_1_2' title="bbox 291 509 1453 592; baseline 0.006 -21"><span class='ocrx_word' id='word_1_5' title='bbox 291 511 358 571; x_wconf 88' lang='lat' dir='ltr'>dico</span> <span class='ocrx_word' id='word_1_6' title='bbox 384 511 447 570; x_wconf 85' lang='lat' dir='ltr'>tibi.</span> <span class='ocrx_word' id='word_1_7' title='bbox 497 509 609 573; x_wconf 83' lang='lat' dir='ltr'>llnrlal.</span> <span class='ocrx_word' id='word_1_8' title='bbox 634 509 741 589; x_wconf 78' lang='lat' dir='ltr'>LVII,</span> <span class='ocrx_word' id='word_1_9' title='bbox 763 511 802 576; x_wconf 87' lang='lat' dir='ltr'>fr.</span> <span class='ocrx_word' id='word_1_10' title='bbox 824 523 862 578; x_wconf 84' lang='lat'>4:</span> <span class='ocrx_word' id='word_1_11' title='bbox 887 519 1003 592; x_wconf 82' lang='lat' dir='ltr'>Appius</span> <span class='ocrx_word' id='word_1_12' title='bbox 1026 517 1133 577; x_wconf 80' lang='lat' dir='ltr'>indixit</span> <span class='ocrx_word' id='word_1_13' title='bbox 1147 517 1453 590; x_wconf 54' lang='lat' dir='ltr'>arremarensibus</span> 
     </span>
     <span class='ocr_line' id='line_1_3' title="bbox 289 606 1450 692; baseline 0.005 -24"><span class='ocrx_word' id='word_1_14' title='bbox 289 609 408 669; x_wconf 84' lang='lat' dir='ltr'>bellum.</span> <span class='ocrx_word' id='word_1_15' title='bbox 456 607 635 670; x_wconf 82' lang='lat' dir='ltr'>&#39;l&#39;elemonis</span> <span class='ocrx_word' id='word_1_16' title='bbox 658 606 697 672; x_wconf 71' lang='lat' dir='ltr'>f:</span> <span class='ocrx_word' id='word_1_17' title='bbox 722 615 751 684; x_wconf 83' lang='grc'>2,</span> <span class='ocrx_word' id='word_1_18' title='bbox 774 629 803 671; x_wconf 80' lang='grc' dir='ltr'>ι’.</span> <span class='ocrx_word' id='word_1_19' title='bbox 829 615 890 675; x_wconf 80' lang='grc'>357</span> <span class='ocrx_word' id='word_1_20' title='bbox 914 629 998 692; x_wconf 86' lang='lat' dir='ltr'>sqq:</span> <span class='ocrx_word' id='word_1_21' title='bbox 1031 615 1138 687; x_wconf 75' lang='lat' dir='ltr'>quibua</span> <span class='ocrx_word' id='word_1_22' title='bbox 1164 625 1285 689; x_wconf 79' lang='lat' dir='ltr'>egestae</span> <span class='ocrx_word' id='word_1_23' title='bbox 1313 616 1450 690; x_wconf 87' lang='lat' dir='ltr'>imperat,</span> 
     </span>
     <span class='ocr_line' id='line_1_4' title="bbox 288 707 1450 787; baseline 0.009 -24"><span class='ocrx_word' id='word_1_24' title='bbox 288 707 346 778; x_wconf 78' lang='lat' dir='ltr'>Qui</span> <span class='ocrx_word' id='word_1_25' title='bbox 370 708 428 765; x_wconf 75' lang='lat' dir='ltr'>stoi</span> <span class='ocrx_word' id='word_1_26' title='bbox 450 709 584 766; x_wconf 87' lang='lat' dir='ltr'>semitam</span> <span class='ocrx_word' id='word_1_27' title='bbox 610 725 666 767; x_wconf 91' lang='lat' dir='ltr'>nou</span> <span class='ocrx_word' id='word_1_28' title='bbox 692 710 821 782; x_wconf 88' lang='lat' dir='ltr'>sapiunt,</span> <span class='ocrx_word' id='word_1_29' title='bbox 845 711 934 770; x_wconf 75' lang='lat' dir='ltr'>alteri</span> <span class='ocrx_word' id='word_1_30' title='bbox 956 721 1123 774; x_wconf 90' lang='lat' dir='ltr'>monstrant</span> <span class='ocrx_word' id='word_1_31' title='bbox 1145 714 1237 783; x_wconf 73' lang='lat' dir='ltr'>mant,</span> <span class='ocrx_word' id='word_1_32' title='bbox 1269 712 1387 787; x_wconf 66' lang='lat' dir='ltr'>Quidue</span> <span class='ocrx_word' id='word_1_33' title='bbox 1408 714 1450 773; x_wconf 88' lang='lat' dir='ltr'>di-</span> 
     </span>
     <span class='ocr_line' id='line_1_5' title="bbox 288 803 1450 885; baseline 0.009 -23"><span class='ocrx_word' id='word_1_34' title='bbox 288 805 376 863; x_wconf 83' lang='lat' dir='ltr'>uitias</span> <span class='ocrx_word' id='word_1_35' title='bbox 397 807 580 878; x_wconf 79' lang='lat' dir='ltr'>pollicentur</span> <span class='ocrx_word' id='word_1_36' title='bbox 603 808 676 867; x_wconf 80' lang='lat' dir='ltr'>cett.</span> <span class='ocrx_word' id='word_1_37' title='bbox 701 803 829 885; x_wconf 76' lang='lat' dir='ltr'>l&#39;hyest.</span> <span class='ocrx_word' id='word_1_38' title='bbox 852 805 889 870; x_wconf 80' lang='lat' dir='ltr'>fr.</span> <span class='ocrx_word' id='word_1_39' title='bbox 917 810 965 885; x_wconf 86' lang='lat'>11,</span> <span class='ocrx_word' id='word_1_40' title='bbox 988 825 1017 871; x_wconf 83' lang='lat' dir='ltr'>v.</span> <span class='ocrx_word' id='word_1_41' title='bbox 1041 812 1118 871; x_wconf 81' lang='lat'>405:</span> <span class='ocrx_word' id='word_1_42' title='bbox 1150 810 1196 869; x_wconf 84' lang='lat' dir='ltr'>Ne</span> <span class='ocrx_word' id='word_1_43' title='bbox 1223 811 1366 884; x_wconf 75' lang='lat' dir='ltr'>contagio</span> <span class='ocrx_word' id='word_1_44' title='bbox 1387 827 1450 872; x_wconf 76' lang='lat' dir='ltr'>naa</span> 
     </span>
     <span class='ocr_line' id='line_1_6' title="bbox 286 900 1449 982; baseline 0.009 -24"><span class='ocrx_word' id='word_1_45' title='bbox 286 902 371 959; x_wconf 80' lang='lat' dir='ltr'>bonta</span> <span class='ocrx_word' id='word_1_46' title='bbox 393 903 532 961; x_wconf 87' lang='lat' dir='ltr'>umbrave</span> <span class='ocrx_word' id='word_1_47' title='bbox 556 904 642 962; x_wconf 77' lang='lat' dir='ltr'>obsit.</span> <span class='ocrx_word' id='word_1_48' title='bbox 684 900 818 981; x_wconf 84' lang='lat' dir='ltr'>Telephi</span> <span class='ocrx_word' id='word_1_49' title='bbox 841 905 877 967; x_wconf 79' lang='lat' dir='ltr'>ir.</span> <span class='ocrx_word' id='word_1_50' title='bbox 899 910 951 968; x_wconf 92' lang='lat'>11:</span> <span class='ocrx_word' id='word_1_51' title='bbox 974 907 1016 966; x_wconf 84' lang='lat' dir='ltr'>Te</span> <span class='ocrx_word' id='word_1_52' title='bbox 1039 909 1135 981; x_wconf 88' lang='lat' dir='ltr'>ipsum</span> <span class='ocrx_word' id='word_1_53' title='bbox 1157 914 1279 980; x_wconf 80' lang='lat' dir='ltr'><strong>oportet</strong></span> <span class='ocrx_word' id='word_1_54' title='bbox 1301 907 1361 966; x_wconf 86' lang='lat' dir='ltr'>hon</span> <span class='ocrx_word' id='word_1_55' title='bbox 1382 924 1449 982; x_wconf 90' lang='lat' dir='ltr'>pro·</span> 
     </span>
    </p>
   </div>
   <div class='ocr_carea' id='block_1_3' title="bbox 191 999 1447 1079">
    <p class='ocr_par' dir='ltr' id='par_1_3' title="bbox 191 999 1447 1079">
     <span class='ocr_line' id='line_1_7' title="bbox 191 999 1447 1079; baseline 0.008 -23"><span class='ocrx_word' id='word_1_56' title='bbox 191 1067 194 1075; x_wconf 31' lang='grc' dir='ltr'>Ι</span> <span class='ocrx_word' id='word_1_57' title='bbox 286 999 367 1058; x_wconf 87' lang='lat' dir='ltr'>fiteri</span> <span class='ocrx_word' id='word_1_58' title='bbox 389 1009 421 1058; x_wconf 89' lang='lat' dir='ltr'>et</span> <span class='ocrx_word' id='word_1_59' title='bbox 443 1001 581 1075; x_wconf 87' lang='lat' dir='ltr'>proloqui</span> <span class='ocrx_word' id='word_1_60' title='bbox 603 1000 768 1061; x_wconf 80' lang='lat' dir='ltr'>Advorsum</span> <span class='ocrx_word' id='word_1_61' title='bbox 792 1004 874 1063; x_wconf 88' lang='lat' dir='ltr'>illam</span> <span class='ocrx_word' id='word_1_62' title='bbox 896 1004 978 1063; x_wconf 79' lang='lat' dir='ltr'>milti.</span> <span class='ocrx_word' id='word_1_63' title='bbox 1024 1001 1129 1066; x_wconf 84' lang='lat' dir='ltr'>Satur.</span> <span class='ocrx_word' id='word_1_64' title='bbox 1145 1001 1165 1065; x_wconf 91' lang='grc' dir='ltr'>Ι.</span> <span class='ocrx_word' id='word_1_65' title='bbox 1181 999 1240 1079; x_wconf 89' lang='grc' dir='ltr'>ΙΠ,</span> <span class='ocrx_word' id='word_1_66' title='bbox 1261 1000 1300 1065; x_wconf 84' lang='lat' dir='ltr'>fr.</span> <span class='ocrx_word' id='word_1_67' title='bbox 1318 1006 1354 1066; x_wconf 84' lang='lat'>3:</span> <span class='ocrx_word' id='word_1_68' title='bbox 1376 1007 1447 1066; x_wconf 75' lang='lat' dir='ltr'>Nan</span> 
     </span>
    </p>
   </div>
   <div class='ocr_carea' id='block_1_4' title="bbox 280 1096 1446 3618">
    <p class='ocr_par' dir='ltr' id='par_1_4' title="bbox 280 1096 1446 3618">
     <span class='ocr_line' id='line_1_8' title="bbox 287 1096 1446 1178; baseline 0.007 -24"><span class='ocrx_word' id='word_1_69' title='bbox 287 1099 312 1155; x_wconf 91' lang='lat' dir='ltr'>is</span> <span class='ocrx_word' id='word_1_70' title='bbox 336 1115 393 1156; x_wconf 91' lang='lat' dir='ltr'>non</span> <span class='ocrx_word' id='word_1_71' title='bbox 417 1099 492 1157; x_wconf 86' lang='lat' dir='ltr'>bone</span> <span class='ocrx_word' id='word_1_72' title='bbox 516 1098 570 1156; x_wconf 77' lang='lat' dir='ltr'>tihi</span> <span class='ocrx_word' id='word_1_73' title='bbox 592 1098 662 1170; x_wconf 84' lang='lat' dir='ltr'>vult,</span> <span class='ocrx_word' id='word_1_74' title='bbox 687 1100 737 1172; x_wconf 92' lang='lat' dir='ltr'>qui</span> <span class='ocrx_word' id='word_1_75' title='bbox 759 1100 837 1160; x_wconf 78' lang='lat' dir='ltr'>falso</span> <span class='ocrx_word' id='word_1_76' title='bbox 860 1103 1006 1161; x_wconf 86' lang='lat' dir='ltr'>criminat.</span> <span class='ocrx_word' id='word_1_77' title='bbox 1042 1098 1253 1178; x_wconf 82' lang='lat' dir='ltr'>Epicharmus</span> <span class='ocrx_word' id='word_1_78' title='bbox 1268 1096 1306 1162; x_wconf 80' lang='lat' dir='ltr'>l&#39;r.</span> <span class='ocrx_word' id='word_1_79' title='bbox 1325 1105 1361 1162; x_wconf 83' lang='lat'>2:</span> <span class='ocrx_word' id='word_1_80' title='bbox 1384 1103 1446 1162; x_wconf 80' lang='lat' dir='ltr'>rri-</span> 
     </span>
     <span class='ocr_line' id='line_1_9' title="bbox 285 1193 1445 1277; baseline 0.009 -25"><span class='ocrx_word' id='word_1_81' title='bbox 285 1195 352 1268; x_wconf 80' lang='lat' dir='ltr'>gori</span> <span class='ocrx_word' id='word_1_82' title='bbox 374 1196 480 1254; x_wconf 84' lang='lat' dir='ltr'>miscet</span> <span class='ocrx_word' id='word_1_83' title='bbox 502 1198 632 1254; x_wconf 87' lang='lat' dir='ltr'>calorem</span> <span class='ocrx_word' id='word_1_84' title='bbox 663 1205 752 1270; x_wconf 86' lang='lat' dir='ltr'>atque</span> <span class='ocrx_word' id='word_1_85' title='bbox 776 1200 872 1257; x_wconf 91' lang='lat' dir='ltr'>umori</span> <span class='ocrx_word' id='word_1_86' title='bbox 901 1199 1091 1258; x_wconf 89' lang='lat' dir='ltr'>aritudinem.</span> <span class='ocrx_word' id='word_1_87' title='bbox 1135 1193 1339 1260; x_wconf 82' lang='lat' dir='ltr'>Euhemerus</span> <span class='ocrx_word' id='word_1_88' title='bbox 1360 1195 1397 1261; x_wconf 80' lang='lat' dir='ltr'>ir.</span> <span class='ocrx_word' id='word_1_89' title='bbox 1419 1202 1445 1277; x_wconf 83' lang='lat'>3,</span> 
     </span>
     <span class='ocr_line' id='line_1_10' title="bbox 287 1293 1444 1370; baseline 0.003 -18"><span class='ocrx_word' id='word_1_90' title='bbox 287 1293 321 1353; x_wconf 86' lang='lat'>6:</span> <span class='ocrx_word' id='word_1_91' title='bbox 346 1293 438 1352; x_wconf 85' lang='lat' dir='ltr'>Ceres</span> <span class='ocrx_word' id='word_1_92' title='bbox 462 1300 553 1367; x_wconf 90' lang='lat' dir='ltr'>atque</span> <span class='ocrx_word' id='word_1_93' title='bbox 578 1295 639 1367; x_wconf 85' lang='lat' dir='ltr'>Ops</span> <span class='ocrx_word' id='word_1_94' title='bbox 663 1293 790 1354; x_wconf 79' lang='lat' dir='ltr'><strong>suadent</strong></span> <span class='ocrx_word' id='word_1_95' title='bbox 812 1294 958 1364; x_wconf 72' lang='lat' dir='ltr'>Solam,</span> <span class='ocrx_word' id='word_1_96' title='bbox 988 1304 1021 1355; x_wconf 94' lang='lat' dir='ltr'>ut</span> <span class='ocrx_word' id='word_1_97' title='bbox 1044 1297 1080 1355; x_wconf 90' lang='lat' dir='ltr'>de</span> <span class='ocrx_word' id='word_1_98' title='bbox 1103 1312 1196 1370; x_wconf 80' lang='lat' dir='ltr'>regno</span> <span class='ocrx_word' id='word_1_99' title='bbox 1220 1315 1278 1356; x_wconf 91' lang='lat' dir='ltr'>non</span> <span class='ocrx_word' id='word_1_100' title='bbox 1302 1299 1444 1358; x_wconf 85' lang='lat' dir='ltr'>concedat</span> 
     </span>
     <span class='ocr_line' id='line_1_11' title="bbox 286 1385 1443 1469; baseline 0.009 -22"><span class='ocrx_word' id='word_1_101' title='bbox 286 1390 389 1462; x_wconf 78' lang='lat' dir='ltr'>fratri.</span> <span class='ocrx_word' id='word_1_102' title='bbox 436 1386 568 1452; x_wconf 85' lang='lat' dir='ltr'>Medeae</span> <span class='ocrx_word' id='word_1_103' title='bbox 585 1387 687 1451; x_wconf 83' lang='lat' dir='ltr'>exulis</span> <span class='ocrx_word' id='word_1_104' title='bbox 702 1385 740 1451; x_wconf 89' lang='lat' dir='ltr'>fr.</span> <span class='ocrx_word' id='word_1_105' title='bbox 762 1395 814 1454; x_wconf 89' lang='lat' dir='ltr'>l3:</span> <span class='ocrx_word' id='word_1_106' title='bbox 836 1395 893 1467; x_wconf 80' lang='lat' dir='ltr'>Qui</span> <span class='ocrx_word' id='word_1_107' title='bbox 913 1396 978 1469; x_wconf 85' lang='lat' dir='ltr'>ipse</span> <span class='ocrx_word' id='word_1_108' title='bbox 1000 1393 1059 1452; x_wconf 82' lang='lat' dir='ltr'>sibi</span> <span class='ocrx_word' id='word_1_109' title='bbox 1080 1394 1200 1468; x_wconf 85' lang='lat' dir='ltr'>sapiens</span> <span class='ocrx_word' id='word_1_110' title='bbox 1223 1392 1371 1468; x_wconf 77' lang='lat' dir='ltr'>prodesse</span> <span class='ocrx_word' id='word_1_111' title='bbox 1391 1411 1443 1456; x_wconf 86' lang='lat' dir='ltr'>nou</span> 
     </span>
     <span class='ocr_line' id='line_1_12' title="bbox 286 1485 1442 1569; baseline 0.004 -22"><span class='ocrx_word' id='word_1_112' title='bbox 286 1491 368 1562; x_wconf 92' lang='lat' dir='ltr'>quit,</span> <span class='ocrx_word' id='word_1_113' title='bbox 392 1489 569 1562; x_wconf 80' lang='lat' dir='ltr'>nequiquam</span> <span class='ocrx_word' id='word_1_114' title='bbox 594 1490 681 1561; x_wconf 86' lang='lat' dir='ltr'>sapit.</span> <span class='ocrx_word' id='word_1_115' title='bbox 726 1485 829 1551; x_wconf 85' lang='lat' dir='ltr'>Plout.</span> <span class='ocrx_word' id='word_1_116' title='bbox 854 1487 967 1569; x_wconf 84' lang='lat' dir='ltr'><strong>Amph.</strong></span> <span class='ocrx_word' id='word_1_117' title='bbox 989 1486 1014 1567; x_wconf 93' lang='grc' dir='ltr'>Ι,</span> <span class='ocrx_word' id='word_1_118' title='bbox 1039 1494 1069 1568; x_wconf 86' lang='grc'>3,</span> <span class='ocrx_word' id='word_1_119' title='bbox 1093 1495 1125 1552; x_wconf 82' lang='lat'>9:</span> <span class='ocrx_word' id='word_1_120' title='bbox 1150 1492 1352 1566; x_wconf 78' lang='lat' dir='ltr'>opservrtote</span> <span class='ocrx_word' id='word_1_121' title='bbox 1374 1509 1442 1565; x_wconf 85' lang='lat' dir='ltr'>aun,</span> 
     </span>
     <span class='ocr_line' id='line_1_13' title="bbox 287 1584 1441 1667; baseline 0.007 -22"><span class='ocrx_word' id='word_1_122' title='bbox 287 1603 374 1661; x_wconf 83' lang='lat' dir='ltr'>quam</span> <span class='ocrx_word' id='word_1_123' title='bbox 390 1585 499 1645; x_wconf 84' lang='lat' dir='ltr'>blande</span> <span class='ocrx_word' id='word_1_124' title='bbox 520 1587 718 1659; x_wconf 86' lang='lat' dir='ltr'>suppalpetur</span> <span class='ocrx_word' id='word_1_125' title='bbox 738 1589 857 1647; x_wconf 88' lang='lat' dir='ltr'>mulieri</span> <span class='ocrx_word' id='word_1_126' title='bbox 882 1587 941 1664; x_wconf 86' lang='lat' dir='ltr'>(sic</span> <span class='ocrx_word' id='word_1_127' title='bbox 957 1584 1153 1650; x_wconf 81' lang='lat' dir='ltr'>Fleckeisen.</span> <span class='ocrx_word' id='word_1_128' title='bbox 1168 1584 1270 1667; x_wconf 87' lang='lat' dir='ltr'>praef.</span> <span class='ocrx_word' id='word_1_129' title='bbox 1286 1605 1318 1667; x_wconf 91' lang='lat' dir='ltr'>p.</span> <span class='ocrx_word' id='word_1_130' title='bbox 1335 1586 1441 1662; x_wconf 83' lang='lat' dir='ltr'>Xllllt</span> 
     </span>
     <span class='ocr_line' id='line_1_14' title="bbox 285 1680 1441 1760; baseline 0.004 -15"><span class='ocrx_word' id='word_1_131' title='bbox 285 1680 352 1746; x_wconf 85' lang='lat' dir='ltr'>Mil.</span> <span class='ocrx_word' id='word_1_132' title='bbox 376 1680 419 1760; x_wconf 91' lang='grc' dir='ltr'>ΙΙ,</span> <span class='ocrx_word' id='word_1_133' title='bbox 448 1687 474 1757; x_wconf 89' lang='lat' dir='ltr'>l,</span> <span class='ocrx_word' id='word_1_134' title='bbox 500 1685 554 1743; x_wconf 82' lang='lat'>28:</span> <span class='ocrx_word' id='word_1_135' title='bbox 579 1684 705 1756; x_wconf 86' lang='lat' dir='ltr'>Occepit</span> <span class='ocrx_word' id='word_1_136' title='bbox 728 1686 792 1744; x_wconf 85' lang='lat' dir='ltr'>eius</span> <span class='ocrx_word' id='word_1_137' title='bbox 815 1689 904 1745; x_wconf 89' lang='lat' dir='ltr'>matri</span> <span class='ocrx_word' id='word_1_138' title='bbox 926 1688 1135 1760; x_wconf 77' lang='lat' dir='ltr'>suppalparier</span> <span class='ocrx_word' id='word_1_139' title='bbox 1157 1687 1234 1746; x_wconf 90' lang='lat' dir='ltr'>Vino</span> <span class='ocrx_word' id='word_1_140' title='bbox 1264 1688 1342 1749; x_wconf 75' lang='lat' dir='ltr'>cett„</span> <span class='ocrx_word' id='word_1_141' title='bbox 1365 1684 1441 1750; x_wconf 82' lang='lat' dir='ltr'>Tria·</span> 
     </span>
     <span class='ocr_line' id='line_1_15' title="bbox 285 1778 1440 1863; baseline 0.003 -20"><span class='ocrx_word' id='word_1_142' title='bbox 285 1798 314 1844; x_wconf 86' lang='lat' dir='ltr'>v.</span> <span class='ocrx_word' id='word_1_143' title='bbox 340 1783 420 1843; x_wconf 81' lang='lat'><strong>558:</strong></span> <span class='ocrx_word' id='word_1_144' title='bbox 455 1798 487 1840; x_wconf 86' lang='lat' dir='ltr'>os</span> <span class='ocrx_word' id='word_1_145' title='bbox 511 1782 579 1855; x_wconf 89' lang='lat' dir='ltr'>quoi</span> <span class='ocrx_word' id='word_1_146' title='bbox 603 1780 735 1840; x_wconf 88' lang='lat' dir='ltr'>subliuat</span> <span class='ocrx_word' id='word_1_147' title='bbox 764 1778 971 1855; x_wconf 79' lang='lat' dir='ltr'>(Bitschelius</span> <span class='ocrx_word' id='word_1_148' title='bbox 998 1778 1119 1860; x_wconf 85' lang='lat' dir='ltr'>proleg.</span> <span class='ocrx_word' id='word_1_149' title='bbox 1147 1780 1198 1845; x_wconf 89' lang='lat' dir='ltr'>ad.</span> <span class='ocrx_word' id='word_1_150' title='bbox 1222 1779 1309 1845; x_wconf 88' lang='lat' dir='ltr'>Trin.</span> <span class='ocrx_word' id='word_1_151' title='bbox 1340 1800 1372 1863; x_wconf 90' lang='lat' dir='ltr'>p.</span> <span class='ocrx_word' id='word_1_152' title='bbox 1392 1785 1440 1846; x_wconf 81' lang='lat'>83:</span> 
     </span>
     <span class='ocr_line' id='line_1_16' title="bbox 285 1876 1439 1956; baseline 0.004 -18"><span class='ocrx_word' id='word_1_153' title='bbox 285 1877 425 1946; x_wconf 72' lang='lat' dir='ltr'>..Saltim</span> <span class='ocrx_word' id='word_1_154' title='bbox 447 1895 479 1937; x_wconf 81' lang='lat' dir='ltr'>os</span> <span class='ocrx_word' id='word_1_155' title='bbox 502 1877 602 1944; x_wconf 68' lang='lat' dir='ltr'>alicua</span> <span class='ocrx_word' id='word_1_156' title='bbox 624 1893 688 1939; x_wconf 92' lang='lat' dir='ltr'>non</span> <span class='ocrx_word' id='word_1_157' title='bbox 707 1878 846 1945; x_wconf 67' lang='lat' dir='ltr'>olimina,</span> <span class='ocrx_word' id='word_1_158' title='bbox 868 1877 1027 1942; x_wconf 74' lang='lat' dir='ltr'>constanti</span> <span class='ocrx_word' id='word_1_159' title='bbox 1047 1876 1197 1956; x_wconf 90' lang='lat' dir='ltr'>loquendi</span> <span class='ocrx_word' id='word_1_160' title='bbox 1218 1879 1439 1944; x_wconf 86' lang='lat' dir='ltr'>consuetudine</span> 
     </span>
     <span class='ocr_line' id='line_1_17' title="bbox 286 1972 1438 2055; baseline 0 -16"><span class='ocrx_word' id='word_1_161' title='bbox 286 1973 446 2049; x_wconf 78' lang='lat' dir='ltr'>dicitur“).</span> <span class='ocrx_word' id='word_1_162' title='bbox 491 1973 596 2038; x_wconf 82' lang='lat' dir='ltr'>Plaut</span> <span class='ocrx_word' id='word_1_163' title='bbox 618 1972 730 2054; x_wconf 76' lang='lat' dir='ltr'>fragat.</span> <span class='ocrx_word' id='word_1_164' title='bbox 753 1992 783 2054; x_wconf 88' lang='lat' dir='ltr'>p.</span> <span class='ocrx_word' id='word_1_165' title='bbox 797 1979 869 2053; x_wconf 81' lang='lat'>484,</span> <span class='ocrx_word' id='word_1_166' title='bbox 893 1993 921 2039; x_wconf 84' lang='grc' dir='ltr'>ι.</span> <span class='ocrx_word' id='word_1_167' title='bbox 948 1980 980 2038; x_wconf 94' lang='lat' dir='ltr'>l:</span> <span class='ocrx_word' id='word_1_168' title='bbox 1004 1978 1119 2052; x_wconf 88' lang='lat' dir='ltr'>Epeum</span> <span class='ocrx_word' id='word_1_169' title='bbox 1135 1976 1308 2052; x_wconf 80' lang='lat' dir='ltr'>fumificem,</span> <span class='ocrx_word' id='word_1_170' title='bbox 1333 1982 1383 2055; x_wconf 90' lang='lat' dir='ltr'>qui</span> <span class='ocrx_word' id='word_1_171' title='bbox 1402 1982 1438 2041; x_wconf 89' lang='lat' dir='ltr'>la·</span> 
     </span>
     <span class='ocr_line' id='line_1_18' title="bbox 283 2074 1438 2150; baseline 0.005 -18"><span class='ocrx_word' id='word_1_172' title='bbox 283 2075 368 2148; x_wconf 79' lang='lat' dir='ltr'>gioni</span> <span class='ocrx_word' id='word_1_173' title='bbox 398 2080 519 2134; x_wconf 88' lang='lat' dir='ltr'>nostrae</span> <span class='ocrx_word' id='word_1_174' title='bbox 549 2074 640 2134; x_wconf 90' lang='lat' dir='ltr'>habet</span> <span class='ocrx_word' id='word_1_175' title='bbox 675 2082 811 2134; x_wconf 87' lang='lat' dir='ltr'>coactum</span> <span class='ocrx_word' id='word_1_176' title='bbox 839 2076 946 2135; x_wconf 89' lang='lat' dir='ltr'>cibum.</span> <span class='ocrx_word' id='word_1_177' title='bbox 995 2090 1024 2135; x_wconf 87' lang='grc' dir='ltr'>ιι.</span> <span class='ocrx_word' id='word_1_178' title='bbox 1053 2079 1089 2136; x_wconf 83' lang='lat'>2:</span> <span class='ocrx_word' id='word_1_179' title='bbox 1124 2076 1294 2150; x_wconf 80' lang='lat' dir='ltr'>Oggannuit</span> <span class='ocrx_word' id='word_1_180' title='bbox 1331 2077 1438 2138; x_wconf 81' lang='lat' dir='ltr'>odiosus</span> 
     </span>
     <span class='ocr_line' id='line_1_19' title="bbox 286 2168 1436 2249; baseline 0.002 -15"><span class='ocrx_word' id='word_1_181' title='bbox 286 2174 367 2234; x_wconf 90' lang='lat' dir='ltr'>omni</span> <span class='ocrx_word' id='word_1_182' title='bbox 390 2180 471 2232; x_wconf 89' lang='lat' dir='ltr'>totae</span> <span class='ocrx_word' id='word_1_183' title='bbox 494 2171 635 2233; x_wconf 86' lang='lat' dir='ltr'>familiae.</span> <span class='ocrx_word' id='word_1_184' title='bbox 678 2168 766 2233; x_wconf 87' lang='lat' dir='ltr'>Pers.</span> <span class='ocrx_word' id='word_1_185' title='bbox 785 2168 822 2247; x_wconf 91' lang='lat' dir='ltr'>V,</span> <span class='ocrx_word' id='word_1_186' title='bbox 846 2174 875 2249; x_wconf 89' lang='grc'>2,</span> <span class='ocrx_word' id='word_1_187' title='bbox 899 2174 955 2233; x_wconf 83' lang='lat'>55:</span> <span class='ocrx_word' id='word_1_188' title='bbox 978 2171 1019 2230; x_wconf 84' lang='lat' dir='ltr'>&#39;re</span> <span class='ocrx_word' id='word_1_189' title='bbox 1042 2172 1113 2230; x_wconf 89' lang='lat' dir='ltr'>mihi</span> <span class='ocrx_word' id='word_1_190' title='bbox 1134 2171 1212 2230; x_wconf 79' lang='lat' dir='ltr'>dicto</span> <span class='ocrx_word' id='word_1_191' title='bbox 1235 2190 1303 2234; x_wconf 89' lang='lat' dir='ltr'>esse</span> <span class='ocrx_word' id='word_1_192' title='bbox 1326 2175 1436 2235; x_wconf 84' lang='lat' dir='ltr'>andien-</span> 
     </span>
     <span class='ocr_line' id='line_1_20' title="bbox 285 2266 1436 2348; baseline 0.002 -19"><span class='ocrx_word' id='word_1_193' title='bbox 285 2276 345 2330; x_wconf 89' lang='lat' dir='ltr'>tem</span> <span class='ocrx_word' id='word_1_194' title='bbox 369 2271 506 2331; x_wconf 91' lang='lat' dir='ltr'>addecet.</span> <span class='ocrx_word' id='word_1_195' title='bbox 552 2266 610 2345; x_wconf 92' lang='grc' dir='ltr'>ΙΙΙ,</span> <span class='ocrx_word' id='word_1_196' title='bbox 640 2275 665 2347; x_wconf 90' lang='lat'>1,</span> <span class='ocrx_word' id='word_1_197' title='bbox 690 2272 745 2331; x_wconf 79' lang='lat'>50:</span> <span class='ocrx_word' id='word_1_198' title='bbox 779 2268 856 2328; x_wconf 76' lang='lat' dir='ltr'>dicto</span> <span class='ocrx_word' id='word_1_199' title='bbox 884 2269 1054 2330; x_wconf 92' lang='lat' dir='ltr'>oboediens.</span> <span class='ocrx_word' id='word_1_200' title='bbox 1100 2267 1436 2348; x_wconf 69' lang='lat' dir='ltr'>acerrimam:</span> 
     </span>
     <span class='ocr_line' id='line_1_21' title="bbox 285 2363 1434 2446; baseline 0 -17"><span class='ocrx_word' id='word_1_201' title='bbox 285 2369 378 2442; x_wconf 83' lang='lat' dir='ltr'>Quam</span> <span class='ocrx_word' id='word_1_202' title='bbox 402 2371 545 2445; x_wconf 77' lang='lat' dir='ltr'>magistro</span> <span class='ocrx_word' id='word_1_203' title='bbox 568 2368 725 2437; x_wconf 83' lang='lat' dir='ltr'>desinebat</span> <span class='ocrx_word' id='word_1_204' title='bbox 748 2383 815 2428; x_wconf 88' lang='lat' dir='ltr'>esse</span> <span class='ocrx_word' id='word_1_205' title='bbox 837 2366 914 2427; x_wconf 80' lang='lat' dir='ltr'>dicto</span> <span class='ocrx_word' id='word_1_206' title='bbox 936 2367 1107 2429; x_wconf 85' lang='lat' dir='ltr'>oboediens.</span> <span class='ocrx_word' id='word_1_207' title='bbox 1150 2363 1248 2431; x_wconf 76' lang='lat' dir='ltr'>Poeta</span> <span class='ocrx_word' id='word_1_208' title='bbox 1270 2365 1309 2446; x_wconf 84' lang='lat' dir='ltr'>V,</span> <span class='ocrx_word' id='word_1_209' title='bbox 1338 2373 1366 2446; x_wconf 83' lang='lat'>5,</span> <span class='ocrx_word' id='word_1_210' title='bbox 1386 2373 1434 2432; x_wconf 80' lang='lat'>44:</span> 
     </span>
     <span class='ocr_line' id='line_1_22' title="bbox 283 2461 1428 2543; baseline -0.002 -16"><span class='ocrx_word' id='word_1_211' title='bbox 283 2467 379 2543; x_wconf 84' lang='lat' dir='ltr'>Loqui</span> <span class='ocrx_word' id='word_1_212' title='bbox 401 2468 598 2527; x_wconf 80' lang='lat' dir='ltr'>inclementer</span> <span class='ocrx_word' id='word_1_213' title='bbox 628 2474 731 2525; x_wconf 77' lang='lat' dir='ltr'>nostro</span> <span class='ocrx_word' id='word_1_214' title='bbox 754 2473 881 2541; x_wconf 75' lang='lat' dir='ltr'>cognato</span> <span class='ocrx_word' id='word_1_215' title='bbox 903 2474 935 2525; x_wconf 89' lang='lat' dir='ltr'>et</span> <span class='ocrx_word' id='word_1_216' title='bbox 956 2467 1045 2541; x_wconf 86' lang='lat' dir='ltr'>patri.</span> <span class='ocrx_word' id='word_1_217' title='bbox 1091 2461 1193 2527; x_wconf 86' lang='lat' dir='ltr'>Sceua</span> <span class='ocrx_word' id='word_1_218' title='bbox 1214 2462 1328 2529; x_wconf 86' lang='lat' dir='ltr'>ultima</span> <span class='ocrx_word' id='word_1_219' title='bbox 1352 2481 1379 2531; x_wconf 83' lang='grc' dir='ltr'>ι.</span> <span class='ocrx_word' id='word_1_220' title='bbox 1401 2468 1428 2528; x_wconf 94' lang='lat' dir='ltr'>l:</span> 
     </span>
     <span class='ocr_line' id='line_1_23' title="bbox 283 2560 1433 2641; baseline -0.002 -16"><span class='ocrx_word' id='word_1_221' title='bbox 283 2574 393 2641; x_wconf 91' lang='lat' dir='ltr'>patruo</span> <span class='ocrx_word' id='word_1_222' title='bbox 415 2583 482 2625; x_wconf 89' lang='lat' dir='ltr'>meo</span> <span class='ocrx_word' id='word_1_223' title='bbox 505 2567 587 2640; x_wconf 92' lang='lat' dir='ltr'>loqui</span> <span class='ocrx_word' id='word_1_224' title='bbox 609 2566 815 2624; x_wconf 87' lang='lat' dir='ltr'>inclementer.</span> <span class='ocrx_word' id='word_1_225' title='bbox 860 2561 957 2626; x_wconf 84' lang='lat' dir='ltr'>Poeu.</span> <span class='ocrx_word' id='word_1_226' title='bbox 981 2560 1035 2640; x_wconf 85' lang='lat' dir='ltr'>lv,</span> <span class='ocrx_word' id='word_1_227' title='bbox 1059 2566 1088 2640; x_wconf 87' lang='lat'>2,</span> <span class='ocrx_word' id='word_1_228' title='bbox 1113 2565 1170 2626; x_wconf 84' lang='lat'>63:</span> <span class='ocrx_word' id='word_1_229' title='bbox 1205 2564 1238 2624; x_wconf 83' lang='lat' dir='ltr'>si</span> <span class='ocrx_word' id='word_1_230' title='bbox 1267 2581 1338 2625; x_wconf 87' lang='lat' dir='ltr'>erus</span> <span class='ocrx_word' id='word_1_231' title='bbox 1365 2580 1433 2625; x_wconf 85' lang='lat' dir='ltr'>nens</span> 
     </span>
     <span class='ocr_line' id='line_1_24' title="bbox 284 2658 1432 2741; baseline -0.001 -17"><span class='ocrx_word' id='word_1_232' title='bbox 284 2665 351 2724; x_wconf 89' lang='lat' dir='ltr'>med</span> <span class='ocrx_word' id='word_1_233' title='bbox 380 2660 439 2741; x_wconf 87' lang='lat' dir='ltr'>(sic</span> <span class='ocrx_word' id='word_1_234' title='bbox 462 2659 566 2737; x_wconf 80' lang='lat' dir='ltr'>Both,</span> <span class='ocrx_word' id='word_1_235' title='bbox 589 2658 676 2741; x_wconf 86' lang='lat' dir='ltr'>vulg.</span> <span class='ocrx_word' id='word_1_236' title='bbox 698 2667 755 2733; x_wconf 82' lang='lat' dir='ltr'>nte)</span> <span class='ocrx_word' id='word_1_237' title='bbox 778 2678 845 2721; x_wconf 89' lang='lat' dir='ltr'>esse</span> <span class='ocrx_word' id='word_1_238' title='bbox 868 2664 999 2722; x_wconf 88' lang='lat' dir='ltr'>locutum</span> <span class='ocrx_word' id='word_1_239' title='bbox 1027 2663 1184 2737; x_wconf 87' lang='lat' dir='ltr'>quoiquam</span> <span class='ocrx_word' id='word_1_240' title='bbox 1212 2665 1334 2722; x_wconf 87' lang='lat' dir='ltr'>mortali</span> <span class='ocrx_word' id='word_1_241' title='bbox 1362 2664 1432 2733; x_wconf 80' lang='lat' dir='ltr'>sciat</span> 
     </span>
     <span class='ocr_line' id='line_1_25' title="bbox 280 2755 1432 2837; baseline -0.002 -14"><span class='ocrx_word' id='word_1_242' title='bbox 280 2788 324 2809; x_wconf 90' lang='lat'><em>=</em></span> <span class='ocrx_word' id='word_1_243' title='bbox 347 2777 418 2823; x_wconf 88' lang='lat' dir='ltr'>cum</span> <span class='ocrx_word' id='word_1_244' title='bbox 441 2774 600 2837; x_wconf 90' lang='lat' dir='ltr'>quoquam</span> <span class='ocrx_word' id='word_1_245' title='bbox 622 2756 759 2821; x_wconf 87' lang='lat' dir='ltr'>mortali.</span> <span class='ocrx_word' id='word_1_246' title='bbox 805 2755 889 2820; x_wconf 89' lang='lat' dir='ltr'>Men.</span> <span class='ocrx_word' id='word_1_247' title='bbox 912 2755 951 2836; x_wconf 91' lang='lat' dir='ltr'>V,</span> <span class='ocrx_word' id='word_1_248' title='bbox 975 2763 1007 2837; x_wconf 84' lang='lat'>9,</span> <span class='ocrx_word' id='word_1_249' title='bbox 1030 2762 1062 2818; x_wconf 81' lang='lat'>7:</span> <span class='ocrx_word' id='word_1_250' title='bbox 1097 2760 1239 2834; x_wconf 87' lang='lat' dir='ltr'>eloquere</span> <span class='ocrx_word' id='word_1_251' title='bbox 1266 2768 1349 2820; x_wconf 88' lang='lat' dir='ltr'>tuum</span> <span class='ocrx_word' id='word_1_252' title='bbox 1374 2759 1432 2821; x_wconf 84' lang='lat' dir='ltr'>nili</span> 
     </span>
     <span class='ocr_line' id='line_1_26' title="bbox 283 2854 1430 2935; baseline 0.004 -23"><span class='ocrx_word' id='word_1_253' title='bbox 283 2876 399 2919; x_wconf 83' lang='lat' dir='ltr'>nomen.</span> <span class='ocrx_word' id='word_1_254' title='bbox 444 2855 541 2919; x_wconf 86' lang='lat' dir='ltr'>Poen.</span> <span class='ocrx_word' id='word_1_255' title='bbox 564 2854 602 2933; x_wconf 85' lang='lat' dir='ltr'>V,</span> <span class='ocrx_word' id='word_1_256' title='bbox 627 2859 655 2934; x_wconf 84' lang='lat'>2,</span> <span class='ocrx_word' id='word_1_257' title='bbox 679 2859 738 2918; x_wconf 80' lang='lat'>26:</span> <span class='ocrx_word' id='word_1_258' title='bbox 772 2856 933 2928; x_wconf 77' lang='lat' dir='ltr'>tibicine,</span> <span class='ocrx_word' id='word_1_259' title='bbox 967 2858 1083 2916; x_wconf 85' lang='lat' dir='ltr'>mulier.</span> <span class='ocrx_word' id='word_1_260' title='bbox 1128 2854 1226 2920; x_wconf 86' lang='lat' dir='ltr'>Poen.</span> <span class='ocrx_word' id='word_1_261' title='bbox 1251 2856 1288 2935; x_wconf 85' lang='lat' dir='ltr'>V,</span> <span class='ocrx_word' id='word_1_262' title='bbox 1313 2860 1341 2934; x_wconf 83' lang='grc'>2,</span> <span class='ocrx_word' id='word_1_263' title='bbox 1370 2859 1430 2920; x_wconf 82' lang='grc'>127;</span> 
     </span>
     <span class='ocr_line' id='line_1_27' title="bbox 284 2950 1430 3030; baseline -0.003 -15"><span class='ocrx_word' id='word_1_264' title='bbox 284 2957 332 3015; x_wconf 87' lang='lat' dir='ltr'>dic</span> <span class='ocrx_word' id='word_1_265' title='bbox 354 2956 429 3013; x_wconf 76' lang='lat' dir='ltr'>milti</span> <span class='ocrx_word' id='word_1_266' title='bbox 457 2955 620 3029; x_wconf 85' lang='lat' dir='ltr'>quidlubet.</span> <span class='ocrx_word' id='word_1_267' title='bbox 665 2951 761 3016; x_wconf 87' lang='lat' dir='ltr'>Pucu.</span> <span class='ocrx_word' id='word_1_268' title='bbox 786 2950 840 3029; x_wconf 89' lang='lat' dir='ltr'>lv,</span> <span class='ocrx_word' id='word_1_269' title='bbox 864 2956 893 3030; x_wconf 91' lang='grc'>6,</span> <span class='ocrx_word' id='word_1_270' title='bbox 917 2956 971 3016; x_wconf 86' lang='lat'>23:</span> <span class='ocrx_word' id='word_1_271' title='bbox 997 2956 1072 3013; x_wconf 90' lang='lat' dir='ltr'>Nam</span> <span class='ocrx_word' id='word_1_272' title='bbox 1096 2956 1200 3029; x_wconf 82' lang='lat' dir='ltr'>quanti</span> <span class='ocrx_word' id='word_1_273' title='bbox 1223 2954 1321 3015; x_wconf 86' lang='lat' dir='ltr'>refert</span> <span class='ocrx_word' id='word_1_274' title='bbox 1342 2959 1369 3015; x_wconf 88' lang='lat' dir='ltr'>ei</span> <span class='ocrx_word' id='word_1_275' title='bbox 1387 2969 1430 3013; x_wconf 83' lang='lat' dir='ltr'>nec</span> 
     </span>
     <span class='ocr_line' id='line_1_28' title="bbox 283 3048 1429 3127; baseline -0.003 -15"><span class='ocrx_word' id='word_1_276' title='bbox 283 3060 366 3114; x_wconf 89' lang='lat' dir='ltr'>recta</span> <span class='ocrx_word' id='word_1_277' title='bbox 388 3054 498 3124; x_wconf 88' lang='lat' dir='ltr'>dicere,</span> <span class='ocrx_word' id='word_1_278' title='bbox 524 3053 580 3125; x_wconf 81' lang='lat' dir='ltr'>Qui</span> <span class='ocrx_word' id='word_1_279' title='bbox 604 3052 689 3110; x_wconf 89' lang='lat' dir='ltr'>nihili</span> <span class='ocrx_word' id='word_1_280' title='bbox 712 3051 813 3111; x_wconf 87' lang='lat' dir='ltr'>faeiat.</span> <span class='ocrx_word' id='word_1_281' title='bbox 858 3048 1024 3127; x_wconf 87' lang='lat' dir='ltr'>Truc.1V,</span> <span class='ocrx_word' id='word_1_282' title='bbox 1049 3056 1078 3126; x_wconf 87' lang='lat'>3,</span> <span class='ocrx_word' id='word_1_283' title='bbox 1102 3055 1157 3113; x_wconf 78' lang='lat'>57:</span> <span class='ocrx_word' id='word_1_284' title='bbox 1182 3053 1250 3112; x_wconf 90' lang='lat' dir='ltr'>Non</span> <span class='ocrx_word' id='word_1_285' title='bbox 1274 3055 1370 3113; x_wconf 87' lang='lat' dir='ltr'>vinum</span> <span class='ocrx_word' id='word_1_286' title='bbox 1389 3053 1429 3111; x_wconf 88' lang='lat' dir='ltr'>ho·</span> 
     </span>
     <span class='ocr_line' id='line_1_29' title="bbox 283 3145 1429 3227; baseline -0.003 -17"><span class='ocrx_word' id='word_1_287' title='bbox 283 3152 412 3211; x_wconf 85' lang='lat' dir='ltr'>minibus</span> <span class='ocrx_word' id='word_1_288' title='bbox 433 3151 595 3222; x_wconf 85' lang='lat' dir='ltr'>moderari,</span> <span class='ocrx_word' id='word_1_289' title='bbox 631 3148 683 3210; x_wconf 90' lang='lat' dir='ltr'>sed</span> <span class='ocrx_word' id='word_1_290' title='bbox 707 3151 842 3209; x_wconf 90' lang='lat' dir='ltr'>homines</span> <span class='ocrx_word' id='word_1_291' title='bbox 864 3150 932 3208; x_wconf 84' lang='lat' dir='ltr'>rino</span> <span class='ocrx_word' id='word_1_292' title='bbox 955 3150 1108 3222; x_wconf 79' lang='lat' dir='ltr'>solent.”)</span> <span class='ocrx_word' id='word_1_293' title='bbox 1153 3145 1220 3210; x_wconf 89' lang='lat' dir='ltr'>Mil.</span> <span class='ocrx_word' id='word_1_294' title='bbox 1244 3147 1287 3225; x_wconf 91' lang='grc' dir='ltr'>ΙΙ,</span> <span class='ocrx_word' id='word_1_295' title='bbox 1310 3156 1339 3227; x_wconf 88' lang='grc'>2,</span> <span class='ocrx_word' id='word_1_296' title='bbox 1371 3150 1429 3211; x_wconf 79' lang='lat'>117:</span> 
     </span>
     <span class='ocr_line' id='line_1_30' title="bbox 284 3240 1428 3324; baseline -0.001 -16"><span class='ocrx_word' id='word_1_297' title='bbox 284 3251 349 3310; x_wconf 84' lang='lat' dir='ltr'>roci</span> <span class='ocrx_word' id='word_1_298' title='bbox 371 3249 549 3309; x_wconf 90' lang='lat' dir='ltr'>moderabor</span> <span class='ocrx_word' id='word_1_299' title='bbox 571 3265 663 3308; x_wconf 88' lang='lat' dir='ltr'>meae.</span> <span class='ocrx_word' id='word_1_300' title='bbox 709 3244 763 3324; x_wconf 86' lang='lat' dir='ltr'>IV,</span> <span class='ocrx_word' id='word_1_301' title='bbox 789 3252 819 3324; x_wconf 82' lang='lat'>5,</span> <span class='ocrx_word' id='word_1_302' title='bbox 846 3250 898 3307; x_wconf 82' lang='lat'>15:</span> <span class='ocrx_word' id='word_1_303' title='bbox 933 3247 1094 3307; x_wconf 87' lang='lat' dir='ltr'>Moderare</span> <span class='ocrx_word' id='word_1_304' title='bbox 1121 3248 1230 3308; x_wconf 90' lang='lat' dir='ltr'>auimo.</span> <span class='ocrx_word' id='word_1_305' title='bbox 1277 3244 1367 3311; x_wconf 82' lang='lat' dir='ltr'>Cure.</span> <span class='ocrx_word' id='word_1_306' title='bbox 1385 3240 1428 3315; x_wconf 77' lang='lat' dir='ltr'>ll,</span> 
     </span>
     <span class='ocr_line' id='line_1_31' title="bbox 286 3340 1426 3424; baseline -0.009 -15"><span class='ocrx_word' id='word_1_307' title='bbox 286 3350 313 3424; x_wconf 89' lang='lat'>1,</span> <span class='ocrx_word' id='word_1_308' title='bbox 338 3350 392 3409; x_wconf 84' lang='lat'>25:</span> <span class='ocrx_word' id='word_1_309' title='bbox 418 3349 537 3422; x_wconf 80' lang='lat' dir='ltr'>linguae</span> <span class='ocrx_word' id='word_1_310' title='bbox 553 3346 797 3405; x_wconf 85' lang='lat' dir='ltr'>moderandnmet</span> <span class='ocrx_word' id='word_1_311' title='bbox 811 3346 891 3404; x_wconf 87' lang='lat' dir='ltr'>nihi.</span> <span class='ocrx_word' id='word_1_312' title='bbox 920 3340 985 3405; x_wconf 85' lang='lat' dir='ltr'>Mil.</span> <span class='ocrx_word' id='word_1_313' title='bbox 999 3340 1055 3420; x_wconf 84' lang='lat' dir='ltr'>lv,</span> <span class='ocrx_word' id='word_1_314' title='bbox 1073 3347 1101 3419; x_wconf 89' lang='grc'>2,</span> <span class='ocrx_word' id='word_1_315' title='bbox 1117 3345 1175 3405; x_wconf 90' lang='lat'>81:</span> <span class='ocrx_word' id='word_1_316' title='bbox 1198 3345 1323 3420; x_wconf 88' lang='lat' dir='ltr'>Nequeo</span> <span class='ocrx_word' id='word_1_317' title='bbox 1344 3343 1426 3404; x_wconf 83' lang='lat' dir='ltr'>hercle</span> 
     </span>
     <span class='ocr_line' id='line_1_32' title="bbox 283 3439 1424 3520; baseline -0.008 -14"><span class='ocrx_word' id='word_1_318' title='bbox 283 3446 421 3520; x_wconf 87' lang='lat' dir='ltr'>equidem</span> <span class='ocrx_word' id='word_1_319' title='bbox 451 3446 513 3504; x_wconf 85' lang='lat' dir='ltr'>risu</span> <span class='ocrx_word' id='word_1_320' title='bbox 542 3442 773 3504; x_wconf 84' lang='lat' dir='ltr'>admoderarier.</span> <span class='ocrx_word' id='word_1_321' title='bbox 819 3440 899 3503; x_wconf 88' lang='lat' dir='ltr'>Rud.</span> <span class='ocrx_word' id='word_1_322' title='bbox 923 3439 977 3518; x_wconf 80' lang='lat' dir='ltr'>lv,</span> <span class='ocrx_word' id='word_1_323' title='bbox 1008 3446 1037 3518; x_wconf 86' lang='grc'>7,</span> <span class='ocrx_word' id='word_1_324' title='bbox 1061 3444 1116 3504; x_wconf 81' lang='lat'>28:</span> <span class='ocrx_word' id='word_1_325' title='bbox 1151 3443 1272 3516; x_wconf 79' lang='lat' dir='ltr'>linguae</span> <span class='ocrx_word' id='word_1_326' title='bbox 1302 3452 1424 3518; x_wconf 85' lang='lat' dir='ltr'>tempera</span> 
     </span>
     <span class='ocr_line' id='line_1_33' title="bbox 284 3533 1425 3618; baseline -0.01 -14"><span class='ocrx_word' id='word_1_327' title='bbox 284 3539 377 3604; x_wconf 90' lang='lat' dir='ltr'>Most.</span> <span class='ocrx_word' id='word_1_328' title='bbox 402 3538 427 3616; x_wconf 89' lang='lat'>1,</span> <span class='ocrx_word' id='word_1_329' title='bbox 449 3546 478 3616; x_wconf 88' lang='lat'>3,</span> <span class='ocrx_word' id='word_1_330' title='bbox 503 3542 521 3601; x_wconf 89' lang='grc'><strong>6</strong></span> <span class='ocrx_word' id='word_1_331' title='bbox 546 3556 592 3618; x_wconf 89' lang='lat' dir='ltr'>sq.</span> <span class='ocrx_word' id='word_1_332' title='bbox 616 3538 668 3617; x_wconf 81' lang='lat' dir='ltr'>(cf.</span> <span class='ocrx_word' id='word_1_333' title='bbox 692 3538 838 3618; x_wconf 89' lang='lat' dir='ltr'>Kampm.</span> <span class='ocrx_word' id='word_1_334' title='bbox 870 3536 909 3600; x_wconf 89' lang='lat' dir='ltr'>de</span> <span class='ocrx_word' id='word_1_335' title='bbox 937 3542 988 3598; x_wconf 84' lang='grc' dir='ltr'>ΑΒ</span> <span class='ocrx_word' id='word_1_336' title='bbox 1018 3556 1048 3618; x_wconf 91' lang='lat' dir='ltr'>p.</span> <span class='ocrx_word' id='word_1_337' title='bbox 1080 3540 1131 3614; x_wconf 87' lang='grc'>26,</span> <span class='ocrx_word' id='word_1_338' title='bbox 1161 3536 1271 3600; x_wconf 91' lang='lat' dir='ltr'>adnot.</span> <span class='ocrx_word' id='word_1_339' title='bbox 1294 3540 1342 3613; x_wconf 72' lang='lat' dir='ltr'>tp:</span> <span class='ocrx_word' id='word_1_340' title='bbox 1371 3533 1425 3597; x_wconf 89' lang='lat' dir='ltr'>nili</span> 
     </span>
    </p>
   </div>
   <div class='ocr_carea' id='block_1_5' title="bbox 284 3631 1424 4206">
    <p class='ocr_par' dir='ltr' id='par_1_5' title="bbox 284 3631 1424 4206">
     <span class='ocr_line' id='line_1_34' title="bbox 285 3631 1424 3715; baseline -0.006 -16"><span class='ocrx_word' id='word_1_341' title='bbox 285 3658 360 3715; x_wconf 91' lang='lat' dir='ltr'>quae</span> <span class='ocrx_word' id='word_1_342' title='bbox 384 3640 560 3698; x_wconf 86' lang='lat' dir='ltr'>modestiam</span> <span class='ocrx_word' id='word_1_343' title='bbox 583 3655 699 3698; x_wconf 89' lang='lat' dir='ltr'>omnem</span> <span class='ocrx_word' id='word_1_344' title='bbox 724 3640 854 3698; x_wconf 86' lang='lat' dir='ltr'>Detexit.</span> <span class='ocrx_word' id='word_1_345' title='bbox 901 3631 1015 3697; x_wconf 88' lang='lat' dir='ltr'>Bacch.</span> <span class='ocrx_word' id='word_1_346' title='bbox 1039 3634 1094 3713; x_wconf 91' lang='lat' dir='ltr'>IV,</span> <span class='ocrx_word' id='word_1_347' title='bbox 1119 3639 1148 3713; x_wconf 88' lang='lat'>9,</span> <span class='ocrx_word' id='word_1_348' title='bbox 1175 3639 1251 3698; x_wconf 84' lang='lat'><strong>136:</strong></span> <span class='ocrx_word' id='word_1_349' title='bbox 1286 3638 1364 3711; x_wconf 88' lang='lat' dir='ltr'>Cape</span> <span class='ocrx_word' id='word_1_350' title='bbox 1382 3635 1424 3692; x_wconf 85' lang='lat' dir='ltr'>lot</span> 
     </span>
     <span class='ocr_line' id='line_1_35' title="bbox 284 3731 1422 3812; baseline -0.007 -14"><span class='ocrx_word' id='word_1_351' title='bbox 284 3739 339 3798; x_wconf 77' lang='lat' dir='ltr'>tini</span> <span class='ocrx_word' id='word_1_352' title='bbox 360 3756 473 3798; x_wconf 89' lang='lat' dir='ltr'>aurum.</span> <span class='ocrx_word' id='word_1_353' title='bbox 518 3731 616 3797; x_wconf 86' lang='lat' dir='ltr'>Marc.</span> <span class='ocrx_word' id='word_1_354' title='bbox 640 3733 694 3812; x_wconf 88' lang='lat' dir='ltr'>IV,</span> <span class='ocrx_word' id='word_1_355' title='bbox 718 3741 747 3811; x_wconf 88' lang='grc'>4,</span> <span class='ocrx_word' id='word_1_356' title='bbox 773 3740 807 3797; x_wconf 92' lang='lat'>1:</span> <span class='ocrx_word' id='word_1_357' title='bbox 830 3738 888 3795; x_wconf 89' lang='lat' dir='ltr'>iam</span> <span class='ocrx_word' id='word_1_358' title='bbox 912 3735 1039 3794; x_wconf 88' lang='lat' dir='ltr'>amatori</span> <span class='ocrx_word' id='word_1_359' title='bbox 1063 3737 1127 3793; x_wconf 90' lang='lat' dir='ltr'>seui</span> <span class='ocrx_word' id='word_1_360' title='bbox 1147 3734 1311 3809; x_wconf 84' lang='lat' dir='ltr'>Coquenda</span> <span class='ocrx_word' id='word_1_361' title='bbox 1332 3737 1422 3795; x_wconf 86' lang='lat' dir='ltr'>oenast</span> 
     </span>
     <span class='ocr_line' id='line_1_36' title="bbox 284 3814 1422 3912; baseline -0.004 -16"><span class='ocrx_word' id='word_1_362' title='bbox 284 3814 437 3909; x_wconf 73' lang='lat' dir='ltr'>Asinii,</span> <span class='ocrx_word' id='word_1_363' title='bbox 460 3841 491 3912; x_wconf 85' lang='grc'>4,</span> <span class='ocrx_word' id='word_1_364' title='bbox 515 3838 569 3895; x_wconf 86' lang='lat'>71:</span> <span class='ocrx_word' id='word_1_365' title='bbox 594 3835 700 3908; x_wconf 82' lang='lat' dir='ltr'>Pergin</span> <span class='ocrx_word' id='word_1_366' title='bbox 726 3835 845 3907; x_wconf 88' lang='lat' dir='ltr'>precari</span> <span class='ocrx_word' id='word_1_367' title='bbox 867 3830 1027 3908; x_wconf 83' lang='lat' dir='ltr'>pessumo?</span> <span class='ocrx_word' id='word_1_368' title='bbox 1070 3828 1163 3893; x_wconf 90' lang='lat' dir='ltr'>Truc.</span> <span class='ocrx_word' id='word_1_369' title='bbox 1188 3828 1226 3908; x_wconf 79' lang='lat' dir='ltr'>V,</span> <span class='ocrx_word' id='word_1_370' title='bbox 1250 3836 1308 3894; x_wconf 79' lang='lat'>45:</span> <span class='ocrx_word' id='word_1_371' title='bbox 1334 3831 1422 3892; x_wconf 75' lang='lat' dir='ltr'>aldum</span> 
     </span>
     <span class='ocr_line' id='line_1_37' title="bbox 285 3925 1423 4009; baseline -0.007 -16"><span class='ocrx_word' id='word_1_372' title='bbox 285 3950 347 3993; x_wconf 88' lang='lat' dir='ltr'>rem</span> <span class='ocrx_word' id='word_1_373' title='bbox 372 3935 417 3993; x_wconf 85' lang='lat' dir='ltr'>his</span> <span class='ocrx_word' id='word_1_374' title='bbox 434 3941 465 3992; x_wconf 87' lang='lat' dir='ltr'>et</span> <span class='ocrx_word' id='word_1_375' title='bbox 485 3934 634 4008; x_wconf 78' lang='lat' dir='ltr'>magnam!</span> <span class='ocrx_word' id='word_1_376' title='bbox 657 3930 741 4009; x_wconf 92' lang='lat' dir='ltr'>quod</span> <span class='ocrx_word' id='word_1_377' title='bbox 765 3935 814 3994; x_wconf 87' lang='lat' dir='ltr'>est</span> <span class='ocrx_word' id='word_1_378' title='bbox 838 3926 977 4007; x_wconf 88' lang='lat' dir='ltr'>ellipticc</span> <span class='ocrx_word' id='word_1_379' title='bbox 999 3925 1120 3990; x_wconf 88' lang='lat' dir='ltr'>dictum</span> <span class='ocrx_word' id='word_1_380' title='bbox 1143 3932 1176 3990; x_wconf 87' lang='lat' dir='ltr'>et</span> <span class='ocrx_word' id='word_1_381' title='bbox 1197 3931 1305 3991; x_wconf 87' lang='lat' dir='ltr'>mente</span> <span class='ocrx_word' id='word_1_382' title='bbox 1328 3925 1423 3991; x_wconf 82' lang='lat' dir='ltr'>addeu-</span> 
     </span>
     <span class='ocr_line' id='line_1_38' title="bbox 284 4027 1421 4108; baseline -0.005 -17"><span class='ocrx_word' id='word_1_383' title='bbox 284 4027 360 4091; x_wconf 90' lang='lat' dir='ltr'>dum</span> <span class='ocrx_word' id='word_1_384' title='bbox 378 4047 494 4103; x_wconf 82' lang='lat' dir='ltr'>precor.</span> <span class='ocrx_word' id='word_1_385' title='bbox 541 4027 655 4108; x_wconf 85' lang='lat' dir='ltr'>Amph.</span> <span class='ocrx_word' id='word_1_386' title='bbox 677 4027 719 4105; x_wconf 93' lang='grc' dir='ltr'>ΙΙ,</span> <span class='ocrx_word' id='word_1_387' title='bbox 744 4032 772 4103; x_wconf 90' lang='grc'>2,</span> <span class='ocrx_word' id='word_1_388' title='bbox 799 4031 857 4090; x_wconf 81' lang='lat'>107</span> <span class='ocrx_word' id='word_1_389' title='bbox 868 4043 874 4081; x_wconf 89' lang='lat'><strong>:</strong></span> <span class='ocrx_word' id='word_1_390' title='bbox 898 4038 926 4087; x_wconf 87' lang='lat' dir='ltr'>te</span> <span class='ocrx_word' id='word_1_391' title='bbox 951 4027 1109 4101; x_wconf 80' lang='lat' dir='ltr'>prodigiali</span> <span class='ocrx_word' id='word_1_392' title='bbox 1132 4027 1195 4087; x_wconf 88' lang='lat' dir='ltr'>lori</span> <span class='ocrx_word' id='word_1_393' title='bbox 1216 4058 1260 4068; x_wconf 92' lang='lat'>—</span> <span class='ocrx_word' id='word_1_394' title='bbox 1283 4034 1421 4102; x_wconf 65' lang='lat' dir='ltr'>copprea·</span> 
     </span>
     <span class='ocr_line' id='line_1_39' title="bbox 286 4119 1421 4206; baseline -0.008 -19"><span class='ocrx_word' id='word_1_395' title='bbox 286 4137 345 4188; x_wconf 89' lang='lat' dir='ltr'>tam</span> <span class='ocrx_word' id='word_1_396' title='bbox 369 4130 509 4205; x_wconf 90' lang='lat' dir='ltr'>oportuit.</span> <span class='ocrx_word' id='word_1_397' title='bbox 554 4125 668 4206; x_wconf 87' lang='lat' dir='ltr'>Amph.</span> <span class='ocrx_word' id='word_1_398' title='bbox 691 4124 751 4203; x_wconf 93' lang='grc' dir='ltr'>ΙΙΙ,</span> <span class='ocrx_word' id='word_1_399' title='bbox 775 4130 804 4203; x_wconf 92' lang='grc'>2,</span> <span class='ocrx_word' id='word_1_400' title='bbox 832 4129 882 4187; x_wconf 84' lang='lat'>14:</span> <span class='ocrx_word' id='word_1_401' title='bbox 911 4144 988 4185; x_wconf 86' lang='lat' dir='ltr'>uuna</span> <span class='ocrx_word' id='word_1_402' title='bbox 1011 4133 1109 4185; x_wconf 88' lang='lat' dir='ltr'>aulem</span> <span class='ocrx_word' id='word_1_403' title='bbox 1132 4125 1245 4184; x_wconf 86' lang='lat' dir='ltr'>insonti</span> <span class='ocrx_word' id='word_1_404' title='bbox 1267 4127 1338 4186; x_wconf 90' lang='lat' dir='ltr'>mihi</span> <span class='ocrx_word' id='word_1_405' title='bbox 1357 4119 1421 4183; x_wconf 79' lang='lat' dir='ltr'>plina</span> 
     </span>
    </p>
   </div>
   <div class='ocr_carea' id='block_1_6' title="bbox 357 4335 1294 4408">
    <p class='ocr_par' dir='ltr' id='par_1_6' title="bbox 357 4335 1294 4408">
     <span class='ocr_line' id='line_1_40' title="bbox 357 4335 1294 4408; baseline -0.002 -16"><span class='ocrx_word' id='word_1_406' title='bbox 357 4340 393 4405; x_wconf 78' lang='lat'>⁸⁸)</span> <span class='ocrx_word' id='word_1_407' title='bbox 413 4340 459 4395; x_wconf 84' lang='lat' dir='ltr'>Sic</span> <span class='ocrx_word' id='word_1_408' title='bbox 476 4340 556 4394; x_wconf 91' lang='lat' dir='ltr'>Both.</span> <span class='ocrx_word' id='word_1_409' title='bbox 577 4339 655 4408; x_wconf 67' lang='lat' dir='ltr'>l‘ulg.</span> <span class='ocrx_word' id='word_1_410' title='bbox 674 4338 740 4392; x_wconf 77' lang='lat' dir='ltr'>oiao</span> <span class='ocrx_word' id='word_1_411' title='bbox 759 4337 889 4391; x_wconf 76' lang='lat' dir='ltr'>homines.</span> <span class='ocrx_word' id='word_1_412' title='bbox 909 4335 995 4390; x_wconf 87' lang='lat' dir='ltr'>Goell.</span> <span class='ocrx_word' id='word_1_413' title='bbox 1015 4335 1146 4390; x_wconf 77' lang='lat' dir='ltr'>uinuaed</span> <span class='ocrx_word' id='word_1_414' title='bbox 1162 4335 1294 4391; x_wconf 73' lang='lat' dir='ltr'>hominen</span> 
     </span>
    </p>
   </div>
   <div class='ocr_carea' id='block_1_7' title="bbox 0 0 1568 5075">
    <p class='ocr_par' dir='ltr' id='par_1_7' title="bbox 0 0 1568 5075">
     <span class='ocr_line' id='line_1_41' title="bbox 0 0 1568 5075; baseline 0 5"><span class='ocrx_word' id='word_1_415' title='bbox 0 0 1568 5075; x_wconf 95' lang='lat' dir='ltr'> </span> 
     </span>
    </p>
   </div>
  </div>
 </body>
</html>
