3125 5075
495 362 582 402 CASUS
597 363 866 403 SUBBTAN'HVORUU.
881 384 904 392 -·
918 365 1058 404 ACCUSAT.
1295 376 1357 434 243

201 534 258 614 lv,
280 540 312 613 2,
337 540 374 602 l:
401 538 482 613 Quid
503 546 559 618 esi,
580 546 684 617 pater,
706 538 785 614 qood
806 555 853 599 me
876 540 1013 604 excivisti
1035 546 1104 601 aute
1127 539 1232 602 aedis?
1275 538 1356 608 liud

199 631 243 714 11,
264 635 298 714 a,
320 637 378 700 32:
416 636 560 699 Bouamst
584 637 667 712 quod
695 638 808 698 habeas
830 638 957 711 gratiam
983 638 1091 700 merito
1112 639 1193 701 mihi.
1237 635 1309 706 Cas.
1332 638 1359 721 Ι,

204 733 257 798 ld:
280 733 359 810 Ego,
380 734 440 796 bue
461 734 544 809 Μ
560 735 630 797 veui
650 736 682 796 iu
703 736 817 808 urbem,
841 736 866 794 si
888 736 1090 810 inpetravero,
1111 732 1143 798 h.
1157 751 1186 800 e.
1209 735 1251 802 ob
1273 738 1360 818 quod

201 827 263 896 huc
284 828 319 894 in
342 828 455 896 urbem
477 829 551 896 veui
571 830 631 906 (sio
653 830 772 907 Grou).
817 828 888 894 Aul.
911 828 954 910 ΙΙ,
977 834 1008 909 2,
1031 834 1086 895 26:
1120 842 1182 910 est,
1210 838 1288 911 qood
1314 839 1358 900 vi·

204 945 266 988 suar
289 928 421 990 domurn
464 926 559 996 Most
581 926 643 1008 III,
674 932 704 1007 2,
728 931 783 994 23:
817 930 899 991 Nihil
926 932 986 990 erit
1011 930 1090 1004 quod
1117 932 1239 994 deorum
1266 938 1359 998 ullum

206 1026 362 1090 moruus
406 1042 436 1087 v.
458 1031 515 1092 99:
548 1027 635 1105 Quod
655 1045 702 1089 me
724 1029 881 1102 misceres,
911 1026 1015 1090 adiero
1042 1046 1128 1089 omne
1157 1031 1357 1107 impetratum.

208 1120 299 1188 tlerc.
322 1120 366 1200 11,
389 1127 420 1202 2,
440 1126 499 1188 46:
520 1126 604 1187 Nihil
627 1132 674 1188 cst
695 1126 765 1200 iam,
788 1125 867 1199 qood
888 1133 921 1186 tu
942 1126 1015 1186 mihi
1037 1143 1223 1189 suscenseas.
1260 1128 1357 1195 Mera

209 1237 235 1283 v.
255 1223 335 1286 368:
370 1223 449 1284 istuc
479 1223 635 1298 quidest,
669 1224 724 1283 tibi
752 1222 831 1297 qaod
852 1230 1054 1285 conmutatust
1083 1224 1187 1286 color?
1229 1243 1259 1290 v.
1282 1230 1359 1292 384:

212 1319 283 1392 uun
303 1321 379 1382 illuc
401 1327 458 1394 est,
480 1319 559 1395 qood
580 1322 632 1381 ille
655 1337 740 1380 ame
763 1324 845 1382 solus
868 1337 900 1380 se
923 1323 955 1380 iu
975 1323 1130 1383 consilium
1150 1331 1280 1389 sevocat.
1304 1323 1359 1402 lv,

214 1418 239 1493 3,
260 1419 315 1480 12:
339 1419 394 1478 Pol
416 1418 474 1479 boc
495 1425 553 1496 est,
575 1421 620 1480 ire
642 1418 721 1491 guod
741 1437 793 1478 rus
816 1436 899 1479 meus
921 1420 966 1478 vir
989 1420 1090 1480 noluit
1119 1417 1217 1486 Mero.
1233 1440 1263 1486 v.
1282 1425 1359 1488 119:

215 1514 282 1587 osio
303 1516 378 1578 illuc
400 1523 464 1589 est,
500 1517 580 1589 quod
606 1518 659 1578 ille
690 1523 751 1606 tam
779 1516 918 1591 expedite
948 1519 1079 1593 exquirit
1101 1536 1257 1581 cursuram
1280 1521 1359 1582 sibi?

215 1628 237 1671 v.
258 1616 335 1692 Πᾶς
365 1614 444 1687 Quin
467 1619 501 1672 tu
522 1615 658 1689 expedis,
684 1614 761 1686 Quid
785 1616 843 1674 siet
863 1614 943 1687 quod
963 1632 1009 1684 me
1032 1633 1088 1692 por
1109 1618 1212 1680 urbem
1234 1637 1360 1684 currens

216 1714 369 1784 quaerebas
392 1710 499 1772 modo?
542 1708 657 1789 Amph.
678 1707 737 1788 111,
762 1715 790 1789 l,
816 1713 869 1774 18:
896 1714 1073 1790 Faciamque
1101 1721 1134 1774 nt
1161 1733 1220 1777 uno
1243 1716 1307 1778 ictu
1329 1725 1362 1780 et

215 1812 281 1883 qaod
301 1810 459 1888 gravidast
485 1811 549 1869 viro
576 1810 618 1870 Et
643 1827 691 1869 me
714 1809 793 1883 qood
814 1811 965 1884 gravidast
985 1814 1085 1886 pariat
1112 1815 1176 1874 siue
1198 1814 1361 1880 doloribus.

215 1904 330 1972 Tmont-
353 1905 436 1971 Eun
458 1903 520 1984 111,
542 1910 572 1983 5,
598 1908 651 1969 10:
681 1907 759 1981 Quid
781 1913 830 1967 cst
850 1909 927 1981 qood
949 1911 991 1969 sic
1013 1911 1125 1985 gestis?
1149 1913 1281 1988 -quid
1304 1919 1361 1988 est,

214 2005 287 2081 Qvod
306 2003 485 2068 lauimus?
528 2002 626 2067 Andr.
649 2001 703 2073 lv,
726 2006 756 2081 3,
779 2006 834 2068 23:
869 2006 966 2080 siquid
989 2014 1049 2080 est,
1077 2009 1163 2085 Quod
1182 2027 1249 2071 mea
1270 2021 1363 2087 opera

216 2121 278 2178 opus
300 2106 344 2165 sit
366 2104 461 2164 vobis.
505 2099 582 2166 Hac.
606 2099 662 2179 IV,
686 2104 716 2179 2,
739 2103 794 2165 24:
822 2103 891 2164 Siue
914 2122 960 2164 me
983 2105 1109 2167 obsecro
1132 2107 1188 2167 hoc
1211 2106 1361 2186 colugere,

216 2203 307 2278 volgus
322 2201 405 2275 qaod
417 2202 496 2262 male
511 2201 595 2261 audit
613 2202 780 2275 mulierum,
800 2198 887 2278 quod
907 2199 1129 2267 Schmiederus
1148 2220 1208 2283 pro
1229 2208 1264 2265 ot
1285 2208 1363 2280 qaod

216 2295 325 2363 lictum
349 2313 422 2362 esne
446 2295 532 2362 dicit.
576 2294 704 2361 Phorm.
721 2296 758 2377 V,
780 2301 810 2375 8,
834 2300 874 2361 63
890 2314 953 2377 sq:
976 2302 1034 2359 Vin
1057 2302 1183 2375 primum
1207 2304 1294 2364 hodie
1317 2304 1362 2366 fa-

218 2412 287 2472 ειη,
309 2397 392 2471 quod
413 2413 468 2472 ego
490 2396 644 2471 audeam,
667 2397 868 2469 Nausistrata,
890 2398 932 2456 Et
951 2398 1030 2470 qood
1050 2405 1100 2458 tuo
1124 2400 1187 2459 viro
1210 2403 1288 2461 oculi
1311 2403 1363 2463 do·

217 2494 312 2557 leant?
356 2492 458 2559 Andr.
480 2492 524 2571 ll,
547 2496 577 2571 6,
603 2498 655 2557 17:
689 2495 742 2556 sed
764 2501 828 2569 est,
858 2496 937 2568 qood
959 2504 1114 2558 suscenset
1137 2498 1201 2558 tibi.
1245 2495 1362 2563 Heaut

215 2591 282 2669 prol.
307 2611 338 2656 v.
363 2597 401 2657 3:
435 2593 543 2654 deiude
565 2592 645 2666 quod
665 2593 733 2653 veni
755 2593 888 2668 eloquar.
933 2591 1002 2657 Hoc
1024 2608 1196 2671 pronomen
1216 2595 1296 2670 qaod
1316 2594 1364 2661 in·

215 2689 330 2755 tardum
352 2690 452 2755 stiam
474 2688 555 2753 duas
576 2687 814 2753 enunciationes
836 2689 921 2755 inter
940 2706 975 2754 se
991 2690 1163 2772 coniungit,
1185 2691 1232 2757 ita
1251 2698 1288 2756 ut
1306 2710 1363 2773 po-

216 2787 303 2853 situm
325 2788 371 2851 sit
393 2804 468 2868 pro:
501 2787 579 2861 qood
600 2789 705 2847 attinet
727 2789 767 2847 od
793 2789 827 2847 id
847 2791 932 2863 quod.
978 2786 1030 2852 Sic
1052 2788 1156 2853 Plaut.
1179 2789 1244 2853 Mil.
1269 2789 1311 2867 ΙΙ,
1333 2795 1363 2870 2,

217 2887 243 2949 l:
267 2888 354 2965 Quod
377 2888 429 2947 ille
452 2887 595 2962 gallinam
619 2892 671 2945 aut
686 2887 852 2947 columbam
877 2906 909 2948 se
929 2890 1040 2948 secturi
1060 2892 1239 2950 antelmium
1261 2891 1362 2951 Dicat:

218 2984 391 3061 disperistis,
415 2987 446 3044 ni
468 3002 560 3059 usque
583 2983 621 3043 ad
643 2990 768 3044 mortem
793 2989 869 3045 male
893 2988 1087 3061 mulcassitis,
1121 2986 1163 3050 ad
1190 3003 1218 3065 q.
1242 2984 1260 3048 l.
1292 2985 1364 3051 Mu·

216 3087 313 3147 raus:
336 3081 506 3162 „Venusia
520 3077 700 3157 etantiqua
716 3078 844 3159 locutio,
867 3099 949 3161 quae
963 3082 1009 3147 sic
1030 3082 1231 3163 explicando:
1257 3082 1364 3160 Quan-

216 3182 273 3244 tum
297 3179 340 3244 ad
363 3177 444 3243 illud
466 3177 598 3254 attinet,
633 3175 767 3255 quodie
790 3179 932 3243 caussari
956 3180 1049 3257 velit,
1077 3197 1111 3244 se
1135 3179 1284 3260 gallinam
1307 3185 1390 3246 aut'

217 3277 391 3343 columbam
414 3281 471 3341 out
492 3273 630 3350 simiam,
652 3290 736 3352 quae
752 3275 847 3340 domo
869 3275 1041 3357 aufugerit,
1064 3277 1223 3356 persequi,
1245 3276 1365 3342 nullam

215 3376 326 3457 recipio
350 3391 490 3453 causam,
515 3381 624 3440 actum
646 3383 697 3442 cst
718 3375 758 3441 de
780 3374 880 3453 vobis,
903 3374 964 3439 uisi
985 3373 1026 3438 ad
1048 3378 1182 3438 mortem
1206 3392 1278 3437 eum
1294 3392 1365 3439 ver·

215 3469 429 3539 tenueritis.“
453 3470 633 3553 Curculll,
647 3480 675 3552 3,
690 3478 744 3539 48:
769 3475 823 3535 Set
844 3475 923 3548 qaod
937 3482 967 3534 te
990 3475 1073 3534 missi
1096 3474 1189 3533 nihilo
1212 3492 1276 3534 sum
1299 3491 1365 3535 cer·

214 3574 264 3635 tior
286 3570 352 3650 (sic
374 3569 591 3648 Fleckeiscu.;
625 3571 825 3652 vulgoque).
870 3570 956 3635 Asin.
981 3570 1035 3647 lV,
1069 3577 1094 3646 l,
1128 3574 1171 3634 l2:
1206 3572 1292 3648 Quod
1312 3574 1367 3634 illa

213 3679 254 3731 tut
277 3673 408 3732 amicum
439 3688 524 3730 suum
554 3677 606 3731 aut
632 3679 790 3746 patronum
818 3673 952 3730 nominet
979 3673 1040 3730 Aut
1066 3670 1145 3743 qaod
1170 3672 1224 3730 illa
1253 3672 1365 3731 amicae

211 3784 273 3830 tuae
296 3776 463 3829 amatorem
485 3769 656 3844 praedicet,
680 3771 774 3830 Fores
798 3770 953 3829 occlussae
976 3770 1041 3828 eius
1065 3769 1199 3828 omnibus
1227 3769 1287 3828 sint
1309 3769 1367 3831 nisi

210 3867 264 3927 unt
309 3863 400 3928 Asin.
423 3861 479 3943 lv,
507 3869 532 3944 l,
559 3869 613 3929 16:
635 3869 697 3927 Aut
718 3868 797 3941 quod
816 3868 869 3926 illa
889 3865 971 3926 dicat
993 3883 1120 3941 peregre
1145 3866 1275 3926 adlatam
1301 3866 1367 3940 epi·

210 3966 329 4039 aulam,
363 3965 409 4025 Ne
433 3965 564 4038 epistula
585 3966 705 4040 quidem
736 3967 799 4025 ulla
821 3965 861 4024 sit
887 3964 1071 4024 insedibus.
1117 3959 1186 4025 Cas.
1222 3961 1247 4039 1,
1270 3979 1298 4026 ν.
1325 3965 1366 4028 39

208 4061 279 4133 qaod
300 4070 331 4122 te
353 4062 489 4137 postules
511 4062 639 4123 Gustare
675 4064 845 4139 quidquam,
869 4063 943 4125 cett.
967 4058 1095 4123 Terent.
1118 4057 1251 4139 Adelph.
1272 4058 1315 4137 Il,
1340 4065 1368 4139 1,

209 4159 239 4223 d:
259 4160 304 4221 Tu
323 4158 404 4233 gaud
422 4166 453 4220 te
467 4161 618 4233 posterius
632 4179 751 4236 purges,
768 4192 810 4203 -
835 4160 923 4220 huius
944 4176 1003 4218 non
1024 4157 1142 4231 factam,
1165 4157 1251 4237 quod
1265 4156 1368 4223 Rutu

209 4250 249 4334 ΙΙ,
269 4273 300 4336 p.
320 4260 380 4321 156
403 4252 543 4334 explicat
563 4271 636 4336 per:
663 4256 887 4337 purgationem
920 4259 1017 4320 tuum.
1063 4253 1264 4321 Germanice:
1298 4256 1371 4323 mol

210 4350 263 4416 toi
283 4350 455 4436 αιώιιιιῆι,
477 4347 538 4431 toi
558 4353 599 4417 bc
621 4350 682 4435 tio
706 4349 850 4434 oleatae
885 4348 1012 4433 uomica
1035 4349 1253 4436 eutlmoloiqrn
1273 4349 1368 4436 raud

1069 4455 1132 4517 16*
