3125 5075
202 354 265 413 346
571 344 726 384 sumantur.
741 344 896 385 areanum.
911 343 975 385 ΟΔΡ.
988 345 1014 388 V.

76 488 77 499 Ι
202 522 260 594 dia,
283 518 470 596 Menedeme,
494 537 552 578 nou
576 537 639 580 sum
663 521 742 595 apud
764 539 821 580 me.
865 517 964 584 Andr.
988 516 1026 598 V,
1050 522 1078 596 1,
1101 522 1134 582 6:
1171 519 1248 581 Vide
1272 537 1360 596 quam

202 621 318 695 iniquos
341 618 383 678 sis
399 634 478 691 prae
499 617 604 679 eladio.

288 718 315 778 5.
339 716 409 777 Pro.
422 730 504 776 -a
530 712 614 778 Vere
635 713 804 779 locativam
834 712 931 779 hahet
957 710 1222 794 significationem
1238 714 1273 777 in
1288 714 1361 796 lege

202 810 306 877 Servii
331 809 428 875 Tulhi
452 828 502 890 ap.
532 810 663 876 Festum
694 810 827 892 (Egger.
855 830 884 891 p.
906 815 976 884 84)=
1021 815 1100 888 „Pro
1130 832 1224 875 censu
1249 812 1362 878 elassis

201 908 362 974 iuniorum
385 908 454 973 Ser.
477 907 602 973 Tullius
625 926 722 990 quum
745 909 826 973 dixit
840 910 874 973 in
892 909 1108 991 descriptione
1131 910 1361 989 centuriarum,

202 1006 302 1085 accipi
325 1005 422 1071 dehet
442 1005 475 1070 in
499 1023 606 1087 censu,
630 1015 666 1070 ut
687 1007 735 1071 ait
755 1005 797 1069 M.
816 1007 917 1072 Varro
940 1007 972 1071 in
994 1007 1015 1072 l.
1038 1005 1091 1072 Vl
1115 1026 1225 1073 rerum
1248 1007 1361 1072 huma-

202 1122 322 1184 narum,
347 1102 441 1168 sicuti
465 1093 523 1183 pro
540 1103 619 1168 aede
635 1101 788 1181 Castoris,
811 1123 870 1186 pro
887 1103 1047 1183 tribunali,
1071 1123 1130 1185 pro
1141 1106 1359 1171 testimonio.“

202 1203 300 1267 Naev.
327 1200 365 1266 fr.
390 1199 462 1266 hell.
485 1200 563 1266 Pun.
588 1201 648 1266 ine.
671 1201 743 1266 libr.
764 1200 879 1284 fragm.
911 1208 949 1267 17
972 1220 1022 1283 ap.
1045 1201 1178 1269 Vahlen.
1211 1206 1276 1284 (ap.
1300 1205 1362 1268 Bo·

203 1299 304 1364 thium
326 1297 421 1363 Ennii
443 1296 481 1362 ir.
504 1298 563 1364 inc.
587 1303 668 1380 trag.
692 1305 751 1379 43,
774 1300 832 1365 sed
854 1300 919 1365 iam
942 1298 978 1364 Ο.
1003 1298 1181 1366 Muellerus
1203 1302 1360 1368 Naevium

202 1416 260 1478 pro
290 1396 393 1461 Ennio
428 1396 599 1477 reposuitlz
644 1401 732 1475 Apud
761 1402 926 1476 emporium
959 1402 989 1461 in
1020 1419 1126 1477 eampo
1155 1404 1286 1462 hostium
1303 1420 1362 1477 pro

201 1516 301 1557 moene
337 1493 436 1574 (Fest.
458 1512 488 1559 v.
509 1514 617 1571 moure,
646 1514 676 1577 p.
703 1502 763 1561 145
788 1495 861 1574 Ml,
884 1497 927 1561 ad
949 1513 978 1576 q.
1000 1494 1020 1561 l.
1042 1497 1180 1562 Bothius
1202 1497 1285 1564 haec
1306 1498 1362 1563 ha·

201 1595 272 1660 het:
318 1592 515 1673 „Pleraeque
545 1592 615 1657 edd.
638 1613 697 1669 per
717 1614 827 1659 moene.
865 1593 928 1660 Sed
950 1599 1038 1660 recte
1061 1595 1195 1660 Vossius
1218 1595 1363 1660 defendit

203 1692 339 1756 alteram
363 1690 555 1769 scripturam
578 1711 638 1767 pro
660 1711 775 1770 meere,
806 1693 891 1773 quod
914 1699 973 1773 est,
996 1693 1113 1773 inquit,
1141 1699 1210 1755 ante
1230 1696 1359 1757 moenio.

201 1794 308 1853 Moero
329 1784 481 1869 ἀρχαϊκῶς
503 1806 561 1870 pro
583 1794 688 1868 moeni,
712 1790 870 1871 quomodo
893 1796 926 1856 et
947 1811 1031 1854 more
1051 1809 1111 1871 pro
1133 1789 1244 1855 Μαάθ*
1283 1789 1361 1856 Cato

203 1888 282 1969 orig.
306 1887 327 1950 l.
351 1884 463 1957 1v‚fr.
486 1890 516 1962 8,
537 1904 566 1966 p.
584 1890 624 1952 36
649 1889 697 1953 ed.
722 1887 878 1954 BoIhuis:
901 1893 1051 1952 Proelium
1074 1891 1185 1952 laetum
1209 1893 1361 1968 depugna-

203 1995 322 2062 tumque
345 2006 401 2061 pro
424 1989 541 2061 eastris,
574 1986 615 2050 ad
638 2004 667 2068 q.
689 1986 710 2049 l.
735 1986 840 2052 Both:
870 2006 945 2068 „pro
975 1986 1025 2051 vel
1056 1992 1131 2051 ante
1153 1979 1278 2066 castra,
1312 1987 1360 2052 vel

202 2100 261 2163 pro
284 2081 467 2148 defensioue
488 2088 673 2149 castrorum.
703 2084 841 2152 fortasse
868 2091 1007 2165 utraque
1030 2081 1222 2166 significatio
1250 2093 1361 2150 nostro

202 2180 222 2245 l.
241 2180 473 2261 coniungitur.“
486 2181 569 2248 -b.
595 2185 656 2242 Pro
671 2186 775 2259 aliqua
789 2204 823 2245 re
844 2184 891 2249 ita
913 2184 1041 2263 dicitur,
1065 2187 1103 2246 ut
1123 2180 1286 2264 significet
1301 2188 1359 2246 loeo

203 2283 329 2342 almatius
359 2284 417 2359 rei,
460 2297 686 2360 nonnunquam
716 2281 797 2347 adeo
834 2282 913 2347 nihil
943 2282 1005 2347 nisi
1037 2282 1282 2362 congruentiam
1316 2283 1361 2346 rei

203 2378 367 2443 cuiusdam
395 2393 467 2444 cum
494 2377 598 2442 altera
629 2380 801 2459 exprimet,
831 2381 885 2446 uhi
912 2379 1073 2444 interdum
1112 2379 1291 2459 particulas
1319 2387 1360 2454 at,

202 2483 344 2554 anquam
366 2493 522 2557 usurpare
545 2476 658 2557 possis.
696 2478 749 2544 Sic
772 2477 852 2543 Cato
875 2478 912 2542 R.
935 2477 972 2543 R.
997 2496 1023 2543 e.
1048 2483 1082 2541 7:
1111 2483 1158 2541 vel
1182 2482 1220 2542 ad
1244 2479 1359 2543 fabrum

201 2577 360 2638 ferrarium
377 2593 436 2650 pro
454 2579 554 2650 passis
577 2595 630 2638 eae
654 2586 738 2638 reete
762 2588 928 2653 servantur,
953 2575 983 2640 h.
1004 2596 1032 2639 e.
1049 2581 1211 2657 tamquam
1236 2595 1359 2657 passae,

201 2678 237 2736 ut
252 2673 317 2737 sint
328 2689 450 2751 passae.
468 2671 501 2738 G.
516 2678 570 2738 54:
594 2676 700 2736 deinde
713 2695 750 2737 aa
762 2695 819 2750 pro
829 2678 915 2751 foeno
928 2679 1007 2738 dato.
1021 2673 1054 2738 (l.
1070 2680 1123 2738 14:
1141 2680 1261 2752 integra
1283 2693 1359 2752 quae

201 2790 258 2833 nou
276 2775 343 2846 erit,
360 2773 438 2831 unde
462 2782 569 2849 quarta
583 2791 655 2849 pars
678 2776 790 2849 aberit,
814 2777 890 2835 duae
912 2793 970 2848 pro
993 2792 1065 2851 une,
1089 2777 1268 2835 conliniares
1283 2793 1358 2850 quae

201 2879 298 2938 erunt,
308 2888 368 2944 pro
382 2871 459 2930 timis
473 2874 664 2945 putabuntur.
686 2871 775 2936 Oret.
799 2871 923 2935 advers.
948 2870 985 2947 Q.
1001 2870 1173 2935 Minucium
1186 2870 1360 2934 Thermum

201 2984 252 3046 ap.
277 2963 478 3030 Rufinianum
507 2968 547 3032 de
570 2967 682 3051 figuris
707 2988 737 3050 p.
762 2973 838 3033 210:
874 2973 931 3045 Qui
954 2980 1088 3033 ventrem
1115 2990 1198 3031 suum
1222 2989 1283 3033 nou
1303 2988 1359 3044 pro

201 3070 281 3127 hoste
304 3067 404 3130 habet.
429 3064 550 3146 Oratio,
575 3069 622 3132 uti
645 3068 766 3148 praeda
781 3067 813 3131 in
829 3067 990 3147 publicum
1013 3065 1174 3132 referatur
1188 3085 1241 3147 ap.
1258 3067 1358 3132 Prisc.

202 3163 237 3227 T.
261 3163 286 3239 I,
308 3182 338 3243 p.
356 3169 433 3229 355:
457 3167 554 3227 Miror
575 3170 685 3229 audere
709 3174 799 3242 atque
821 3168 995 3242 religionem
1019 3185 1077 3228 non
1102 3175 1216 3240 tenere,
1241 3175 1358 3228 statrms

202 3264 338 3338 deorum,
372 3268 510 3339 exempla
539 3283 639 3326 eamn
669 3267 830 3340 facierum,
870 3268 956 3340 sigua
985 3267 1063 3326 domi
1087 3283 1147 3338 pro
1177 3266 1355 3338 supellectile

201 3371 343 3424 statuere.
389 3360 501 3425 Oratio
525 3361 565 3425 de
588 3380 623 3425 re
644 3363 754 3427 Floria
775 3379 827 3441 ap.
857 3360 937 3426 Geli
961 3361 1001 3440 X,
1032 3366 1070 3426 13
1098 3365 1138 3437 (v.
1163 3359 1285 3441 Meyer.
1310 3360 1359 3424 ed.

201 3457 243 3537 11,
267 3479 297 3538 p.
323 3463 410 3530 lati:
448 3463 494 3522 Ibi
512 3480 569 3536 pro
591 3467 689 3523 scorto
709 3463 778 3535 salt.
825 3459 919 3524 Ennii
941 3458 980 3522 fr.
1003 3458 1215 3523 Eumenidum
1239 3476 1270 3538 p.
1298 3464 1358 3524 113

200 3574 250 3637 ap.
275 3554 423 3620 Vahlen:
455 3578 530 3634 qnos
553 3578 607 3636 ego
630 3579 688 3636 ope
710 3578 778 3622 mea
799 3560 858 3619 eo
879 3561 1000 3620 incertia
1023 3566 1123 3620 certos
1145 3567 1361 3635 compotesque

202 3652 308 3716 consili
336 3658 471 3720 Dimitto.
515 3655 619 3722 Plaut.
648 3657 763 3722 Pseud.
792 3657 817 3737 I,
841 3664 870 3736 3,
896 3659 949 3719 58:
994 3659 1141 3718 Pietatem
1171 3674 1244 3734 ergo
1272 3661 1362 3719 istam

201 3757 388 3828 amplexator
417 3763 507 3817 noctu
532 3775 589 3830 pro
617 3758 781 3818 Ptoeuiolo.
827 3754 923 3819 Most.
951 3751 994 3833 II,
1021 3759 1048 3834 1,
1072 3759 1127 3818 39:
1171 3757 1235 3815 Iam
1258 3757 1362 3816 hercle

201 3870 256 3928 ego
279 3871 331 3914 vos
349 3870 408 3927 pro
426 3857 542 3915 motula
564 3856 687 3916 habebo.
712 3853 800 3917 Asin.
816 3853 858 3930 ΙΙ,
882 3858 911 3929 2,
935 3858 992 3918 23:
1014 3872 1069 3930 pro
1092 3861 1225 3915 monstro
1248 3862 1361 3916 extam-

200 3953 294 4027 plost,
318 3954 436 4028 quando
459 3956 510 4029 qui
533 3955 623 4014 sudat
644 3957 762 4028 tremit,
794 3951 880 4031 quod
902 3951 1035 4016 Taubm.
1060 3950 1157 4031 expl:
1197 3951 1361 4032 „portenti

200 4047 271 4112 loco
294 4054 353 4127 est,
376 4043 444 4111 ἀντὶ
466 4049 621 4131 τέρατος.“
667 4049 765 4116 Mera.
787 4050 843 4132 lv,
866 4056 897 4131 4,
920 4059 954 4116 4:
989 4054 1064 4112 Nem
1088 4054 1138 4128 qui
1162 4059 1258 4126 amat,
1283 4051 1361 4127 quod

201 4157 281 4206 amat
304 4149 329 4207 si
352 4149 457 4224 hahet,
485 4151 516 4209 id
540 4153 632 4212 hahet
653 4169 708 4225 pro
732 4153 809 4214 cibo.
855 4150 943 4214 Asin.
966 4147 1025 4226 Ill,
1050 4151 1079 4228 3,
1101 4152 1159 4212 88:
1202 4151 1268 4209 Tau
1292 4166 1357 4209 var·

202 4245 299 4322 heres,
323 4248 373 4321 qui
389 4266 444 4321 pro
467 4251 534 4309 eibo
546 4251 659 4311 habeas
672 4258 701 4310 te
717 4249 892 4311 verberari?
914 4245 1011 4312 such.
1024 4245 1079 4325 IV,
1095 4252 1122 4326 1,
1135 4251 1189 4311 65:
1205 4249 1306 4310 Etiam
1314 4245 1353 4321 ”l

273 4383 308 4451 ”l
326 4374 371 4440 Sic
389 4383 563 4441 Ritacheliua
584 4385 663 4456 Vulg.
682 4391 714 4441 at
730 4389 795 4442 iam.
