3125 5075
611 380 649 419 ult
664 380 761 423 nouis.
777 402 801 413 -
815 383 1017 424 alienamve&
1299 393 1360 455 135

200 563 363 629 locutione
395 565 620 654 imperativum
652 570 878 652 praeponere.“
927 570 979 637 Sic
1009 572 1104 638 Most
1135 570 1195 642 111,
1226 575 1256 642 2,
1281 577 1359 638 163:

200 662 265 725 aa
287 665 355 724 hinc
379 665 522 729 dierecta.
538 662 620 729 Rud.
642 665 700 745 IV,
716 672 746 738 2,
766 671 824 732 126
848 672 955 733 tamen
970 668 1199 735 Fleckeisenns
1214 668 1359 751 scripsit:

201 764 283 837 Quin
304 762 433 825 diaecta
450 764 464 821 a·
479 770 520 824 tn.
567 762 717 844 Inprimis
746 766 1042 831 commemorandus
1072 774 1122 832 est
1148 766 1360 847 imperativus

200 877 258 934 ape
279 870 433 937 sequente
455 858 518 924 alio
541 860 739 942 imperativo·
795 860 848 928 Sic
871 862 974 928 Plant
999 863 1090 944 Capt.
1114 861 1139 931 Ι,
1166 868 1194 935 2,
1219 867 1272 927 76;
1295 870 1360 941 Aga

202 960 244 1018 sis
260 976 341 1032 roga,
364 956 405 1019 ad
426 975 455 1036 q.
473 958 491 1022 l.
509 957 662 1023 Gronau:
685 957 899 1040 „Plerumque
915 960 1052 1025 formula
1065 979 1119 1036 oga
1133 964 1176 1022 aie
1190 977 1263 1025 cum
1278 960 1361 1026 nlius

202 1054 293 1117 verbi
320 1053 508 1134 imperativo
538 1056 699 1136 ponitur.“
728 1055 795 1121 Mil.
826 1057 884 1136 ΙΙΙ,
913 1064 942 1137 3,
972 1065 1027 1124 54:
1057 1059 1124 1134 Ape
1158 1061 1249 1134 igitur
1279 1062 1361 1120 intro

203 1154 282 1214 obite
305 1152 364 1229 (sic
380 1151 625 1232 Lindemannus,
649 1152 851 1225 Ritscbelius‚
875 1154 1112 1226 Fleckeisenus‚
1136 1174 1197 1218 non
1219 1173 1292 1219 cum
1307 1173 1362 1219 ve·

201 1253 272 1313 tere
295 1248 402 1313 codice
419 1249 483 1314 Pal.
507 1255 608 1326 agite).
633 1251 712 1315 Rud.
737 1249 797 1320 ΙΙΙ.
822 1257 850 1331 5,
874 1257 931 1317 28:
954 1253 1029 1329 Ape,
1052 1257 1130 1315 alter
1153 1256 1252 1330 istinc,
1283 1256 1362 1315 alter

203 1349 274 1407 binc
296 1348 436 1410 amase.
461 1346 590 1412 Terent.
613 1349 693 1413 Eun.
716 1347 772 1426 lv,
796 1355 827 1428 4,
851 1351 998 1426 image
1019 1352 1090 1413 dum
1113 1354 1170 1412 hoc
1192 1352 1232 1410 mi
1253 1351 1359 1426 capeat

202 1447 363 1508 Primum*
387 1443 546 1523 Sequente
569 1445 676 1510 futuro
700 1445 798 1509 Andr.
821 1445 876 1524 lv,
901 1452 930 1520 2,
954 1453 1008 1513 30:
1032 1455 1106 1524 Aga,
1131 1451 1256 1510 reniam.

291 1541 355 1605 Lex
383 1541 507 1606 Numae
535 1560 587 1624 ap.
611 1543 744 1608 Festum
777 1562 807 1606 v.
831 1547 930 1621 opima
952 1549 1049 1621 spolia
1073 1545 1206 1628 (Egger.
1230 1564 1260 1626 p.
1284 1546 1358 1622 83);

203 1642 307 1702 bovem
330 1642 450 1701 caedito.
474 1638 525 1704 lb:
550 1644 578 1702 in
596 1645 704 1702 Martis
719 1660 801 1702 aram
826 1673 865 1685 —
888 1644 1010 1706 caedito.
1036 1646 1138 1705 Tertia
1161 1647 1258 1719 spolia
1273 1645 1362 1704 Ianui

205 1741 331 1813 Quirino
354 1757 461 1814 agnum
484 1758 596 1799 marem
619 1741 742 1813 caedito,
767 1743 789 1802 C
812 1743 862 1816 qui
877 1745 993 1817 ceperit
1009 1761 1044 1801 ex
1061 1760 1141 1815 aere,
1165 1742 1253 1813 doto;
1277 1743 1361 1803 cuiue

203 1840 339 1911 auspicio
361 1849 459 1912 capta,
490 1840 542 1898 Dis
566 1841 715 1911 piaculum
740 1838 821 1899 aaa.
867 1837 933 1901 Lex
961 1837 1089 1917 Papiria
1117 1836 1283 1901 tribunitia
1310 1854 1361 1917 ap.

206 1932 325 2012 Egger.
350 1951 378 2012 p.
406 1938 464 1997 113
488 1939 526 2004 (a.
551 1931 622 1996 Chr.
647 1936 737 2012 213);
772 1939 946 2012 Quicunque
974 1946 1097 2012 praetor
1132 1946 1202 2011 post
1231 1937 1288 1997 boc
1316 1935 1360 1997 ia·

204 2041 272 2093 ctns
284 2035 351 2105 erit,
365 2036 413 2107 qui
425 2034 504 2091 inter
516 2034 596 2094 cives
609 2034 654 2102 ias
667 2035 755 2106 dicet,
769 2044 832 2095 tres
845 2037 926 2096 viros¹
935 2036 1080 2110 capitales
1095 2036 1235 2109 populum
1248 2036 1360 2111 rogulo,

204 2131 294 2205 bique
304 2162 342 2171 -
351 2123 503 2189 iudicaram
516 2131 677 2205 eodemque
691 2132 752 2190 inre
761 2135 858 2191 sunto.
884 2128 964 2193 Catu
978 2128 1013 2192 R.
1028 2130 1063 2193 lt.
1078 2148 1103 2193 c.
1120 2134 1150 2191 l:
1167 2133 1210 2191 sic
1222 2133 1252 2190 in
1264 2133 1362 2192 animo

203 2228 317 2287 bubata.
334 2224 380 2290 lb.
401 2229 430 2286 id
444 2232 571 2287 animum
584 2228 741 2288 advertito.
754 2226 799 2290 lb.
818 2227 868 2303 §4
881 2229 1000 2289 Caveto.
1021 2226 1067 2290 Ib.
1080 2231 1113 2290 et
1124 2223 1142 2306 ἕ
1155 2232 1173 2288 ὀ
1186 2227 1294 2288 videto.
1314 2224 1361 2289 lb.

204 2321 223 2404 fi
240 2327 259 2387 6
276 2328 365 2385 Scito.
391 2322 423 2386 C.
441 2329 458 2386 2
476 2326 583 2384 videto.
607 2322 640 2387 O.
658 2329 690 2387 3:
710 2325 843 2400 Cogitato
859 2327 1015 2401 quotannis
1032 2331 1227 2400 tempestatas
1239 2343 1361 2401 magnas

207 2425 320 2484 venire.
365 2419 400 2484 C.
423 2428 458 2485 4:
483 2424 591 2483 Villam
614 2424 756 2483 urbanam
779 2442 834 2498 pro
857 2426 944 2499 copia
959 2422 1122 2495 aedificato.
1170 2420 1230 2484 lla:
1249 2424 1361 2483 vicinis

207 2522 303 2582 bonus
324 2525 391 2586 esto.
437 2516 470 2582 (l.
496 2524 514 2582 5
535 2519 734 2598 praegressis
757 2517 1168 2601 coniunctiviapracsentia
1184 2524 1364 2599 sequuntur

209 2618 405 2697 imperativi:
440 2623 533 2680 Boves
565 2622 693 2679 maxima
731 2621 887 2696 diligentia
923 2626 1043 2679 curatos
1074 2619 1185 2680 bubeto.
1222 2618 1364 2680 Bubulcis

207 2719 374 2791 obaepmmr
396 2750 438 2759 -
460 2718 552 2789 facito
582 2749 621 2759 —
651 2722 750 2778 caveto
785 2749 821 2758 -
851 2718 937 2791 legito
965 2720 1039 2779 cett
1071 2712 1104 2779 O.
1135 2717 1164 2777 8.
1197 2718 1226 2778 9.
1258 2712 1291 2776 C.
1322 2717 1364 2778 83

209 2817 311 2890 liceto,
337 2814 388 2879 ubi
411 2817 575 2893 comparat
597 2812 759 2876 Rottboell
782 2823 930 2889 oporteto,
952 2813 1038 2893 quod
1062 2813 1157 2897 lfesto
1180 2811 1212 2874 in
1234 2817 1364 2873 occisum

209 2916 243 2976 et
270 2916 369 2989 opima
395 2916 491 2988 spolia
514 2910 641 2975 restitui
664 2910 765 2974 voluit
788 2909 940 2991 Scaliger.
986 2910 1079 2974 Ennii
1108 2907 1366 2989 hedupbagetica

209 3027 238 3071 v.
263 3015 296 3073 5:
319 3015 492 3086 Apriculnm
516 3012 629 3085 piscem
651 3011 723 3070 scito
748 3011 876 3082 primum
905 3027 971 3069 esse
1002 3012 1135 3069 'latenti
1163 3005 1266 3070 Plaut-
1296 3003 1365 3069 llil.

207 3106 266 3185 lv,
290 3112 318 3184 6,
342 3113 377 3170 2:
399 3108 533 3180 Aspicito
556 3110 646 3171 limis,
671 3104 787 3189 Pseud.
811 3103 870 3182 ΠΙ,
895 3108 924 3183 2,
947 3110 987 3167 67
1010 3122 1093 3184 sqq:
1116 3113 1148 3165 ut
1177 3107 1264 3164 buius
1294 3121 1363 3164 ocn-

208 3210 256 3268 los
279 3210 308 3266 in
331 3208 425 3266 oculis
449 3207 559 3265 habeas
583 3209 651 3265 tuis.
698 3205 821 3278 Quoquo
845 3205 893 3264 bic
922 3205 1080 3277 spectabit,
1110 3219 1147 3262 eo
1176 3212 1209 3262 tn
1237 3205 1365 3276 spectato

210 3309 313 3366 semul.
344 3308 435 3380 Siqqo
459 3307 506 3364 bic
529 3304 692 3379 gradietur,
715 3304 831 3376 pariter
853 3299 912 3378 [tu]
936 3301 1169 3374 propredtmmo.
1196 3296 1291 3364 Ptoeu.
1321 3294 1360 3369 V,

210 3408 241 3481 5,
265 3407 298 3466 2:
321 3405 393 3463 Tum
416 3403 555 3478 proiecto
577 3418 624 3460 me
652 3401 709 3460 sibi
737 3400 863 3458 doberto
890 3386 1031 3460 scurrae'
1050 3397 1223 3458 ludificatui.
1266 3391 1363 3459 Stich.

211 3498 235 3570 1,
260 3506 288 3569 2,
315 3502 366 3563 10;
389 3503 489 3576 Siquis
512 3507 637 3574 quaeret
659 3515 714 3571 me,
736 3497 806 3557 iude
832 3501 963 3556 oocotote
992 3497 1093 3570 aliqui.
1137 3491 1287 3574 Inprimis
1304 3487 1365 3555 'no-

211 3598 343 3663 tandum
371 3607 421 3661 est
448 3599 548 3673 sumto,
575 3594 659 3672 quod
694 3585 863 3672 περιφράζιι
893 3591 989 3656 alium
1023 3590 1257 3672 imperativum.
1311 3587 1364 3653 Sic

207 3697 303 3761 Poen.
350 3694 388 3765 V,
411 3700 440 3773 2,
467 3699 539 3757 124:
579 3693 684 3752 Facito
713 3694 754 3752 sis
782 3693 900 3754 reddas.
945 3693 1076 3759 4‚108:
1110 3687 1232 3765 Patrue,
1270 3690 1364 3761 facito

209 3800 240 3857 in
269 3799 439 3856 memoriam
471 3796 591 3853 habeas.
616 3789 742 3853 Terent·
767 3786 901 3868 Adelph.
925 3786 983 3864 ΙΙΙ,
1005 3795 1036 3865 4,
1060 3789 1118 3850 55:
1157 3791 1214 3850 boc
1251 3795 1283 3848 tu
1315 3787 1364 3859 fo·

209 3899 267 3956 cito
290 3913 354 3955 cnm
379 3895 476 3953 animo
501 3892 622 3964 cogites.
645 3886 764 3950 Heaut.
787 3884 844 3958 lv,
867 3891 896 3958 6,
921 3891 960 3949 22
984 3901 1067 3964 sqq:
1090 3887 1150 3946 Sed
1172 3893 1259 3969 peter
1280 3903 1366 3961 egre·

210 3996 297 4054 ditur.
327 4010 398 4052 cave
429 3991 586 4065 quicquam
609 3987 771 4046 admiratus
806 3988 858 4064 sis,
896 3988 961 4059 Qua
997 4002 1088 4045 causa
1124 3985 1166 4051 id,
1184 3983 1248 4045 liat:
1286 3985 1364 4044 obac-

210 4091 337 4153 cuadoto
352 4092 381 4149 in
399 4092 479 4154 loco:
504 4087 589 4160 Quod
612 4085 771 4158 imperabit
793 4084 903 4156 facim.-
927 4083 1055 4156 loquitor
1075 4084 1213 4156 paucula
1229 4077 1364 4159 adelpla

210 4187 249 4267 V,
286 4191 316 4266 8,
359 4190 415 4249 li:
451 4186 495 4244 lle
532 4194 561 4244 te
598 4182 732 4257 largitor,
768 4200 851 4256 puer.
904 4179 1018 4243 Heaut.
1056 4175 1100 4248 ΙΙ,
1143 4183 1169 4255 l,
1207 4183 1241 4243 9:
1278 4180 1364 4239 Nunc

211 4288 255 4347 eit
292 4288 447 4363 ‘periclum
486 4302 521 4343 ex
558 4284 624 4343 aliie
662 4279 763 4353 facito,
800 4279 856 4339 tibi
891 4279 962 4355 quid
999 4296 1036 4338 ex
1072 4296 1127 4338 usu
1167 4272 1243 4340 aiet'
1279 4273 1366 4338 Non·

210 4399 371 4462 nunquam
406 4380 465 4446 bac
498 4375 680 4460 imperativi
713 4372 816 4440 forma
847 4375 891 4440 nil
925 4374 987 4439 nisi
1017 4372 1179 4438 concessio
1206 4369 1366 4454 significa·
