3125 5075
506 346 653 388 oocrnrua
682 347 913 392 erarrcunaanu.
1225 360 1288 422 353

134 533 283 599 obtineat
303 534 417 599 locum.
461 534 550 603 Haec
571 554 649 601 vero
672 536 842 603 diversitas
864 540 921 602 aut
943 536 974 601 in
1002 536 1080 618 ipsis
1106 538 1203 602 rebus
1231 557 1288 621 ap·

137 638 233 713 paret
265 639 299 697 et
331 652 383 697 res
409 631 559 698 dicuntur
591 652 651 700 sua
682 639 799 699 natura
831 635 968 713 distare,
1001 640 1059 700 aut
1091 634 1288 715 cogitatione

139 730 269 810 ponitur
290 748 375 808 esse,
402 730 526 796 etiamsi
548 731 581 797 in
606 731 702 798 rebus
728 731 807 813 ipsis
829 750 892 798 non
924 732 1031 798 obstet
1063 751 1121 798 nec
1154 732 1185 796 in
1217 733 1287 810 bac,

136 846 233 908 quam
264 829 425 908 ponimus,
465 828 664 895 diversarum
702 829 866 896 notionum
911 828 1133 895 coniunctione
1174 830 1287 896 valeat

135 925 229 990 Illam
252 924 451 1007 appellamus
474 925 716 993 disiunctionem
737 928 835 993 rebus
861 927 1095 1008 inhaerentem,
1126 928 1192 992 sive
1216 947 1287 993 curn

135 1023 248 1104 logicis
270 1023 627 1102 assertoriam,l1anca
649 1025 842 1106 cogitatione
864 1024 981 1091 tactam
1011 1024 1078 1090 sire
1106 1026 1288 1106 problema·

134 1120 243 1186 ticam.
289 1121 349 1186 Illa
380 1139 478 1201 quum
510 1123 611 1204 ipsam
642 1143 709 1189 rern
740 1122 899 1187 diversam
928 1126 962 1187 ct
991 1124 1183 1189 contrariam
1212 1128 1286 1188 ante

135 1219 246 1284 oculos
271 1225 376 1299 ponat,
392 1220 505 1285 maiori
520 1221 551 1284 vi
574 1221 751 1302 distinguit,
775 1220 853 1286 haec
876 1236 973 1300 quum
996 1220 1188 1301 cogitatione
1215 1227 1287 1286 tan·

135 1323 203 1380 turn
226 1316 352 1382 diversa
373 1326 529 1400 apponat,
551 1337 613 1384 non
635 1319 729 1383 modo
752 1336 813 1383 non
836 1323 933 1399 negat
955 1336 994 1384 ea
1014 1319 1046 1384 in
1068 1317 1139 1400 ipsa
1160 1336 1197 1383 rc
1213 1337 1286 1384 con·

135 1415 259 1491 venire,
283 1416 340 1479 sed
363 1434 444 1496 quae
466 1416 606 1498 disparia
627 1417 805 1492 videantur,
827 1416 930 1481 locum
955 1416 1100 1482 obtinere
1114 1435 1209 1497 posse
1231 1421 1288 1482 aut

134 1512 282 1577 obtinere
306 1516 464 1580 concedit:
491 1515 547 1579 illa
574 1533 657 1595 rem,
688 1514 792 1595 qualis
820 1515 892 1594 ipsa
921 1513 974 1593 sit,
1004 1512 1177 1596 significat,
1208 1513 1288 1580 haec

134 1609 240 1689 qualis
262 1628 314 1675 res
337 1630 408 1677 esse
430 1613 541 1693 possit.
586 1616 692 1693 Atque
715 1611 802 1677 illarn
825 1611 930 1676 Latini
946 1612 1127 1692 exprimunt
1141 1630 1200 1693 per
1215 1630 1287 1693 par-

135 1707 267 1773 ticulam
290 1717 357 1789 out,
380 1710 461 1776 hanc
480 1728 540 1791 per
560 1714 613 1774 ool.
659 1710 739 1774 Nam
769 1728 828 1790 par
850 1716 905 1770 aut
933 1714 1076 1775 mutatur
1105 1714 1139 1774 et
1164 1709 1287 1773 tollitur

135 1823 204 1884 res,
228 1823 309 1885 quoe
332 1808 417 1872 dicta
444 1814 531 1887 erat,
565 1808 690 1889 aliaque
723 1808 944 1886 substituitur,
974 1797 1033 1888 per
1065 1809 1113 1869 oet
1145 1813 1288 1871 mutatur

135 1903 289 1984 cogitatio
320 1911 352 1969 et
381 1905 468 1970 aliud
494 1906 699 1972 substituitur
729 1905 937 1988 cogitatione:
965 1905 997 1969 id
1027 1905 1112 1986 quod
1141 1904 1288 1970 convenit

133 2019 208 2066 curn
231 2001 353 2083 origine
372 2004 462 2070 verbi
484 2003 560 2069 oel.“
597 2004 640 2068 Et
654 2022 684 2084 p.
709 2009 770 2069 529
786 2022 850 2083 su:
874 2002 1028 2082 „Accedit
1042 2001 1130 2066 aliud
1146 2020 1286 2066 momen-

136 2104 204 2163 tum
234 2100 303 2165 boc.
348 2101 527 2167 Disiunctio
557 2102 724 2183 utriusque
758 2101 883 2182 generis
918 2106 975 2164 aut
1007 2101 1154 2180 opposita
1187 2099 1285 2163 babet

134 2214 206 2261 curn
235 2198 371 2277 quadarn
402 2200 606 2276 necessitate,
637 2197 674 2264 u't
694 2199 941 2265 alterumutrum
967 2216 1070 2277 aequa
1084 2198 1206 2261 ratione
1229 2196 1285 2261 ob·

133 2296 238 2359 tineat
259 2295 361 2362 locum
384 2315 442 2362 nec
464 2297 635 2377 quidquam
651 2296 874 2361 intermedium
891 2295 1077 2360 admittatur
1097 2299 1130 2361 et
1144 2294 1286 2374 tertium,

137 2392 222 2471 qnod
244 2393 376 2471 dicitnr,
405 2393 605 2476 excludatur,
629 2400 687 2459 aut
709 2393 879 2459 disiunctio
902 2410 964 2457 non
987 2392 1083 2473 plena
1105 2397 1156 2456 est
1177 2397 1210 2456 et
1231 2410 1286 2456 ne·

134 2492 289 2557 cessitate
313 2510 427 2573 expers
449 2493 508 2573 ita,
531 2501 652 2559 utnon
676 2510 780 2574 aequa
793 2492 876 2557 ratio
898 2490 983 2556 inter
999 2496 1178 2571 utrumque,
1201 2489 1287 2572 quod

136 2589 368 2671 distinguatur,
391 2591 584 2670 intercedat,
612 2592 668 2657 sed
690 2591 827 2656 alterum
853 2590 886 2654 in
915 2588 1049 2654 alterius
1078 2588 1182 2654 locum
1212 2588 1288 2654 snb·

135 2687 292 2752 stitnatur
315 2695 349 2753 et
373 2691 507 2756 arbitrio
534 2689 605 2755 fieri
638 2690 785 2755 videatur
817 2687 1012 2770 compositio.
1066 2686 1173 2751 Latini
1200 2687 1287 2751 illam

136 2785 361 2849 necessitatem
382 2788 563 2868 exprimunt
575 2788 734 2870 particula
749 2789 781 2853 in
797 2793 934 2868 utraque
948 2789 1042 2866 parte
1056 2784 1162 2866 posita
1176 2791 1231 2846 out
1243 2818 1288 2829 -

136 2885 207 2947 out,
236 2883 282 2941 oet
306 2911 348 2923 -
376 2886 430 2947 vet.
475 2885 511 2949 ln
540 2886 752 2952 disiunctione
777 2887 875 2963 rebus
900 2883 1086 2949 inhaerente
1113 2884 1288 2950 necessitas

136 2983 286 3058 apparet,
310 2995 407 3057 quum
429 2979 531 3047 altero
552 2983 657 3062 posito
684 2982 822 3047 alterum
853 2981 998 3060 tollatur,
1026 2981 1128 3046 altero
1161 2982 1287 3046 sublato

133 3077 275 3139 alterurn
299 3075 447 3141 obtineat.
491 3078 669 3144 Disiunctio
691 3079 885 3160 cogitatione
908 3078 993 3144 facta
1007 3096 1078 3142 earn
1093 3079 1126 3142 in
1140 3097 1174 3143 se
1191 3078 1290 3144 habet

137 3175 462 3254 necessitatemque
483 3175 661 3241 absolvitur
681 3175 850 3256 cogitatio,
873 3181 910 3239 ut
931 3175 962 3238 ei
983 3173 1061 3239 nihil
1079 3175 1215 3254 amplius
1230 3176 1289 3243 hac

136 3271 266 3352 quidem
290 3272 322 3335 in
344 3278 437 3353 parte
453 3272 526 3337 addi
547 3273 650 3354 possit
665 3282 698 3338 et
712 3271 814 3337 altero
829 3273 948 3338 reiecto
966 3271 1103 3336 alterum
1119 3274 1287 3354 cogitetur.

136 3369 177 3433 ln
200 3376 337 3450 utraque
360 3369 569 3436 disiunctione
592 3372 772 3437 necessaria
797 3370 871 3451 plus
894 3388 957 3434 uno
986 3387 1096 3435 verum
1126 3387 1196 3435 esse
1226 3389 1288 3436 non

138 3473 248 3550 potest
270 3472 304 3531 et
325 3473 427 3533 toturn
448 3487 484 3534 ac
506 3470 634 3550 plenum
658 3473 722 3546 est,
751 3469 837 3550 quod
863 3467 1110 3550 complectimur.
1159 3468 1195 3533 ln
1225 3469 1289 3535 dis·

138 3565 301 3629 iunctione
326 3584 388 3631 non
410 3568 603 3649 necessaria,
626 3585 721 3653 quam
743 3566 945 3633 arbitrariam
970 3582 1083 3629 vocare
1108 3583 1287 3647 possumus,

137 3664 207 3728 sive
230 3681 264 3726 re
289 3663 355 3728 sive
378 3664 505 3730 notione
529 3666 703 3732 constituta
725 3670 833 3747 partes
848 3664 942 3730 unius
957 3662 1084 3745 generis
1099 3682 1137 3728 er
1152 3665 1288 3731 adverso

137 3766 317 3842 ponuntur,
346 3778 481 3840 quarum
512 3782 575 3828 una
602 3764 629 3829 si
656 3763 760 3828 locum
788 3761 928 3842 obtinet,
962 3763 1096 3827 alteram
1125 3781 1188 3827 non
1218 3781 1289 3830 essa

138 3858 374 3940 praedicamuS,
398 3876 590 3940 quamquam
611 3857 681 3924 fieri
702 3866 824 3941 potest,
850 3867 886 3924 ut
909 3869 1043 3940 utraque
1071 3859 1203 3925 tollatur
1231 3866 1289 3928 aut

136 3954 226 4020 aliud
255 3957 329 4037 quid
359 3957 589 4022 substituatur:
621 3976 683 4022 non
714 3948 881 4024 absolutus
914 3968 960 4023 est
997 3958 1043 4022 rei
1067 3956 1117 4022 vel
1150 3959 1288 4026 notionis

136 4054 288 4119 ambitus.
344 4054 454 4138 Logici
486 4056 597 4121 dicunt
628 4063 739 4138 partes
761 4074 832 4121 ease
855 4057 1045 4136 contrarias,
1074 4075 1136 4120 non
1163 4064 1289 4123 contra·

138 4151 301 4217 dictorias.
347 4153 450 4234 Igitur
470 4153 503 4217 bi
531 4153 617 4219 modi
639 4152 793 4218 relatione
820 4152 985 4218 differunt:
1016 4155 1047 4217 in
1076 4154 1178 4220 altero
1203 4156 1287 4220 enim

138 4255 250 4331 partes
273 4248 456 4315 referuntur
478 4253 518 4317 ad
542 4257 662 4330 toturn,
690 4252 722 4340 in
752 4252 854 4316 altero
884 4261 993 4332 partes
1019 4244 1102 4316 inter¹
1125 4271 1159 4316 se
1182 4253 1289 4319 confe-

138 4353 265 4412 runtur.
310 4346 391 4411 Nam
414 4351 604 4429 quumdico
626 4352 723 4413 coacti
744 4356 799 4412 cat
820 4368 931 4426 mayaco
946 4367 1032 4426 pora,
1053 4356 1187 4433 utraque
1200 4354 1291 4420 notio

195 4447 277 4494 nouae,
292 4449 401 4501 synaxis.
422 4450 451 4490 Π.
613 4503 623 4524 n
1041 4458 1080 4520 23
