3125 5075
273 389 333 451 136
699 374 828 417 vtuauit.
844 395 867 404 -
883 376 945 416 cau.
960 373 1010 416 ιιι.

269 575 326 632 tur
348 566 502 649 (Rhenius
526 565 763 646 paralipomena
787 584 815 645 p.
841 565 907 641 39),
931 570 967 627 ni
990 562 1069 625 Eun.
1090 558 1150 634 111,
1174 562 1204 635 5,
1220 558 1278 620 48:
1303 555 1368 617 Ubi
1382 571 1436 615 nor

272 670 441 742 laverimus,
465 669 491 726 si
514 669 606 733 voles,
630 667 738 741 lavato,
762 676 851 726 menn
875 660 915 725 bu
939 656 1036 737 miili,
1060 657 1090 738 iu
1114 651 1211 739 magii
1227 657 1270 715 bu
1294 648 1371 727 audi
1387 646 1434 710 ba·

269 768 337 826 ben.
383 761 510 826 Phorm.
532 760 587 840 IV,
617 768 646 832 3,
674 766 732 825 63:
768 764 929 823 Sescentos
956 760 1081 836 proinde
1118 755 1238 836 edibile
1270 754 1333 811 iam
1364 749 1432 809 milti

270 864 369 923 dicas:
392 863 441 920 Nil
466 864 513 937 do,
538 874 568 920 et
592 874 662 942 mag
686 856 757 936 mid)
781 855 949 941 aarttogen.
974 854 1120 937 telunga
1145 867 1176 914 er
1203 844 1280 919 rutil,
1310 844 1356 926 id)
1387 860 1431 929 ge·

274 943 362 1009 banio
384 942 446 1022 idm
471 942 568 1017 aldati
591 961 624 1025 ga
651 941 752 1026 geben.

356 1043 588 1120 Nonnunquam
606 1042 716 1105 ambae
733 1041 853 1105 formae
867 1038 1045 1118 imperativi
1064 1039 1096 1101 in
1114 1054 1176 1099 una
1204 1028 1431 1096 enunciatioue

269 1140 454 1205 coniunctae
485 1139 701 1218 reperiuntur,
734 1145 770 1202 at
799 1138 904 1201 Plaut.
937 1137 1032 1200 Poeu.
1057 1134 1095 1208 V.
1113 1139 1142 1209 2,
1171 1138 1228 1196 il:
1250 1132 1430 1204 uiperae,

267 1241 356 1301 salue.
374 1238 442 1302 ΗΑ.
462 1242 499 1298 Et
512 1248 543 1298 tn
555 1239 673 1305 salveto,
691 1240 910 1311 Agorastocles.
936 1234 1064 1297 Terent.
1083 1228 1215 1309 adelph.
1230 1226 1296 1304 ΙΙΙ,
1320 1230 1354 1300 2,
1377 1227 1430 1288 53:

268 1340 313 1400 Tu
322 1346 461 1413 quantam
474 1334 641 1412 potestati
656 1343 745 1411 atque
759 1337 884 1410 Hegioni
898 1340 1023 1408 cognato
1038 1334 1121 1392 huius
1135 1348 1198 1389 rem
1209 1330 1357 1388 citonato
1369 1343 1425 1385 otu·

269 1454 335 1497 nem
353 1435 466 1495 ordine.
491 1431 706 1495 Plant.Me1·c.
724 1429 777 1505 IV,
794 1436 823 1499 4,
844 1434 897 1493 3οε
914 1432 1102 1504 Orospeda:
1120 1430 1248 1487 dabitur.
1265 1444 1347 1486 nune
1370 1422 1425 1480 att.

356 1530 495 1611 Negatio
518 1529 703 1592 actualitati
735 1536 905 1607 utramque
932 1526 1110 1606 imperativi
1139 1522 1274 1587 formam
1299 1545 1346 1601 ae,
1369 1544 1428 1588 nen

268 1649 336 1706 aon,
362 1626 536 1691 nam-Cato
560 1626 595 1689 R.
620 1626 656 1689 R.
681 1645 706 1691 c.
732 1629 788 1692 36:
812 1628 989 1701 ablaqueato
1012 1628 1095 1699 prius
1125 1643 1181 1683 non
1213 1627 1275 1683 alie
1300 1623 1427 1703 negatio

271 1727 310 1791 ad
328 1727 429 1800 solum
454 1743 519 1788 voe.
537 1728 596 1784 alte
612 1730 736 1802 spectat
752 1741 887 1802 eumque
903 1740 940 1785 ee
954 1740 1048 1786 unam
1064 1717 1161 1783 elficit
1176 1722 1349 1783 notionem.
1378 1720 1427 1785 Sic

272 1828 321 1888 est
336 1823 367 1887 iu
383 1822 455 1901 lege
472 1820 594 1885 Numae
612 1839 661 1899 ap.
679 1821 796 1900 Eggcr.
814 1825 902 1900 p.82:
921 1824 995 1882 Vino
1008 1840 1109 1897 rogum
1122 1838 1157 1879 ne
1172 1822 1345 1894 respergite.
1364 1818 1426 1881 Lex

273 1920 397 1984 Numae
421 1937 470 1999 ap.
495 1917 576 1982 Gell.
601 1917 655 1997 IV,
680 1925 698 1983 3
721 1919 853 1998 (Egger.
877 1918 982 1991 ibina:
1008 1922 1108 1979 Pellex
1132 1936 1212 1978 asam
1243 1920 1365 1977 larionis
1393 1935 1428 1976 ae

271 2020 371 2094 tucii03
395 2021 420 2079 si
443 2027 525 2077 tacet
548 2019 601 2093 (ε
624 2011 747 2095 tanget)
774 2049 815 2059 -
849 2036 955 2077 acaum
986 2018 1143 2077 foeminam
1170 2016 1299 2081 caidito.
1332 2014 1424 2094 Legg.

270 2113 333 2178 XII
361 2114 445 2179 tabb.
477 2114 515 2192 X,
544 2113 581 2176 fr.
615 2120 627 2177 l
659 2131 708 2193 ap.
739 2112 803 2178 Cio.
831 2113 914 2193 legg.
946 2112 986 2185 ΙΙ,
1015 2132 1040 2177 c.
1070 2117 1120 2183 23,
1144 2113 1163 2190 5
1189 2117 1246 2176 58:
1271 2116 1424 2173 Hominem

270 2222 426 2283 morinum,
449 2211 551 2291 inquit
573 2210 622 2275 lex
645 2212 677 2274 in
694 2210 766 2279 ΧΙΙ,
790 2215 820 2271 in
843 2214 915 2272 urbe
938 2231 973 2272 ne
995 2215 1121 2288 sepelite.
1151 2209 1184 2275 O.
1216 2215 1274 2273 43:
1308 2210 1426 2272 Vilibus

271 2314 370 2373 sulcos
394 2320 423 2372 ei
446 2313 626 2387 propagines
642 2329 679 2370 ne
700 2314 795 2371 miuus
819 2312 944 2385 pedibas
969 2308 1010 2372 ΙΙ.
1034 2312 1064 2370 S.
1089 2329 1313 2387 quoquoversus
1330 2310 1424 2382 facita

271 2406 305 2471 (l.
328 2413 384 2473 ta:
415 2412 499 2470 binas
531 2427 663 2483 gemmas
690 2426 726 2467 ne
753 2411 879 2484 amplIus
909 2410 1075 2482 relinquito.
1106 2405 1209 2471 Plana.
1238 2405 1339 2471 Merc-
1370 2405 1422 2482 ΙΙΙ,

269 2511 300 2578 4,
330 2510 383 2573 29;
413 2508 530 2580 Quaeso
560 2508 669 2582 hercle,
700 2510 827 2567 animum
858 2524 894 2566 rte
921 2507 1074 2580 desponde.
1104 2503 1192 2569 Pers.
1228 2504 1338 2581 1113,
1370 2509 1421 2570 20:

276 2607 346 2668 libi:
369 2623 405 2664 ae
427 2606 514 2664 iuro:
546 2608 618 2664 satis
643 2607 742 2665 credo.
771 2602 826 2681 IV,
857 2612 884 2680 5,
915 2611 953 2667 5:
982 2608 1026 2664 Ne
1056 2607 1138 2666 doce.
1167 2604 1294 2668 Terent.
1328 2602 1423 2667 Andr.

267 2702 305 2779 V,
325 2707 353 2779 2,
372 2705 427 2763 27:
453 2705 498 2763 Ah
522 2721 558 2761 ne
579 2704 661 2762 saevi
684 2711 767 2762 tanto
792 2722 891 2777 opere.
915 2702 994 2764 Enn.
1021 2701 1045 2778 Ι,
1063 2707 1092 2779 2,
1121 2707 1173 2765 15;
1198 2704 1243 2763 Ne
1267 2705 1372 2763 mucia
1395 2710 1423 2762 te

269 2802 403 2873 obsecro,
427 2803 522 2859 anime
548 2804 594 2870 mi,
619 2803 657 2859 mi
682 2802 837 2868 Phaedria.
862 2800 976 2862 Heaut.
1001 2799 1037 2873 V,
1063 2805 1091 2877 2,
1109 2806 1164 2863 22ε
1181 2803 1227 2860 Ne
1243 2811 1272 2860 te
1290 2802 1423 2861 admisce.

269 2895 395 2959 Phorrn.
420 2895 474 2972 iv,
496 2902 524 2967 3.
549 2902 605 2960 59:
629 2900 675 2958 Ne
697 2901 810 2959 ewino:
835 2902 964 2973 repetito
987 2902 1076 2959 hasce
1101 2917 1119 2959 a
1141 2919 1186 2959 me
1210 2901 1324 2959 decem.

356 2993 457 3072 Saepe
480 2995 640 3058 antecedit
662 2996 884 3074 imperativum
911 2995 1068 3074 particula
1083 2998 1164 3070 qaia,
1188 3012 1270 3076 quae
1286 2996 1426 3075 plerum-

272 3109 333 3170 que
367 3090 608 3157 disiunctionem
645 3090 741 3156 elficit
772 3111 843 3156 cum
877 3094 1085 3171 praegressis,
1121 3092 1159 3158 ol.
1195 3093 1353 3158 Haasium
1386 3092 1425 3157 ad

267 3188 388 3270 Reisig.
413 3207 441 3268 p.
469 3195 537 3260 178,
560 3192 579 3267 ς
603 3195 673 3254 279,
719 3190 858 3270 Madvig.
888 3210 1019 3271 granant.
1048 3191 1100 3254 lat.
1131 3210 1160 3270 p.
1188 3199 1261 3255 415.
1293 3192 1347 3256 Sic
1369 3191 1424 3255 Te·

267 3291 347 3350 rent.
374 3287 469 3350 Andr.
494 3287 529 3365 Ι,
557 3293 582 3364 Ι,
610 3293 663 3351 18:
687 3291 768 3366 Quin
790 3301 821 3351 ta
846 3311 902 3350 uno
927 3295 1016 3351 verbo
1039 3292 1096 3362 dic,
1120 3295 1189 3367 quid
1213 3296 1357 3368 estquod
1382 3310 1424 3350 me

271 3387 356 3446 velis.
381 3383 423 3463 ΙΙ,
448 3390 477 3463 2,
501 3392 534 3450 9:
558 3390 637 3462 Quin
661 3397 692 3447 iu
717 3391 772 3448 hoc
804 3391 886 3451 uadi.
932 3389 1011 3451 Eun.
1040 3388 1078 3464 V,
1111 3396 1139 3467 2,
1170 3392 1210 3452 63
1240 3407 1302 3468 sq.:
1338 3394 1424 3469 Quia,

272 3485 403 3560 Pythiae,
429 3487 471 3544 Tu
497 3504 541 3544 me
563 3491 687 3547 sanato.
735 3484 860 3548 Phorrn.
887 3485 942 3561 ΙΙΙ,
968 3492 996 3564 2,
1024 3493 1056 3549 l:
1079 3491 1159 3565 Quia
1181 3491 1279 3547 oniae
1301 3509 1357 3551 me.

359 3585 408 3643 13.
454 3582 500 3645 lle
523 3585 704 3643 coniunctior?
729 3588 844 3646 natura
867 3590 900 3647 et
923 3582 1152 3662 significatione
1182 3585 1212 3647 in
1240 3585 1423 3651 uuiversum

270 3677 418 3754 exposuit
441 3677 590 3742 Etulerus
608 3675 945 3764 &proderitiarungen
970 3702 999 3761 p.
1027 3689 1083 3746 lll
1114 3702 1159 3761 sq.
1190 3682 1425 3751 [incarnandus

268 3778 376 3837 anatem
401 3784 450 3839 est
473 3776 691 3841 coniunctivae
715 3782 876 3854 absolutus,
901 3782 954 3859 qui
978 3799 1041 3843 non
1072 3783 1191 3859 pendet
1218 3781 1359 3859 aliunde,
1387 3787 1424 3850 ab

268 3890 307 3934 eo
335 3873 543 3944 coniunctivo,
573 3876 626 3954 qui
656 3875 783 3941 aliunde
812 3887 907 3956 aptus
936 3887 993 3941 est.
1052 3877 1251 3941 Coniunctivi
1287 3881 1424 3948 absoluti

267 3971 330 4034 tria
352 3989 471 4050 genera
494 3971 646 4052 distingui
669 3978 810 4053 possunt,
828 3976 906 4039 coni.
931 3979 1147 4051 conditionalis,
1167 3983 1350 4059 peterreatis,
1375 3986 1424 4040 aa

262 4072 444 4143 portarius,
474 4087 555 4148 quae
587 4089 668 4135 nune
700 4072 850 4153 deinceps
881 4092 1121 4154 persequamur.
1175 4073 1292 4140 Differo
1319 4085 1423 4143 autern

268 4165 348 4229 coni.
380 4167 603 4231 conditionalis
636 4187 707 4247 uon,
744 4171 1010 4248 quernadrnodurn
1045 4171 1190 4251 plerique
1223 4177 1425 4253 grammatici

268 4273 469 4345 censuerunt,
500 4284 546 4340 en,
577 4267 661 4345 qaod
696 4268 918 4333 conditionalis
951 4288 1019 4333 reru
1049 4270 1214 4351 exprimat,
1246 4291 1329 4353 quae
1358 4273 1424 4338 fieri

267 4378 331 4423 non
358 4364 457 4440 possit
487 4370 520 4427 et
547 4382 566 4427 a
596 4365 731 4430 veritate
763 4368 806 4430 sit
842 4373 975 4444 remota,
1004 4368 1060 4432 sed
1080 4369 1323 4436 'conditionalis
1350 4371 1425 4436 nihil
