3125 5075
289 349 349 412 122
716 343 844 389 VERBUU.
871 343 935 384 041³.
949 344 999 385 111.

282 533 361 594 soles
391 516 544 606 respicere
566 538 613 605 te,
640 550 728 606 quom
754 534 828 594 dicis
858 536 969 595 iniuste
996 533 1108 594 alteri?
1137 548 1166 594 a·
1189 535 1248 596 28:
1282 551 1357 596 nam
1381 538 1449 598 clim

280 648 368 705 guent
390 630 472 697 abiit,
494 638 619 706 argento
642 631 717 691 haec
739 632 804 691 dies
827 632 1050 693 Praestitutast
1073 628 1118 706 II,
1132 635 1163 708 4,
1180 635 1236 694 57:
1262 634 1349 707 Quid
1363 652 1450 707 gam

281 726 449 789 manufesto
472 727 607 788 tenetur?
629 723 688 801 ΙΙΙ,
705 728 734 798 2,
762 731 815 790 lb:
837 746 923 801 quem
945 731 1095 804 extemplo
1117 730 1242 790 veniant
1264 733 1448 792 conductum

282 843 417 900 coquom.
439 838 468 885 v.
486 826 540 886 30:
564 842 652 900 quom
676 824 828 885 condiunt.
852 824 907 902 IV,
925 829 1025 903 1,22;
1048 828 1168 887 Occidis
1190 845 1237 888 me
1261 845 1358 901 quom
1372 830 1449 890 istuc

285 942 384 1000 rogas.
407 919 462 999 IV,
487 925 515 994 7,
541 925 594 984 12;
617 922 703 982 Nunc
726 939 782 999 ego
804 925 889 984 illum
911 932 1010 985 metuo
1032 940 1119 996 quom
1140 925 1189 984 hic
1204 942 1266 985 nen
1284 926 1391 995 adeat,
1413 943 1448 987 ne

281 1032 410 1084 metuam
426 1037 513 1095 quom
529 1020 634 1080 adsiet.
652 1017 768 1083 Pseud.
784 1038 813 1084 v.
833 1024 928 1085 1134:
952 1024 1002 1081 lle
1018 1039 1096 1082 nnnc
1111 1039 1281 1095 commoror,
1298 1023 1358 1083 has
1375 1021 1447 1084 ioris

280 1136 368 1194 pacm
390 1136 448 1179 non
471 1117 555 1189 scete.
577 1114 633 1194 lv,
650 1120 679 1192 7,
695 1121 754 1180 47:
778 1119 913 1194 flagitare
930 1136 1021 1193 saepe
1044 1122 1175 1180 clamore
1198 1121 1230 1179 in
1246 1118 1328 1193 iore,
1352 1122 1448 1196 Quom

281 1218 386 1278 libelle
401 1220 579 1290 nusquamst.
602 1230 631 1276 v.
651 1217 726 1278 116:
749 1218 867 1291 Edepol
889 1235 926 1277 ne
949 1220 1028 1278 istuc
1043 1219 1136 1293 magis
1158 1219 1315 1293 magisque
1336 1226 1445 1292 metuo,

281 1332 369 1389 geom
382 1314 475 1374 verba
489 1313 589 1373 ceddo.
612 1310 709 1376 Poen.
722 1312 801 1391 prol.
816 1333 844 1377 v.
859 1320 916 1376 77:
938 1317 1074 1390 Eumque
1089 1315 1230 1375 heredem
1246 1314 1335 1390 fecit,
1358 1334 1445 1389 guen

281 1415 347 1489 ipse
362 1413 435 1472 obiit
454 1412 542 1471 diem.
565 1407 592 1486 1,
609 1413 638 1485 2,
654 1412 709 1472 26;
733 1414 808 1472 Nam
825 1430 913 1485 quom
928 1414 1032 1475 sedulo
1051 1414 1199 1473 munditer
1214 1431 1271 1473 nos
1287 1414 1440 1485 habmus,

282 1508 342 1573 Vix
370 1525 517 1585 aegreque
544 1510 745 1569 amatorculos
773 1512 947 1570 invenimus.
976 1508 1007 1580 Ι,
1036 1513 1071 1585 2,
1101 1514 1156 1571 71:
1186 1527 1276 1583 quom
1305 1520 1442 1571 ornatum

283 1607 414 1681 adspicio
436 1612 569 1667 nostrum
592 1606 753 1667 ambarum.
777 1622 805 1667 v.
833 1611 908 1670 143:
932 1610 1026 1681 Quam
1050 1625 1131 1667 mare
1154 1609 1266 1684 olimst,
1289 1625 1384 1681 geom
1405 1608 1442 1666 ibi

284 1706 390 1765 alcedo
416 1705 515 1777 pullos
538 1702 635 1761 educit
655 1721 731 1764 snos
778 1719 806 1764 v.
832 1707 909 1767 193:
931 1707 1004 1765 Mox
1027 1705 1113 1770 dabo,
1133 1722 1201 1764 cum
1224 1708 1263 1766 ab
1287 1724 1322 1764 re
1347 1707 1442 1765 divina

282 1802 406 1863 reddare.
430 1797 478 1876 ΙΙ,
501 1816 530 1860 v.
559 1802 609 1861 16:
637 1818 723 1874 quom
757 1802 883 1861 scibnnt.
913 1799 978 1877 III,
1005 1807 1032 1879 1,
1058 1805 1114 1865 16;
1143 1805 1240 1878 Quom
1262 1821 1321 1877 pro
1345 1805 1440 1878 capite

283 1906 438 1973 argentum
461 1897 602 1964 dedimus,
626 1905 758 1957 nostrum
781 1899 924 1973 dedimus,
948 1917 1007 1959 nen
1030 1908 1121 1959 tuum.
1166 1897 1224 1976 Ill,
1248 1905 1285 1975 4,
1313 1904 1371 1962 13:
1396 1902 1440 1959 Vi·

284 1997 380 2071 distis,
404 1996 472 2053 leno
494 2011 583 2066 quom
598 2012 700 2053 aurum
723 1996 852 2069 accepit?
874 2012 903 2058 v.
932 2001 967 2058 17
978 2015 986 2059 :
1010 1999 1089 2071 Mox,
1113 2015 1200 2069 quotu
1215 1998 1253 2057 ed
1270 2004 1439 2073 praetorem

284 2112 354 2155 usus
375 2093 476 2153 vemet
502 2094 532 2166 5,
558 2095 609 2153 15:
635 2092 766 2164 Quiane
790 2112 868 2153 nunc
890 2092 1073 2169 frigefactus,
1098 2112 1186 2167 quom
1207 2113 1310 2169 rogae.
1336 2092 1393 2173 IV,
1413 2097 1438 2169 2,

283 2193 338 2254 82:
370 2192 399 2251 Is
421 2192 452 2250 in
476 2191 593 2249 divitias
622 2190 708 2249 home
732 2190 885 2264 adoptavit
907 2194 1002 2265 bunc,
1031 2210 1117 2265 cumn
1140 2193 1219 2252 diem
1254 2194 1336 2251 obiit
1362 2209 1439 2253 suom

283 2307 312 2353 v.
339 2291 412 2351 1022
436 2288 496 2347 Sed
519 2304 575 2360 ego
598 2305 675 2346 nunc
691 2296 747 2359 est,
771 2305 858 2360 geom
879 2296 988 2348 memet
1010 2306 1117 2348 acoron
1141 2286 1179 2363 V,
1204 2293 1233 2364 2,
1262 2292 1339 2351 110:
1364 2289 1439 2349 Etis

283 2406 330 2449 me
352 2386 494 2448 heredem
517 2384 606 2457 lecit,
635 2401 722 2456 quom
745 2404 826 2445 suom
850 2387 925 2445 obiit
951 2387 1038 2448 diem.
1062 2392 1092 2459 4,
1117 2390 1169 2449 12;
1192 2404 1290 2461 quom,
1314 2387 1439 2461 ingeniis

284 2488 390 2565 quibus
413 2501 512 2545 sumus
536 2489 624 2557 atque
649 2482 740 2555 aliae,
763 2499 912 2556 cognosco.
935 2500 962 2544 v.
989 2487 1039 2547 34.
1063 2482 1151 2547 Pers.
1176 2482 1206 2561 1,
1231 2487 1261 2557 3,
1286 2488 1328 2548 59
1354 2500 1416 2561 sq.:

433 2582 517 2641 Sicut
539 2582 607 2639 istic
629 2580 699 2639 leno
722 2581 780 2638 hau
804 2583 871 2639 dum
895 2599 947 2641 sex
970 2585 1079 2642 mensis
1102 2585 1275 2656 Megaribus

434 2680 499 2737 Huc
522 2686 568 2737 est
591 2694 676 2749 quom
698 2679 909 2750 comerriprccit,
1305 2739 1307 2742 ,

284 2794 312 2841 v.
329 2773 431 2839 Goell.
455 2772 496 2834 ad
513 2771 583 2836 Aul.
606 2772 686 2851 prol.
702 2792 730 2836 v.
748 2778 776 2836 4.
792 2772 880 2836 Pers.
897 2773 939 2848 ΙΙ,
959 2780 985 2851 l,
1003 2780 1035 2838 7:
1059 2778 1153 2852 Quom
1176 2795 1274 2836 meum
1291 2779 1438 2852 ingenium

283 2874 350 2934 lans
378 2883 466 2947 atquc
497 2870 594 2931 inians
630 2879 661 2930 tn
692 2873 822 2932 nendum
851 2875 941 2932 etiam
968 2873 1121 2933 edidicisti.
1151 2877 1187 2950 2,
1212 2877 1267 2936 25;
1291 2876 1391 2949 Quom
1411 2880 1439 2932 nt

286 2970 399 3045 digna's
415 2970 488 3041 dico,
512 2970 597 3041 bene,
623 2986 680 3028 non
697 2971 774 3029 male
791 2971 906 3044 loquor.
929 2990 955 3030 v.
973 2973 1031 3033 46:
1057 2973 1133 3044 Quia
1155 2974 1233 3031 enim
1258 2974 1335 3031 nibil
1353 2990 1439 3044 amas,

284 3088 371 3143 quom
403 3069 550 3141 ingratum
585 3083 677 3126 umas.
706 3064 769 3143 ΙΙΙ,
794 3070 830 3143 3,
855 3071 910 3130 31:
937 3086 1024 3144 quam
1059 3086 1095 3128 err
1125 3077 1213 3142 porta
1240 3071 1322 3129 ludis
1360 3085 1441 3142 quom

285 3169 422 3230 emissust
442 3167 537 3238 lepus.
553 3160 608 3239 IV,
623 3170 653 3240 4,
674 3167 729 3225 15:
753 3165 870 3238 Edepol
893 3168 943 3240 qui
963 3183 1049 3238 quoru
1065 3167 1141 3225 hanc
1157 3167 1250 3240 magis
1273 3168 1440 3240 contempto.

285 3266 377 3339 magis
393 3266 501 3338 placet.
528 3258 564 3338 V,
582 3264 611 3337 2,
628 3254 700 3324 53;“
712 3262 818 3336 Credo,
843 3265 984 3337 quianon
1008 3265 1190 3337 inconcilist,
1214 3281 1303 3335 gesom
1327 3273 1359 3323 te
1375 3281 1439 3323 emo.

285 3361 367 3425 Rud.
391 3358 434 3436 ΙΙ,
459 3362 488 3435 2,
513 3363 545 3421 2;
570 3361 645 3418 Nam
670 3376 755 3431 quem
771 3360 858 3419 modo
880 3362 980 3420 enibct
1000 3361 1090 3428 iuras,
1111 3362 1149 3420 ad
1163 3371 1283 3435 portum
1308 3380 1341 3421 se
1366 3363 1442 3422 aibat

285 3463 339 3523 ire.
364 3463 392 3532 3,
410 3462 464 3521 52:
488 3475 574 3529 quom
596 3458 637 3515 ibi
661 3457 764 3515 sedulo
787 3474 841 3516 sua
863 3461 1039 3518 vestimenta
1060 3463 1169 3518 sucat.
1194 3460 1224 3531 6,
1243 3462 1299 3520 13;
1326 3461 1441 3520 Utinam

286 3556 378 3636 [ego],
400 3573 487 3629 quem
508 3556 539 3614 in
562 3554 643 3614 aedis
667 3572 712 3614 me
736 3554 772 3614 ad
797 3563 826 3613 te
849 3555 1003 3616 addeins·
1032 3554 1140 3630 [tuas]‚
1173 3559 1207 3614 ln
1235 3573 1364 3616 carcere
1392 3560 1439 3616 illo

284 3658 383 3733 potine
407 3654 573 3714 cubuissem
597 3651 654 3712 die.
683 3648 742 3727 111,
767 3655 801 3727 3,
829 3656 861 3713 1:
884 3654 970 3712 Nunc
992 3654 1104 3725 idest,
1128 3670 1215 3725 quom
1238 3658 1371 3714 omnium
1395 3672 1438 3714 co·

285 3757 400 3830 piarum
428 3759 517 3826 atque
541 3767 629 3822 opum
644 3780 684 3791 -
701 3750 828 3810 viduitas
850 3769 903 3811 nos
926 3754 1008 3813 east.
1033 3755 1061 3825 4,
1086 3752 1142 3812 38:
1170 3752 1265 3825 Quom
1288 3770 1344 3826 ego
1370 3755 1439 3811 banc

284 3852 377 3912 video.
401 3851 430 3924 d,
447 3851 483 3910 9:
507 3848 644 3908 Etiamne
668 3849 698 3906 in
721 3865 774 3908 ara
797 3857 867 3907 tunc
891 3848 1037 3907 sedebant
1058 3850 1207 3920 mulieres,
1231 3851 1328 3925 Quom
1345 3852 1382 3910 ad
1399 3865 1439 3908 me
1484 3849 1486 3852 ’

281 3947 441 4023 prefectu's
463 3942 525 4006 ire?
548 3941 603 4019 IV,
627 3948 657 4020 d,
684 3948 759 4008 139:
787 3947 881 4021 Quom
909 3953 939 4005 te
962 3945 993 4003 di
1014 3949 1131 4013 caecet,
1160 3948 1341 4020 voluptatist
1364 3950 1438 4007 mibi.

285 4063 314 4109 v.
341 4050 415 4108 141:
444 4061 531 4119 quom
562 4044 677 4116 excepi.
718 4045 753 4117 6,
777 4046 813 4104 2:
844 4059 932 4115 quom
961 4044 1040 4102 intro
1068 4043 1221 4102 advenero.
1251 4047 1279 4111 7,
1303 4049 1360 4107 22:
1389 4044 1440 4105 nisi

286 4161 373 4217 quom
394 4143 459 4202 lusi.
484 4157 511 4201 v.
536 4144 591 4203 25:
614 4144 707 4217 Quom
729 4142 798 4200 illos
821 4142 965 4214 sapientie
995 4158 1094 4211 mores
1116 4143 1325 4201 monstrabunt
1345 4146 1439 4218 poplo.

286 4257 315 4303 v.
340 4243 394 4301 26:
419 4242 472 4299 Set
493 4257 580 4312 quom
606 4239 675 4299 inde
699 4256 781 4299 suam
799 4239 922 4312 quisque
945 4239 1031 4295 ibant
1052 4239 1161 4298 divorsi
1184 4239 1313 4301 domum.
1336 4243 1366 4316 8,
1392 4244 1439 4302 15:

286 4356 365 4399 nunc
387 4356 444 4398 non
469 4347 581 4413 censet,
605 4355 691 4409 quom
712 4337 786 4395 volo.
810 4333 847 4412 V,
871 4340 899 4411 2,
924 4338 1020 4412 2qu
1045 4336 1137 4396 Perii:
1160 4353 1248 4408 quom
1263 4341 1440 4400 mentionem
