3125 5075
376 372 396 411 1.
424 370 590 412 Psoriolflres
608 370 799 418 Pnusouslns,
814 371 994 421 POSSESSIVA,
1009 373 1183 416 nnrnnxlvs.
1303 385 1365 446 357

206 545 328 607 M“
369 544 466 626 Epio.
487 544 544 624 IV,
568 549 601 624 1,
624 549 658 611 3:
684 547 832 607 Pervelim
855 549 1023 610 mercedem
1050 550 1122 611 dure
1145 549 1203 628 (sc.
1226 551 1288 625 ei),
1315 555 1366 630 qni

202 649 355 708 nmmos
375 661 444 706 eum
464 647 506 706 ml
527 646 685 708 homiuem.
730 641 846 723 Amph.
868 642 894 723 L
919 648 947 722 l,
969 647 1047 709 261:
1068 648 1126 710 iiio
1141 649 1260 725 quidem
1281 660 1365 713 serie

201 757 280 818 que
302 742 351 803 illi
371 750 442 803 sunl
463 759 514 804 res
532 749 636 819 gestes
663 749 810 802 memoret
836 746 1016 806 memoriter.
1060 741 1153 823 Epid.
1180 743 1366 826 iv‚1,11:

199 839 330 901 Noseiio
351 856 409 915 ego
430 841 523 901 hene:
550 858 616 901 num
644 842 748 901 videor
775 843 879 903 neseio
909 842 959 902 nbi
987 842 1098 903 vidisse
1127 862 1173 904 me
1196 848 1294 920 prius,
1321 861 1364 908 su

199 953 277 997 sem.
322 933 371 1001 lu
400 934 450 1015 V,
482 942 517 1013 ὁ,
546 941 602 1001 62:
642 941 700 998 Ain
728 947 761 998 tn
794 945 824 999 ie
851 941 932 1001 illins
959 941 1110 1002 invenisse
1139 941 1250 1003 filium?
1300 939 1363 1008 ΕΡ.

202 1035 309 1095 luseui
331 1043 364 1095 oi
386 1036 495 1097 domist
517 1032 569 1109 (oi.
592 1033 695 1099 Rudd.
724 1051 755 1114 p.
780 1039 831 1112 27,
853 1033 960 1099 edunt
984 1034 1049 1116 58).
1095 1034 1171 1102 cist.
1194 1036 1225 1117 1,
1249 1043 1285 1117 3,
1309 1042 1364 1104 36:

207 1134 292 1208 sique
314 1141 407 1208 quent
427 1134 574 1208 Reperire
597 1133 751 1208 (seeum)
775 1152 852 1210 quse
875 1136 1039 1196 sustulerit.
1083 1133 1199 1199 Pseud.
1223 1134 1261 1212 V,
1291 1140 1362 1200 156:

206 1230 269 1290 line
300 1230 444 1291 edliilrete
467 1233 548 1292 suris
571 1249 647 1306 quse
674 1250 729 1307 ego
756 1235 873 1307 loquer.
916 1229 1006 1295 curo.
1031 1230 1061 1311 1,
1087 1236 1118 1310 l,
1147 1236 1203 1297 55:
1231 1236 1257 1294 E
1284 1253 1361 1296 nuue

211 1330 364 1388 nuculeum
392 1330 443 1402 qni
470 1346 538 1389 esse
566 1330 643 1403 solt,
672 1327 784 1405 frangit
812 1347 927 1392 nucem.
969 1327 1051 1393 Rud.
1077 1328 1125 1408 ΙΙ,
1159 1334 1192 1409 3,
1224 1335 1274 1396 51.
1308 1336 1365 1405 52;

213 1427 292 1486 mum
314 1427 369 1500 osi
389 1427 414 1485 it
435 1429 565 1488 lssntum
599 1427 634 1487 In
656 1427 801 1502 belinsss,
824 1446 913 1504 quom
933 1429 975 1488 ibi
993 1430 1098 1490 sedulo
1114 1446 1167 1490 sus
1187 1433 1364 1493 vestimentu

214 1531 317 1596 erret,
339 1524 413 1584 Tem
433 1525 661 1598 sudrupiseeiur.
704 1522 771 1587 llil
796 1522 843 1602 Π,
868 1527 902 1603 2,
926 1528 983 1589 79:
1003 1529 1045 1586 Au
1067 1533 1100 1586 tn
1121 1528 1242 1604 inperii,
1258 1530 1363 1605 emioe,

215 1638 251 1682 ms
272 1622 330 1695 (sc.
354 1621 406 1695 eo)
431 1622 508 1697 quod
532 1621 724 1684 conmentu’s.
769 1622 858 1686 Asin.
886 1621 912 1700 Ι,
936 1626 966 1701 3,
989 1626 1046 1687 65;
1076 1625 1240 1687 Necessesi
1261 1625 1363 1688 iecere

215 1727 349 1796 sumptum
373 1720 424 1795 qui
447 1722 565 1795 quaerit
587 1723 710 1781 luorum.
756 1716 833 1799 Cap.
858 1719 901 1798 Π,
923 1725 953 1798 2,
970 1724 1025 1784 63:
1048 1724 1106 1784 Est
1127 1721 1265 1798 proiecto
1288 1725 1363 1786 deus

215 1818 425 1892 edessenos
448 1819 577 1891 gerimus
600 1818 740 1893 undisque
763 1821 905 1882 stridet.
949 1816 1030 1881 Rud.
1054 1816 1097 1897 ΙΙ,
1115 1825 1144 1897 3,
1169 1825 1225 1883 53:
1250 1825 1361 1899 quippe

215 1917 255 1988 qui
273 1932 363 1991 quem
385 1917 504 1976 illorum
528 1922 669 1991 opservst
690 1916 787 1978 islsns
810 1925 857 1978 esi
872 1919 927 1991 (so.
951 1919 987 1978 de
1010 1913 1072 1992 eo).
1125 1915 1251 1983 Terent.
1279 1917 1361 1983 Eun.

213 2008 259 2088 ill,
282 2016 315 2090 l,
340 2015 381 2077 59
402 2028 452 2092 sq.
473 2011 533 2075 Ad
556 2010 606 2091 ΙΙ,
631 2016 737 2090 1‚43:
765 2016 897 2075 Minume
925 2018 1018 2076 miror
1047 2015 1125 2089 (eos)
1157 2018 1207 2091 qni
1229 2018 1361 2079 insanire

212 2112 354 2187 ooeipiont
391 2129 429 2172 ex
459 2113 579 2172 iniuria.
630 2110 727 2175 Andr.
760 2109 794 2189 I,
827 2114 859 2190 1,
894 2114 968 2175 113:
1001 2113 1084 2186 Quen
1112 2131 1178 2175 sese
1205 2116 1235 2174 in
1262 2117 1361 2191 ignem

211 2209 313 2271 neers
336 2209 441 2283 voluit,
463 2211 612 2285 prohibui.
642 2207 769 2273 Phorm.
786 2207 825 2287 V,
840 2212 871 2288 8,
895 2213 950 2285 54,
974 2206 1029 2272 ubi
1051 2216 1158 2273 mente
1180 2209 1361 2275 addendum

209 2311 252 2370 esi
269 2325 313 2368 eo.

285 2407 334 2467 12.
379 2405 575 2466 nummos
596 2403 791 2482 pronominis
812 2408 840 2467 is
866 2403 984 2484 duplex
1005 2403 1175 2483 invenitur,
1197 2410 1254 2469 eui
1276 2403 1303 2469 si
1326 2403 1358 2469 id

207 2501 380 2581 pronomini
402 2499 654 2566 demonstrativo
677 2501 821 2581 redditur,
844 2506 902 2567 unt
923 2499 952 2567 si
972 2519 1032 2584 per
1052 2500 1280 2567 abundantium
1302 2518 1361 2583 per

207 2593 392 2679 ἐπανάληψιν
414 2599 505 2680 quusi
527 2603 602 2679 post
626 2599 798 2678 notionem,
820 2600 965 2680 inprimis
981 2600 1215 2666 substantivum
1232 2600 1362 2682 ponitur

205 2696 241 2760 sd
262 2696 343 2761 illnd
364 2696 467 2777 magis
495 2697 587 2778 quusi
613 2697 719 2761 animo
745 2696 877 2763 lectoris
903 2698 1008 2763 denno
1036 2696 1265 2763 inculcandum.
1310 2697 1361 2762 Ad

203 2794 289 2877 prius
311 2812 415 2876 genus
437 2793 517 2860 haec
539 2800 687 2875 spectent
706 2795 860 2875 exemplu
906 2795 986 2861 Cato
1018 2801 1099 2861 orsi
1123 2814 1181 2876 pro
1203 2796 1238 2861 L.
1263 2794 1360 2860 Turio

204 2897 312 2958 entre
334 2891 391 2957 Cn
414 2892 549 2958 Gellium
576 2911 629 2974 sp.
653 2893 735 2959 Gell.
750 2893 838 2973 XIV,
862 2898 891 2958 2:
913 2897 972 2966 illi,
987 2898 1065 2958 nude
1080 2899 1203 2972 petitur,
1219 2897 1247 2956 es'
1261 2899 1361 2972 potius

203 2993 383 3055 eredendum
406 3010 482 3054 esse.
504 2989 609 3058 Plunt.
633 2991 729 3057 Poen.
751 2992 830 3073 prol.
846 3012 876 3058 v.
902 2998 961 3060 119
979 3011 1039 3074 su:
1053 2996 1122 3073 Ille,
1145 2997 1195 3071 qni
1210 2996 1363 3071 adoptavit

202 3090 278 3152 lune
300 3092 359 3152 sibi
380 3109 437 3166 pro
459 3092 532 3169 filio,
554 3093 590 3153 Is
611 3094 655 3153 illi
677 3094 778 3153 Poeno
801 3093 924 3154 huiusce
947 3096 1028 3169 putri
1050 3093 1160 3168 hospes
1180 3092 1245 3155 fuit.
1275 3089 1361 3155 Men.

201 3185 254 3267 IV,
278 3192 309 3266 3,
331 3193 369 3251 4;
392 3190 484 3251 Immo
507 3192 615 3265 edepol
636 3193 746 3265 pullum
769 3191 864 3268 illam,
888 3192 993 3251 smebo
1015 3197 1056 3265 te,
1079 3208 1166 3266 quum
1182 3190 1361 3251 sibilorum

202 3287 277 3362 dedi,
300 3288 379 3347 iiiii
399 3304 465 3347 eam
487 3289 588 3348 redde.
633 3285 705 3352 Aul.
728 3286 810 3366 prol.
830 3303 858 3351 v.
884 3291 940 3351 34:
963 3290 1005 3348 Et
1027 3289 1076 3348 lsio
1097 3289 1148 3363 qui
1167 3295 1274 3363 posset
1295 3303 1360 3347 sem

201 3386 253 3445 sibi
276 3403 401 3446 uxorem
425 3404 525 3459 senex,
540 3387 576 3447 Is
590 3387 792 3448 adulescentis
815 3388 896 3447 illins
919 3396 966 3447 est
988 3387 1159 3448 amnonius.
1197 3381 1285 3448 Asim
1301 3379 1362 3458 ΙΙΙ,

203 3484 229 3559 l,
243 3485 303 3547 di:
325 3482 406 3544 Illos
428 3486 479 3559 qui
502 3486 574 3546 deut
589 3502 638 3546 eos
660 3487 789 3545 derides.
819 3482 892 3548 Uno
914 3482 984 3547 loeo
1006 3485 1058 3546 esi
1071 3481 1168 3547 etism
1182 3485 1256 3561 post
1271 3494 1361 3558 pron.

201 3578 371 3643 releiisum
394 3580 548 3661 additum,
571 3580 631 3661 Ep.
652 3580 719 3660 ΙΠ,
744 3586 779 3660 l,
806 3584 842 3644 8:
875 3584 926 3658 qui
947 3613 987 3627 -
1012 3585 1039 3645 is
1067 3583 1170 3643 hebes.
1215 3577 1360 3642 Alterum

202 3684 309 3743 sutem
352 3695 453 3758 genus
489 3679 635 3759 inprimis
672 3678 862 3759 frequenter
890 3679 1052 3760 reperitur
1083 3678 1170 3758 opud
1199 3673 1361 3741 Catonem.

203 3771 308 3841 illuns
332 3772 466 3847 offendit
487 3776 524 3841 R.
546 3776 583 3841 R
607 3795 633 3841 n.
660 3781 693 3841 1:
718 3781 817 3839 Vicini
835 3797 893 3855 qno
914 3787 1005 3855 pecto
1026 3781 1158 3853 niteant,
1178 3778 1213 3838 ἑά
1234 3777 1361 3837 animum

202 3877 359 3938 edsertito.
403 3873 450 3940 lb.
467 3894 494 3941 e
518 3881 553 3940 δε
574 3875 697 3938 Amicos
719 3878 839 3952 domini,
862 3894 910 3938 eos
931 3878 1041 3938 hubent
1064 3878 1121 3938 sibi
1140 3878 1251 3937 amieos
1275 3866 1363 3949 (liele

200 3970 261 4037 iub
282 3968 365 4037 frisie
380 3970 512 4049 nubere).
556 3972 608 4038 Ib:
632 3977 709 4036 ltem
732 3975 851 4038 foenum
871 3976 1004 4051 cordum,
1026 3977 1206 4036 siuiliments
1220 3973 1257 4033 de
1272 3975 1361 4047 preto

202 4086 233 4133 es
252 4073 341 4134 srldn
362 4075 494 4134 condito.
538 4070 572 4137 0.
596 4075 630 4136 6:
647 4075 728 4134 Idem
751 4092 824 4150 eger
845 4076 872 4135 si
893 4074 1054 4135 nebulosus
1075 4081 1132 4148 est,
1147 4090 1230 4149 rape,
1252 4073 1361 4148 rephe-

202 4183 267 4245 sos,
288 4172 418 4243 milium,
442 4174 580 4248 punicum
609 4172 643 4232 id
662 4173 790 4232 maxime
817 4174 879 4233 seri
902 4178 1031 4246 oporieu
1077 4166 1111 4235 C.
1140 4173 1174 4234 8:
1201 4170 1361 4233 Africanus

203 4274 232 4328 et
250 4268 450 4344 Herculeum,
472 4270 662 4347 Seguntium,
685 4271 836 4347 hibernes,
859 4271 988 4331 Telunns
1003 4276 1085 4331 sires
1107 4269 1246 4345 pediculo
1260 4271 1360 4345 longo,

203 4378 251 4426 eus
269 4366 302 4427 ln
322 4368 392 4429 loeo
413 4384 517 4430 ernsso
539 4374 593 4429 sut
613 4375 783 4430 stercorrto
806 4371 908 4430 serito
954 4362 990 4430 G.
1014 4368 1069 4429 20:
1094 4367 1284 4432 &lunellum
1298 4367 1361 4442 ser·
