3125 5075
305 512 366 573 372
603 501 666 541 caP.
682 500 726 539 ΙΙ.
739 499 887 540 mun
901 497 1152 539 'mmmm

386 696 435 755 57.
480 688 544 755 Sed
564 693 765 754 mansuum
785 687 827 752 ad
848 689 1069 772 negationem,
1088 706 1174 769 quae
1195 704 1269 752 eum
1290 693 1325 749 ct
1346 691 1449 766 persa·

298 809 358 851 m
380 797 412 853 et
434 805 493 869 per
513 792 573 850 nisi
594 787 807 868 exprimatur,
833 787 1003 852 videndum
1030 793 1081 852 est
1112 786 1267 866 primum.
1293 783 1449 863 quomodo

300 886 466 951 haedoue
495 884 671 966 particulae
700 884 785 948 inter
809 903 846 949 se
871 884 1048 950 differant·
1074 882 1276 964 singularem
1303 881 1451 960 ‹liquiri-

299 985 448 1047 sitioncm
478 984 519 1048 de
540 982 601 1048 hac
628 1001 664 1047 re
693 982 832 1047 instituit
857 981 1057 1047 Ioeschkius
1080 983 1113 1045 iu
1141 981 1224 1045 luico
1251 980 1308 1060 qni
1333 978 1450 1059 prodiit

297 1081 439 1146 Brunca
466 1084 558 1145 1843.
601 1081 777 1145 Audiamus
792 1079 954 1146 llandium
967 1082 1000 1145 iu
1013 1078 1152 1144 Turseli.
1173 1077 1231 1148 lv,
1245 1095 1276 1157 p
1293 1082 1357 1141 215
1369 1093 1450 1156 squ:

301 1179 461 1258 „Quando
482 1178 610 1259 negatio
631 1178 753 1243 acoedit
774 1178 816 1243 ad
838 1179 1069 1255 conditionem,
1090 1185 1147 1242 aut
1169 1193 1224 1240 rea
1245 1174 1376 1239 tollitur
1395 1192 1452 1255 per

303 1277 493 1343 conditionis
525 1275 699 1354 notionem
733 1294 798 1356 quo
826 1275 864 1342 lit
891 1281 966 1355 nisi,
998 1281 1055 1340 aut
1080 1291 1136 1339 res
1163 1291 1226 1354 per
1249 1273 1452 1353 negutionem

303 1375 431 1441 sublata
452 1375 485 1438 in
507 1372 716 1439 conditionem
738 1374 902 1455 recipitur,
924 1373 1011 1440 unde
1023 1370 1062 1438 tit
1075 1377 1105 1436 as·
1123 1391 1199 1433 sos:
1221 1369 1310 1452 quod
1331 1377 1453 1434 utrum

302 1490 366 1553 que
387 1471 511 1536 etiamsi
532 1472 565 1536 in
587 1471 698 1537 eadem
721 1473 881 1538 sententia
900 1472 1028 1537 admitti
1049 1477 1170 1552 potest,
1191 1477 1304 1534 umen
1325 1467 1453 1548 utrique

304 1571 401 1635 etiam
416 1575 523 1634 manet
537 1570 716 1651 proprietas
731 1571 898 1651 quaedam.
932 1570 1040 1648 Quare
1060 1571 1094 1633 in
1115 1566 1298 1633 differentia
1320 1567 1453 1629 istorum

302 1669 473 1733 uerborum
497 1667 688 1732 declaranda
709 1667 842 1732 multam
863 1686 994 1749 operam
1014 1671 1280 1747 consumpserunt
1296 1681 1452 1745 gramm

302 1767 368 1831 tici.
412 1765 528 1831 Omnes
549 1763 773 1830 intellexeruut
794 1765 921 1845 quidem
940 1766 972 1829 in
993 1769 1055 1827 sisi
1068 1764 1270 1846 negationem
1284 1761 1407 1825 attrahi
1420 1771 1450 1824 et

302 1883 373 1929 cum
396 1863 616 1928 coniunctione
637 1863 790 1945 copulari,
811 1865 844 1929 in
865 1869 894 1927 si
913 1883 973 1925 sos
994 1881 1066 1927 am
1080 1862 1242 1943 pertinere
1263 1860 1449 1923 adverbum

303 1973 359 2026 aut
392 1962 433 2027 ad
465 1960 552 2025 uliud
583 1978 698 2025 nomen
731 1962 905 2043 singulare.
959 1962 1067 2041 Atque
1102 1959 1272 2037 utriusque
1306 1957 1447 2021 dicionis

305 2059 440 2126 similem
456 2076 529 2123 esse
546 2059 702 2123 ratiouem
719 2065 787 2124 tum
804 2077 863 2125 eae
876 2060 1006 2142 linguae
1019 2056 1202 2129 ostendunt
1218 2057 1250 2119 in
1266 2055 1383 2136 quibus
1394 2073 1452 2118 una

305 2161 429 2221 tantum
452 2156 577 2221 dicendi
600 2155 702 2221 forma
724 2164 843 2234 exstat,
864 2164 933 2222 tum
955 2154 1127 2221 multitudo
1146 2172 1258 2218 earum
1280 2153 1451 2218 sententia·

305 2273 392 2333 rum‚
414 2272 497 2334 quae
519 2260 656 2334 utroque
685 2257 779 2319 modo
801 2255 915 2319 Latine
941 2254 1076 2334 exprimi
1103 2259 1246 2333 possunt
1292 2251 1374 2314 Nam
1395 2268 1452 2330 per

303 2357 364 2416 assai
386 2361 524 2434 negatur
542 2353 585 2430 id,
607 2355 691 2432 quod
715 2353 902 2419 conditionis
923 2352 1048 2417 nomine
1070 2349 1250 2426 intercedit,
1272 2367 1334 2429 per
1352 2352 1382 2411 si
1397 2367 1452 2408 sos

306 2452 438 2533 ponitur
458 2451 606 2520 conditio.
628 2469 711 2530 quae
733 2452 933 2532 negationem
955 2451 988 2514 in
1003 2469 1039 2513 se
1054 2448 1167 2513 habet:
1189 2453 1365 2525 utrumque
1378 2463 1450 2510 sero

308 2568 404 2630 saepe
426 2550 466 2614 ad
490 2550 572 2613 idem
594 2551 691 2628 redit,
722 2552 791 2615 sive
813 2550 1023 2613 conditionem
1046 2555 1161 2613 totum.
1183 2548 1251 2610 sive
1274 2546 1452 2622 primariam

309 2650 378 2712 eius
401 2656 524 2728 partem
547 2649 692 2728 negando
719 2649 823 2712 tollas.
845 2683 886 2691 —
909 2647 1043 2714 Omnes,
1068 2646 1122 2725 qui
1150 2648 1189 2708 de
1217 2645 1277 2709 hoc
1308 2663 1369 2707 usu
1394 2642 1454 2705 dis

308 2751 492 2821 affluerunt,
521 2745 552 2809 in
579 2763 617 2808 eo
644 2744 812 2825 falluntur,
845 2746 929 2824 quod
955 2745 997 2809 ab
1025 2748 1085 2806 atsi
1111 2752 1273 2820 tamquam
1302 2760 1323 2804 a
1348 2740 1453 2804 funda·

310 2851 419 2909 mento
440 2844 625 2924 incipientes
647 2844 867 2908 demonstrare
887 2844 1026 2913 student,
1047 2842 1162 2920 quibus
1176 2841 1209 2904 in
1224 2839 1303 2903 locis
1318 2846 1456 2903 mutetur

313 2941 475 3021 legitimus
498 2959 574 3004 usus
602 2947 634 3003 et
655 2944 683 3002 ei
707 2961 766 3000 sos
794 2958 853 3020 pro
879 2944 939 3002 siai
967 2953 1112 3020 ponatur.
1156 2937 1275 3001 Contra
1297 2938 1382 3000 enim
1404 2935 1456 2998 de

310 3039 549 3103 monstrandum
573 3038 652 3115 erit,
684 3056 747 3119 quo
772 3039 866 3102 modo
889 3039 994 3102 Latini
1015 3041 1076 3097 sisi
1097 3054 1156 3117 pro
1184 3040 1212 3098 a·
1234 3056 1293 3096 non
1314 3034 1455 3097 dixerint.

308 3169 352 3181 —
374 3134 602 3200 Conditionalis
624 3137 755 3216 quaevis
781 3137 954 3214 sententia,
981 3155 1045 3217 qua
1070 3135 1189 3213 aliquid
1220 3152 1291 3197 uase
1321 3134 1457 3212 ponitur,

311 3254 350 3298 ex
373 3250 527 3312 queres,
550 3235 590 3298 de
613 3234 875 3315 conloquimur,
903 3240 937 3296 ut
963 3231 1021 3297 liat
1045 3239 1102 3297 aut
1130 3251 1192 3297 non
1216 3229 1271 3295 fiat
1303 3230 1457 3309 sequitur.

313 3350 440 3413 semper
462 3340 511 3396 est
541 3331 744 3396 affirmativa:
774 3338 881 3412 potest
907 3338 1014 3396 tamen
1043 3332 1074 3395 in
1104 3330 1287 3395 solabere
1309 3336 1457 3409 negatam

312 3431 481 3494 notionem.
530 3430 655 3511 Duplex
684 3438 792 3496 autem
821 3436 871 3493 est
903 3429 1005 3493 lorma
1033 3429 1128 3495 huius
1154 3427 1347 3504 sententiae,
1379 3441 1458 3504 quae

313 3529 515 3608 negationem
539 3531 570 3592 in
593 3547 628 3593 se
650 3527 757 3604 habet,
779 3526 898 3607 duplex
919 3545 998 3591 nans
1016 3527 1185 3592 uerborum
1208 3528 1235 3587 si
1255 3543 1317 3584 son
1338 3529 1373 3587 et
1393 3526 1457 3583 sisi.

312 3625 454 3689 Primum
476 3626 559 3690 enim
582 3625 770 3706 simpliciter
790 3625 992 3705 componitur
1013 3624 1172 3688 sententia
1193 3640 1265 3687 cum
1281 3620 1457 3685 conditione

312 3741 371 3787 sua
392 3724 448 3801 ita
471 3728 507 3787 ut
530 3723 758 3802 consequentia
780 3723 915 3788 exsistat
934 3727 969 3786 et
989 3722 1128 3802 protasis
1146 3738 1217 3784 cum
1232 3719 1369 3796 apodosi
1391 3736 1460 3783 con·

310 3820 472 3901 iungatur.
515 3819 623 3897 Quare
651 3821 842 3901 ubicumque
864 3819 1018 3898 conditio,
1046 3837 1127 3900 quae
1156 3817 1295 3898 aliquam
1318 3835 1461 3881 remae

313 3919 441 3999 gatione
464 3918 557 3991 tollit,
581 3919 626 3983 ita
646 3919 785 3999 ponitur,
811 3923 848 3982 ut
869 3935 908 3981 ex
922 3916 1046 3983 directa
1061 3915 1263 3981 conclusione
1287 3933 1459 3994 consequa

315 4023 371 4081 tur
391 4017 521 4098 aliquid,
545 4016 662 4082 dicitur
682 4020 709 4078 ei
729 4034 798 4076 sos.
842 4014 922 4079 'lum
945 4033 983 4079 ex
1005 4013 1209 4079 conditionali
1230 4018 1324 4093 purte
1346 4014 1461 4094 pendet

311 4114 434 4191 altera,
463 4133 522 4181 nee
542 4121 685 4180 mutatur
706 4114 831 4177 adiecta
852 4096 1023 4194 negatione
1047 4113 1193 4176 uniuersa
1214 4111 1299 4175 ratio
1321 4111 1462 4176 vocabuli

313 4217 350 4279 si,
373 4213 430 4277 sed
450 4214 593 4295 negatio,
615 4230 698 4293 quae
720 4229 785 4277 nou
806 4210 886 4276 duas
908 4209 1137 4275 enuntiationis
1158 4214 1269 4290 pertas
1292 4210 1462 4290 coniungit,

315 4330 410 4376 unam
450 4318 574 4376 tautum
621 4310 782 4376 notionem
818 4324 955 4374 unamve
994 4307 1173 4373 sententiae
1208 4312 1336 4387 purtem
1372 4306 1462 4371 tollit

313 4408 468 4485 Quaestio
490 4410 589 4491 igitur
609 4409 693 4473 redit
714 4408 755 4474 ad
778 4424 876 4472 uuum
897 4405 975 4484 hoc,
997 4423 1092 4486 quem
1106 4405 1210 4470 locum
1225 4404 1355 4485 negatio
1369 4405 1401 4468 in
1416 4404 1463 4468 luis

312 4509 480 4576 sententiis
503 4508 681 4573 obtineat.“
726 4507 832 4571 Etiam
854 4505 887 4569 in
908 4504 1133 4569 distributione
1155 4520 1272 4582 sequar
1295 4501 1461 4567 Handium.
