3125 5075
197 346 237 410 30
639 335 765 375 VERBUM.
798 334 861 374 0AP.
877 334 913 373 11.

141 569 144 574 -
197 523 322 589 tissima
345 531 424 601 erat,
448 529 559 602 utpote
582 542 663 604 quae
679 522 758 586 nihil
780 523 840 587 nisi
856 523 957 602 ipsam
974 517 1131 581 actionem
1149 511 1351 593 exprimeret,

198 640 238 686 ne
262 622 414 701 temporis
437 626 564 704 quidem
597 618 829 701 significatione
860 618 1011 692 indicata,
1034 630 1132 694 quum
1155 609 1216 673 hoc
1243 608 1275 671 in
1298 624 1351 691 ge-

199 738 276 784 nere
304 740 431 803 semper
458 734 630 804 usurpetur
657 716 829 782 infinitivus
860 714 1048 798 praesentis.
1094 707 1141 773 Cf.
1172 705 1285 772 Stullb.
1314 704 1352 768 ed

199 816 302 881 Rudd.
326 837 355 899 p.
388 825 448 884 227
479 828 509 885 et
542 821 660 901 Reisig.
691 841 721 901 p.
753 825 825 884 782.
876 814 938 879 Est
964 820 1070 876 eutem
1101 808 1162 872 hoc
1188 804 1352 887 proprium

200 912 294 978 huius
321 915 484 990 infinitivi,
509 925 545 982 ut
575 919 753 984 subiectum
776 931 903 994 semper
931 915 1060 976 marceat
1080 902 1280 971 immutabile
1302 921 1355 967 ne-

201 1029 263 1092 que
287 1031 434 1094 unquam,
459 1019 548 1080 utin
571 1018 805 1082 constructione
829 1010 1002 1076 accusativi
1025 1027 1051 1070 c.
1075 1004 1145 1081 ini,
1168 1009 1201 1067 in
1225 1018 1355 1065 accuse·

203 1111 301 1174 tivum
326 1121 539 1179 convertatur.
585 1115 750 1178 Invenitur
773 1121 880 1176 autem
897 1107 1083 1188 saepissime
1107 1108 1141 1166 et
1162 1098 1356 1163 anteceden-

202 1207 286 1272 tibus
311 1217 343 1274 et
366 1212 573 1288 sequentibus
602 1213 692 1276 vorbi
720 1212 830 1276 formis
857 1206 964 1272 finitis.
1010 1203 1112 1267 l'ieut.
1139 1196 1255 1279 Amph.
1278 1196 1305 1270 1,
1331 1204 1358 1274 1,

203 1313 243 1372 75
268 1325 349 1388 sqq.:
373 1312 543 1384 Imperator
572 1317 696 1384 uterque
726 1342 763 1354 -
794 1313 872 1370 Vota
893 1307 1047 1379 suscipere,
1075 1299 1163 1378 [tom]
1191 1300 1358 1359 exercitum

203 1410 359 1468 horturies
406 1410 463 1467 Pro
486 1427 518 1468 se
547 1411 671 1485 quisque
695 1412 724 1468 id
748 1409 825 1485 quod
853 1409 977 1481 quisque
1002 1399 1059 1479 [et]
1087 1409 1187 1475 potest.
1218 1404 1251 1457 et
1279 1399 1360 1455 valet

207 1508 290 1573 Edit,
313 1505 394 1566 ferro
417 1506 490 1576 serit
511 1513 584 1568 cett
613 1505 725 1585 Amph.
749 1523 778 1567 v.
805 1508 887 1567 1110
910 1517 991 1579 sqq.:

606 1623 718 1678 aapaes
741 1605 835 1665 oculis
858 1604 952 1661 omnis
975 1599 1189 1658 circumviserc.

293 1704 453 1777 Postquam
477 1721 586 1777 pueros
610 1706 786 1778 conspicati,
804 1703 934 1775 perperat
956 1700 992 1757 ad
1015 1715 1106 1756 curras
1129 1697 1195 1753 citi:

293 1804 360 1874 Epo
382 1818 475 1859 curras
499 1803 638 1859 recessim
663 1820 778 1861 rursum
804 1818 920 1859 vorsum
944 1798 1062 1855 trahere
1084 1807 1113 1852 et
1136 1794 1243 1851 deicere

291 1901 431 1958 Metuens
454 1901 565 1972 pueris,
586 1900 658 1958 mihi
681 1897 853 1970 formidans,
878 1905 1019 1971 tantoque
1043 1910 1153 1967 arrpaes
1176 1892 1275 1951 acrius

292 1996 441 2068 Persequi.

206 2092 277 2156 Aul.
301 2090 379 2171 prol.
403 2110 430 2154 v.
459 2097 495 2155 18
518 2112 577 2173 sq:
606 2101 646 2154 At
666 2096 716 2154 ilie
739 2113 809 2156 vero
832 2098 927 2153 minus
951 2095 1103 2166 minusque
1127 2091 1280 2164 impendio
1307 2091 1361 2150 Ca·

206 2209 277 2250 rare
299 2194 451 2267 minasque
476 2211 520 2251 me
543 2194 698 2265 impartire
721 2194 890 2253 honoribus.
936 2188 1033 2252 Merc.
1056 2186 1081 2265 Ι,
1108 2193 1134 2263 l,
1157 2191 1215 2249 46:
1244 2189 1361 2247 (rhium-

206 2308 279 2365 pare
294 2295 384 2364 pater
407 2292 481 2351 hoec
512 2299 615 2351 noctes
639 2302 670 2349 et
691 2291 764 2350 dies.
788 2306 816 2351 v.
841 2293 893 2352 50:
927 2289 1084 2349 Perfidiam
1108 2290 1263 2358 lenonum,
1287 2289 1361 2344 inin·

208 2391 318 2450 stitism
338 2406 506 2461 &promere
521 2393 595 2451 cett
619 2384 661 2461 11,
687 2391 713 2450 1.
739 2390 792 2449 16:
816 2390 925 2463 oppido
941 2389 1016 2447 Mihi
1032 2387 1106 2445 iliud
1129 2384 1223 2443 rideri
1246 2386 1361 2443 mirum.

208 2484 288 2551 Rud.
318 2483 380 2563 111,
406 2490 439 2563 1,
463 2495 497 2549 4;
525 2492 622 2563 Atque
654 2487 708 2546 iiia
737 2489 826 2546 nimio
858 2489 914 2547 iam
946 2487 1012 2558 fieri
1041 2484 1180 2545 ferocior.
1233 2480 1362 2545 Terent

210 2585 307 2649 Andr.
331 2583 357 2661 Ι,
383 2590 409 2658 1,
433 2589 473 2648 35
497 2601 578 2662 sqq.:

565 2682 653 2741 focile
678 2702 778 2742 omnes
795 2683 933 2756 perferre
956 2701 991 2742 ec
1005 2683 1090 2755 pori:

361 2780 433 2840 Cam
456 2780 560 2856 quibus
583 2792 647 2839 eret
671 2799 815 2857 quomque
839 2799 906 2855 una,
931 2784 973 2840 eis
996 2798 1061 2841 sese
1084 2779 1199 2843 dedere,

361 2881 471 2938 Eorum
495 2879 599 2937 stadiis
622 2879 746 2950 obsequi.

211 2974 238 3050 Ι,
264 2981 290 3048 1,
315 2979 370 3036 70:
394 2977 488 3052 Quam
510 2978 540 3035 id
562 2978 633 3034 mihi
647 2978 787 3048 punctae,
810 2983 871 3036 tam
892 2996 951 3037 uno
974 2996 1026 3037 ore
1048 2995 1146 3035 ornnes
1161 2978 1260 3035 omnia
1283 2976 1365 3033 Bone

212 3075 309 3133 dicere
332 3084 362 3133 et
383 3073 510 3133 laudare
525 3074 659 3135 fortunas
683 3094 772 3135 ruees.
819 3073 844 3148 Ι,
869 3081 895 3150 Ι,
921 3076 995 3137 120:
1017 3092 1070 3148 epo
1084 3076 1158 3135 iliad
1181 3074 1285 3133 sedulo
1309 3072 1365 3130 Nc-

212 3189 288 3247 9are
303 3170 423 3230 fectum.
458 3168 499 3247 11,
517 3176 545 3248 2,
563 3176 618 3234 32:
643 3177 732 3232 etism
747 3191 871 3248 pueram
888 3177 956 3233 inde
974 3176 1076 3234 ehiens
1092 3174 1217 3232 conveni
1233 3172 1366 3230 Chremi:

214 3273 327 3329 Hatera
349 3276 380 3329 et
409 3271 570 3344 pisciculos
600 3275 727 3331 minutos
754 3272 834 3341 ferre
861 3274 948 3332 obolo
975 3274 1005 3330 in
1035 3289 1138 3331 cenam
1167 3273 1241 3330 seni.
1287 3267 1366 3330 Eun.

215 3364 275 3443 ΙΙΙ,
300 3371 327 3443 1,
354 3370 384 3429 l:
407 3368 532 3442 Magnes
555 3387 625 3429 vero
647 3387 736 3442 apere
756 3373 869 3443 gratius
889 3371 979 3429 Thais
1002 3367 1259 3430 mihitib.v.11
1286 3381 1367 3446 sqq.:

214 3466 281 3527 Rex
308 3476 338 3525 te
365 3483 436 3540 ergo
465 3467 497 3525 in
524 3469 619 3527 oculis
646 3500 686 3510 —
713 3469 848 3540 pectore?
879 3465 950 3529 TH.
979 3470 1074 3528 Vero:
1104 3467 1222 3528 creden
1253 3481 1367 3525 omnem

217 3565 382 3625 exercitam
403 3593 446 3604 -
468 3564 541 3623 Tum
564 3597 606 3606 —
628 3585 674 3626 me
697 3568 847 3626 convivam
879 3569 972 3625 solnm
995 3566 1155 3624 abducebat
1186 3566 1251 3624 sihi.
1277 3580 1304 3624 v.
1330 3563 1367 3622 20

218 3678 303 3739 sqq.:
338 3662 477 3723 Inridere
506 3680 604 3722 mones
631 3666 719 3737 mihi,
742 3664 882 3724 Mordere
909 3667 1090 3724 clanculum:
1121 3681 1172 3736 epo
1203 3681 1260 3722 non
1286 3660 1368 3720 flocci

215 3759 354 3834 peredere:
375 3759 432 3818 Ilii
452 3761 584 3820 incidere
605 3765 722 3823 misere.
747 3779 774 3823 v.
792 3766 851 3822 42:
877 3764 949 3821 Risu
964 3780 1061 3821 mones
1083 3765 1134 3838 qui
1149 3763 1276 3821 ederent
1298 3778 1368 3817 erne

218 3860 293 3918 riri:
316 3859 443 3933 denique
466 3860 639 3918 Metuebant
660 3878 761 3920 omnes
783 3863 841 3919 ism
858 3876 913 3921 me.
958 3856 1017 3936 ΙΙΙ,
1040 3864 1069 3934 3,
1092 3863 1111 3921 9
1135 3875 1198 3936 sq:
1231 3859 1298 3932 ipsu
1321 3856 1369 3916 ‹rd-

219 3956 352 4016 cumhcre
375 3957 509 4027 Mecum,
532 3960 604 4017 mihi
624 3976 690 4018 sese
719 3957 804 4024 dare,
828 3976 992 4018 sermonem
1017 3975 1166 4031 quaerere.
1212 3954 1271 4032 lv,
1300 3962 1327 4029 1,
1350 3960 1368 4014 4

220 4070 282 4132 sq:
304 4055 354 4113 ilie
369 4056 509 4115 continuo
523 4056 625 4131 irasci,
649 4057 751 4132 Neque
769 4074 878 4131 negare
895 4057 1021 4115 audere:
1046 4057 1139 4114 ‘l'bats
1154 4074 1245 4130 porro
1259 4055 1368 4114 instare

221 4164 254 4212 ut
269 4153 416 4211 hominem
432 4155 546 4213 invitet.
571 4170 599 4211 v.
618 4157 670 4215 12:
694 4156 779 4214 miles
796 4155 919 4222 endere,
943 4157 1010 4214 inde
1027 4156 1064 4214 ed
1080 4157 1215 4228 iurgium.
1254 4151 1368 4214 Heaut.

222 4247 264 4323 V,
290 4253 321 4323 1,
346 4253 395 4312 23.
441 4247 566 4311 Phorm.
590 4247 620 4326 Ι,
644 4254 672 4326 2,
695 4254 753 4312 42:
777 4271 830 4313 nos
860 4255 1005 4314 mirarier.
1039 4268 1065 4312 v.
1088 4255 1142 4313 tii:
1172 4252 1280 4310 Noster
1302 4249 1368 4326 quid

223 4356 327 4422 egeret
341 4350 461 4408 rescire.
486 4345 562 4410 Hec.
587 4345 611 4425 Ι,
625 4352 653 4424 2,
677 4354 732 4412 45:
753 4350 805 4410 ille
824 4354 920 4426 prima
944 4370 975 4411 se
990 4369 1117 4425 crepare:
1141 4351 1193 4410 sed
1217 4357 1368 4425 postquem
