3125 5075
206 341 252 406 84
648 337 775 381 suanm.
802 336 866 379 our.
879 335 917 378 m.

210 525 324 592 Oratio
346 544 404 608 pm
427 522 528 592 Rbod.
551 543 580 608 p.
597 531 637 608 24
659 527 758 592 iord:
782 530 881 605 Siquis
903 529 977 589 illud
999 527 1370 599 tauromenitanis

206 630 304 688 miuus
327 626 478 687 dimidium
502 625 631 688 familiae
654 630 748 689 multa
771 635 851 689 esto:
875 627 967 702 siquis
990 627 1058 702 plus
1081 627 1249 702 quingente
1263 630 1368 705 iugera.

205 723 318 785 bebere
340 724 474 801 coluerit,
497 731 582 784 tenta
603 741 700 800 poena
722 732 802 799 esto;
831 725 924 799 siquis
945 725 1086 784 maiorem
1109 739 1240 800 pecuum
1264 744 1363 788 nume·

205 840 270 883 rum
294 823 405 883 habere
427 819 562 897 maer,
585 828 698 882 tautum
722 823 846 884 damnus
869 830 943 883 esto.
989 817 1110 897 Oratio,
1132 837 1232 901 quam
1253 821 1364 888 habnt

204 916 401 984 Numantiae
423 914 508 997 apud
530 916 669 998 equites:
693 921 829 996 commta
852 937 919 981 cum
934 919 1040 980 animis
1056 922 1173 992 vestris,
1197 922 1365 997 siquidm

203 1034 261 1095 per
294 1017 426 1077 laborem
459 1022 541 1077 reete
574 1017 717 1091 swerits,
753 1020 836 1080 labor
874 1019 927 1078 ille
960 1034 979 1077 a
1012 1017 1096 1077 vobis
1129 1019 1191 1077 cito
1230 1021 1364 1096 recedet,

203 1113 413 1177 benefactum
436 1116 573 1189 asebis,
604 1116 673 1176 dum
695 1117 807 1190 vivitis,
837 1133 895 1177 non
923 1115 1074 1177 abscedat.
1105 1116 1158 1175 sed
1189 1117 1282 1193 siqua
1307 1135 1365 1193 per

203 1215 385 1289 voluptatem
409 1214 546 1287 nequiter
568 1213 705 1286 feceritis
727 1216 864 1289 voluptas
892 1214 950 1274 cito
967 1213 1070 1287 abibit,
1094 1214 1234 1288 nequiter
1250 1214 1359 1275 fuctum

205 1316 280 1377 illud
303 1316 381 1392 apud
405 1330 456 1375 vos
479 1327 598 1387 semper
624 1312 764 1371 monebit.
810 1307 913 1374 Plane
936 1307 1051 1389 Amph.
1074 1308 1101 1388 Ι,
1127 1316 1153 1386 1,
1176 1314 1235 1376 42:
1269 1313 1363 1374 medi·

204 1414 356 1475 tabor-
378 1429 465 1488 quom
489 1412 543 1471 illo
564 1409 718 1472 adeam.
763 1426 793 1471 v.
816 1412 873 1472 43:
900 1409 932 1469 Si
953 1408 1058 1468 &ceo
1080 1410 1282 1485 menducium,
1314 1428 1361 1472 so·

205 1512 271 1574 lens
298 1528 365 1572 meo
394 1526 476 1571 more
506 1508 611 1582 secero.
655 1526 682 1567 v.
708 1511 782 1567 157:
817 1508 893 1581 Quid
917 1508 942 1568 si
964 1523 1019 1582 ego
1041 1508 1122 1565 illum
1146 1510 1269 1568 tractim
1293 1517 1362 1568 tuu-

203 1626 281 1687 gum,
304 1616 339 1669 nt
360 1606 507 1670 dormiat?
529 1603 589 1669 SO.
613 1603 790 1666 Seroooeris.
817 1620 845 1666 ν.
873 1605 949 1667 1643
971 1606 1057 1679 perii,
1082 1608 1108 1665 si
1130 1623 1178 1665 me
1201 1607 1357 1681 ammiti.

203 1723 234 1770 v-
257 1709 334 1770 202:
366 1705 526 1779 Auferere,
555 1720 613 1764 nou
637 1702 742 1775 abibis,
766 1704 794 1762 si
817 1718 871 1777 ego
893 1700 1002 1762 fustem
1023 1720 1181 1777 sumpsero.
1228 1720 1256 1765 v.
1282 1707 1359 1768 272:

204 1808 300 1866 rictus
324 1820 398 1881 sum,
420 1804 445 1863 si
467 1801 587 1861 diuersa
631 1802 654 1875 1,
679 1804 708 1873 2,
729 1806 825 1875 4sq.:
848 1801 910 1859 Iam
933 1802 984 1862 ille
1008 1802 1080 1861 illuc
1102 1802 1139 1861 ad
1163 1821 1247 1862 erum
1272 1819 1359 1878 quom

203 1904 450 1979 Amphitruonem
472 1898 632 1966 adusserit,
654 1899 798 1958 Narrabit
820 1915 935 1959 servom
957 1898 1026 1958 hinc
1049 1916 1115 1960 sese
1137 1932 1175 1944 —
1191 1902 1356 1961 Amoviss'e.

206 1998 250 2072 II,
268 2003 297 2077 2,
315 2001 354 2063 39
371 2012 453 2078 sqqe
478 1999 505 2057 si
527 1997 644 2057 situlam
667 2013 776 2071 cepero,
799 1997 963 2071 Numquam
986 1995 1092 2071 edepol
1117 2006 1149 2056 tu
1170 1999 1245 2058 mibi
1268 2000 1358 2058 divini

204 2098 323 2160 creduis
351 2103 421 2173 post
446 2097 524 2156 bunc
547 2096 639 2167 diem,
673 2096 711 2153 Ni
735 2112 791 2169 ego
813 2094 858 2152 illi
880 2101 987 2169 puteo,
1019 2096 1043 2154 si
1066 2112 1197 2171 occepso,
1230 2098 1358 2156 animam

207 2213 322 2258 omnem
351 2198 558 2256 intertrosero.
602 2189 662 2269 111,
685 2196 714 2266 4,
740 2194 797 2253 18:
832 2192 975 2266 aspellam
1002 2194 1096 2252 virum
1121 2212 1272 2270 -quom
1300 2194 1356 2253 buc

204 2294 365 2356 occesserit.
410 2310 437 2355 v.
454 2294 509 2355 20:
535 2292 609 2352 Eum
632 2289 740 2350 iecisse
763 2292 815 2349 ille
838 2290 927 2349 bodie
949 2297 1063 2364 arguet,
1087 2307 1162 2366 quae
1185 2308 1242 2365 ego
1263 2293 1357 2364 swero

204 2396 263 2455 bis.
307 2388 363 2467 IV,
387 2394 416 2468 3,
443 2392 481 2452 14
505 2404 589 2468 squ:
626 2388 675 2448 ubi
709 2404 855 2463 quemque
888 2388 1035 2448 hominem
1069 2405 1220 2463 asperso,
1258 2421 1297 2434 -
1330 2389 1356 2448 si

205 2508 289 2552 avom
318 2490 438 2566 videbo,
466 2485 558 2565 [eum]
586 2486 763 2561 optuncabo.
810 2483 943 2563 Asini,
970 2488 1075 2563 1,82:
1109 2489 1191 2547 Tene
1223 2505 1280 2562 ego
1309 2486 1356 2546 de·

203 2589 338 2650 fraudem
361 2588 490 2647 -Nisi
513 2586 583 2661 qnid
606 2592 637 2644 tu
660 2602 750 2659 porro
773 2601 893 2644 uxorem
917 2584 1163 2657 defroscdooeris?
1196 2582 1238 2662 II,
1257 2590 1286 2660 2,
1303 2589 1352 2646 71:

203 2688 266 2746 Iam
290 2686 488 2747 devorandum
512 2701 632 2759 censes,
661 2685 686 2742 si
712 2683 916 2756 conspexeris?
959 2700 988 2745 v.
1016 2686 1090 2746 103:
1114 2685 1179 2760 Ego
1203 2685 1289 2743 illum
1312 2686 1354 2742 in·

202 2793 291 2846 teres
320 2785 369 2842 bie
392 2784 564 2853 oblectabo,
594 2783 676 2856 prius
704 2784 729 2841 si
752 2781 830 2840 forte
852 2782 1011 2846 advenerit,
1034 2779 1086 2856 qui
1110 2784 1159 2843 est
1183 2779 1354 2843 coniuncti·

201 2898 261 2945 vus
283 2877 382 2942 futuri
405 2877 508 2941 exacti
530 2873 758 2957 significatione
780 2877 958 2956 potentiali.
981 2881 1102 2940 v.104:
1127 2881 1230 2953 Pugno
1251 2880 1353 2939 malum

203 2981 229 3041 si
253 2979 306 3038 tibi
325 2994 495 3051 percussero
518 3008 558 3019 -
581 2983 685 3036 caveto
707 2994 744 3036 ne
768 2995 954 3038 suscenseas.
997 2981 1028 3053 4,
1052 2979 1109 3038 73:
1143 2978 1210 3050 fiet,
1245 2980 1286 3038 Ut
1307 2994 1353 3036 sa·

202 3081 298 3154 pules,
321 3077 535 3136 Demaenetum
560 3077 652 3134 semul
676 3092 710 3133 ac
730 3091 914 3147 emespewo.
958 3071 1070 3151 111,3,
1098 3077 1172 3135 13οε
1208 3077 1301 3149 Quid,
1329 3076 1351 3134 si

202 3175 329 3250 optare?
363 3171 427 3236 LE.
455 3175 589 3233 Eveniat.
634 3167 673 3248 V,
697 3175 725 3247 2,
749 3174 806 3234 28:
840 3174 950 3246 Possis,
985 3175 1009 3233 si
1045 3172 1121 3232 iorte
1156 3172 1351 3234 adcubantem

205 3280 286 3332 tuum
309 3274 401 3333 virum
424 3271 606 3345 conspexeris
627 3303 669 3311 —
692 3272 717 3330 si
739 3270 850 3338 videas,
874 3269 1072 3345 cognoscere?
1101 3268 1194 3331 ART.
1231 3273 1349 3332 Possum

203 3379 331 3432 ecastor.
376 3368 495 3432 lterum
518 3365 570 3431 hic
589 3365 687 3432 habes
711 3366 942 3430 coniunctivum
966 3365 1065 3430 futuri
1081 3366 1193 3430 exacti.
1241 3367 1310 3431 Aul.
1324 3364 1348 3443 1,

203 3474 231 3547 1,
256 3473 290 3532 9:
314 3470 345 3529 Si
368 3469 455 3529 bodie
479 3469 581 3527 hercle
603 3465 710 3527 instem
733 3484 842 3539 cepero.
885 3462 928 3540 ΙΙ,
952 3468 980 3540 2,
1004 3468 1043 3527 27
1068 3481 1134 3544 sq.:
1162 3468 1262 3527 Credo
1285 3468 1349 3527 ede·

198 3573 261 3643 pol,
286 3569 335 3627 ubi
357 3567 535 3626 mentionem
560 3582 615 3640 ego
637 3565 731 3637 secero
751 3565 787 3624 de
811 3564 881 3636 filia,
903 3565 980 3624 Mihi
1002 3571 1035 3623 ut
1057 3564 1259 3640 despondeat,
1288 3581 1349 3626 sese

200 3684 220 3726 a
249 3683 295 3724 me
326 3665 456 3724 derideri
485 3663 608 3722 rebitur·
652 3679 680 3722 v.
705 3664 743 3723 72
768 3677 830 3739 sq.:
867 3664 898 3723 Si
927 3663 1028 3722 berete
1060 3680 1115 3737 ego
1142 3670 1173 3722 tc
1198 3682 1257 3723 non
1280 3666 1347 3724 elin·

199 3764 346 3839 guandam
369 3761 472 3822 dedeo
494 3778 587 3836 usque
611 3761 648 3820 ab
670 3760 830 3827 radicibus,
853 3769 956 3820 auctor
979 3779 1043 3821 sum
1065 3762 1251 3836 imperoque,
1275 3766 1348 3821 uttu

199 3881 245 3922 me
274 3862 366 3921 cuivis
394 3860 583 3920 castrandum
613 3861 704 3918 loces.
750 3854 804 3934 IV,
833 3861 861 3935 2,
893 3861 932 3919 14
952 3873 1017 3934 sq.:
1053 3861 1105 3918 sed
1135 3861 1160 3919 si
1189 3875 1346 3933 repperere,

201 3961 302 4031 Fides,
325 3959 416 4017 Mulsi
439 3959 602 4031 congialem
626 3960 744 4032 plenam
767 3956 875 4016 iactam
898 3957 951 4016 tibi
974 3957 1112 4016 fidelium.
1159 3953 1232 4020 Cae.
1255 3955 1299 4036 ΙΙ,
1321 3960 1345 4029 5,

199 4060 240 4121 28
258 4072 320 4134 sq.:
346 4057 439 4129 Quom
462 4056 500 4114 ad
522 4055 593 4115 deos
615 4055 744 4115 minores
766 4055 889 4113 redierit
917 4072 1040 4129 regnum
1063 4064 1159 4129 tuom,
1185 4057 1258 4129 Quis
1281 4055 1345 4115 mihi

199 4157 377 4218 subveniens
406 4150 463 4220 (sie
486 4153 543 4230 Ap,
574 4150 658 4231 vulg.
683 4153 856 4224 subveniet),
888 4153 995 4227 tergo?
1038 4151 1075 4228 V,
1098 4158 1128 4231 4,
1154 4156 1208 4215 22:
1244 4155 1277 4215 Si
1298 4171 1345 4213 uu-

199 4271 287 4329 quam
310 4254 436 4327 postbae
467 4260 518 4310 aut
546 4267 662 4310 amasso
685 4247 822 4310 Casinam
852 4257 903 4310 aut
928 4268 1042 4324 occepso
1064 4253 1160 4312 modo.
1208 4250 1285 4315 cist
1309 4247 1348 4324 ΙΙ,

198 4355 228 4425 1,
253 4353 302 4412 22.
327 4353 381 4425 23:
1270 4359 1277 4380 ·
