3125 5075
289 382 351 444 318
568 374 631 416 CAP.
645 375 691 414 XV.
723 372 872 413 DOCTRINA
900 371 1149 415 anmctamouuit.

376 564 487 626 Saltem
508 562 611 627 Plaut.
637 560 749 642 Amph.
773 562 803 640 Ι,
829 568 861 642 i,
885 566 962 627 282:
992 566 1065 639 Quis
1089 582 1145 640 ego
1172 583 1239 626 sum
1270 566 1393 642 samir,
1419 568 1442 628 si

290 683 348 726 nou
373 682 435 724 sum
461 663 576 740 Sosiai,
600 659 684 739 quod
708 659 817 724 Lamb.
841 659 923 739 expl.
946 677 1020 740 per:
1044 662 1082 721 ad
1105 665 1212 725 minus.
1251 661 1297 741 ΙΙ,
1322 667 1352 742 2,
1379 668 1442 729 iao:

289 759 413 835 Saltem,
436 763 531 835 tuipte
556 762 581 819 si
605 761 727 835 pudoris
749 777 855 835 egeas,
885 777 984 821 sumas
1006 767 1149 821 mutuom.
1196 758 1330 825 Terent
1355 760 1442 828 Andr.

290 856 335 931 11,
362 862 393 934 i,
420 861 470 919 13:
496 858 593 917 Credo
616 858 785 934 inpetrabo,
808 863 843 917 ut
863 859 978 933 aliquot
998 859 1104 917 saltem
1119 859 1233 933 nuptiis
1249 861 1365 935 prodat
1379 862 1442 921 dies.

289 956 371 1016 Satis
393 952 497 1017 Plaut.
521 952 634 1033 Amph.
659 952 721 1031 ΙΙΙ,
746 957 780 1034 2,
804 957 838 1018 8:
861 958 922 1015 Aut
944 954 1037 1016 iaciat
1058 954 1136 1017 sotis
1165 958 1234 1034 ille,
1266 955 1325 1020 ubi
1349 955 1441 1022 liri:

289 1052 390 1131 ,Satis
423 1052 629 1134 postponitur
658 1050 745 1115 Asin.
769 1050 817 1131 ΙΙ,
845 1051 893 1129 4,Ι
910 1055 965 1115 31:
995 1048 1115 1115 Fecisse
1141 1055 1219 1114 sotis
1246 1057 1368 1131 opinor.
1407 1055 1443 1119 Et

288 1148 364 1213 alibi
386 1148 513 1227 saepe.“
536 1147 633 1211 Poen.
657 1146 682 1226 Ι,
707 1152 740 1227 2,
766 1153 820 1213 75:
844 1152 890 1210 Eo
913 1151 989 1211 iilud
1012 1154 1106 1213 satius
1122 1159 1181 1225 est,
1204 1153 1289 1228 quod
1308 1156 1442 1220 athera

288 1251 391 1310 habitu
415 1266 517 1323 quam,
548 1248 626 1323 quod
649 1249 718 1322 plus
740 1252 790 1309 sat
819 1257 892 1326 est,
911 1246 951 1311 ad
974 1265 1002 1327 q.
1030 1248 1049 1311 i.
1081 1248 1240 1313 Gronau:
1271 1250 1441 1327 „interdum

290 1342 325 1408 τὸ
349 1348 424 1408 eatis
446 1343 562 1407 minuit
584 1360 651 1405 rem
675 1346 708 1406 et
732 1349 784 1408 est
805 1345 1037 1424 quodammodo
1061 1363 1124 1409 nou
1149 1350 1237 1410 satia
1287 1345 1334 1411 Ut
1356 1364 1441 1428 quum

289 1442 403 1507 Catoni
426 1443 523 1505 dere
546 1444 625 1503 rusi·
671 1435 707 1503 c.
724 1447 784 1506 137
807 1446 902 1507 bouus
925 1448 1008 1506 locus
1032 1453 1079 1506 est
1101 1448 1229 1521 primus,
1256 1448 1337 1506 satia
1359 1449 1442 1508 bonus

291 1544 455 1616 sccundus,
478 1542 548 1600 iude
571 1536 712 1601 tertius.“
733 1572 776 1581 —
800 1540 929 1618 Scilicet,
954 1544 1089 1604 exscire
1110 1543 1177 1610 licet
1199 1547 1325 1618 ortum,
1356 1559 1442 1622 saepe

288 1638 351 1701 vim
374 1636 472 1701 habet
495 1635 623 1701 ironiae.
670 1634 835 1699 Interdum
858 1644 993 1718 propter
1018 1639 1171 1719 originem
1201 1655 1298 1703 suam
1326 1657 1390 1705 acc.
1417 1658 1440 1704 c.

286 1735 340 1799 inf.
365 1733 584 1815 coniungitur,
615 1734 654 1798 de
683 1752 745 1814 quo
769 1735 840 1798 vide
863 1735 924 1798 vol.
952 1735 982 1812 Ι,
1005 1754 1034 1816 p.
1055 1740 1135 1800 Ι268.
1186 1736 1327 1801 Ponitur
1355 1737 1441 1802 etiam

287 1834 319 1897 in
348 1849 502 1912 responso
531 1828 717 1896 affirmante.
770 1832 875 1895 Plaut.
905 1834 991 1896 Asin.
1022 1832 1076 1905 IV,
1106 1840 1139 1910 l,
1168 1840 1228 1898 tt:
1260 1840 1310 1896 ita
1339 1839 1442 1897 scitica

286 1932 441 1992 iacturam.
488 1928 683 1993 Menaechm.
701 1919 742 2008 ΙΙ,
760 1935 794 2008 3,
813 1936 866 1993 41:
891 1930 1008 1991 Scilicet
1026 1935 1075 2008 qni
1098 1934 1208 1992 dudum
1231 1941 1335 1995 tecum
1358 1939 1440 1996 venit.

286 2028 403 2092 Pseud.
427 2026 490 2105 ΙΙΙ,
515 2031 547 2105 2,
572 2031 629 2091 89:
663 2031 716 2090 Set
738 2039 836 2090 utrum
857 2040 889 2089 tu
917 2032 1020 2090 amicis
1044 2032 1130 2090 hodie
1160 2050 1199 2090 au
1227 2032 1361 2093 inimicis
1389 2036 1441 2093 tuis

288 2126 431 2188 Daturu's
455 2126 579 2186 cenam?
624 2124 767 2189 ΒΑ.Ροί
791 2146 845 2203 ego
869 2129 972 2188 amicis
994 2128 1111 2188 scilicet.
1152 2126 1207 2206 IV,
1232 2134 1262 2204 t,
1287 2133 1347 2192 el:
1372 2132 1440 2205 Quid

288 2226 353 2287 ais?
385 2233 457 2285 tune
492 2227 581 2285 etiarn
617 2226 750 2285 cubitare
773 2224 889 2286 solitu’s
922 2225 952 2284 iu
984 2228 1067 2285 cunis
1094 2225 1191 2301 puer?
1244 2225 1293 2291 si.
1323 2227 1439 2289 Scilicet.

287 2339 315 2386 v.
340 2327 397 2386 83:
422 2324 560 2382 Etiamne
583 2321 684 2382 iacere
709 2324 814 2383 solitus
838 2340 884 2395 es,
908 2326 971 2383 scin
996 2323 1066 2399 quid
1082 2324 1211 2398 loquar?
1258 2323 1308 2388 si.
1333 2325 1441 2386 Scilicet

286 2423 407 2481 solitum
429 2437 498 2482 cese.
544 2418 624 2481 Rud.
649 2418 699 2498 ΙΙ,
725 2423 762 2497 3,
787 2425 845 2483 64;
870 2424 956 2482 Nunc
972 2440 1037 2481 cana
1060 2440 1125 2480 cum
1142 2425 1210 2481 naui
1225 2421 1340 2485 scilicet
1354 2425 1440 2483 attae

285 2539 404 2597 pessum
429 2521 458 2579 iu
482 2522 574 2578 altum
598 2523 654 2595 t:
669 2517 752 2581 scire
768 2516 860 2592 licet,
886 2519 1088 2598 perspicuum
1106 2528 1155 2582 cst
1171 2536 1242 2581 iram
1264 2518 1436 2584 demersam

286 2618 318 2681 in
342 2614 556 2696 profundum).
603 2614 657 2692 IV,
682 2602 715 2687 3,
743 2620 794 2678 16;
825 2620 940 2693 Ecquid
964 2624 1110 2696 estquod
1135 2618 1194 2696 [id]
1221 2639 1290 2680 men
1313 2621 1436 2681 referat?

286 2715 349 2779 TR.
375 2716 499 2775 Scilicet.
545 2724 580 2789 4,
605 2719 661 2776 54;
687 2716 832 2775 Continuo
857 2718 933 2776 hunc
951 2721 1066 2779 novisse
1083 2720 1184 2777 dicent
1200 2720 1321 2780 scilicet.
1360 2717 1435 2780 Trin.

284 2812 335 2887 ΙΙ,
359 2822 396 2890 4,
423 2815 497 2874 178:
528 2815 568 2869 Et
590 2816 726 2887 gratulor
753 2830 836 2872 meae
868 2818 973 2876 sorori.
1024 2813 1081 2879 Si'.
1117 2816 1251 2893 Scilicet,
1286 2815 1326 2879 ad
1360 2834 1388 2895 q.
1419 2814 1437 2877 1.

284 2911 445 2974 Lindem:
471 2908 612 2988 „ironica
635 2909 673 2970 vi.
699 2908 862 2988 Tanquam
886 2909 945 2974 hoc
967 2912 1114 2976 dixisset:
1143 2913 1274 2977 Scilicet
1296 2913 1358 2977 hoc
1377 2930 1438 2976 mo

283 3025 360 3072 nere
384 3025 464 3087 opus
488 3015 547 3071 est.
593 3003 668 3070 Eoi
685 3003 812 3085 neriielpt
833 3005 884 3086 itti)
908 3007 977 3090 toci
994 3009 1076 3086 molit
1094 3026 1155 3073 uon
1173 3008 1292 3088 Vibii-‘⁶
1315 3010 1437 3075 Terent.

284 3105 382 3169 Andr.
406 3105 435 3184 Ι,
472 3109 507 3184 2,
538 3112 593 3169 14;
628 3108 660 3165 ld
688 3111 817 3182 populus
847 3118 932 3168 curat
960 3112 1084 3186 scilicet,
1118 3109 1158 3172 ad
1187 3128 1217 3188 q.
1249 3108 1269 3171 i.
1302 3108 1438 3172 Ruina:

282 3203 470 3283 „Sententia
494 3208 557 3281 est,
581 3219 643 3267 non
666 3204 761 3267 credo
785 3223 944 3270 rumorem
968 3224 1038 3269 esse
1061 3207 1093 3270 iu
1117 3206 1252 3288 populo,
1276 3224 1336 3270 cur
1359 3207 1435 3270 enim

281 3301 420 3384 populus
443 3307 534 3366 curet
555 3299 612 3364 filii
636 3302 682 3364 tui
706 3303 869 3365 amorem?
899 3304 1019 3364 Scilicet
1047 3313 1080 3367 et
1109 3307 1244 3365 videlicet
1274 3303 1436 3385 eleganter

282 3399 461 3464 inserviunt
483 3401 612 3465 ironiae.
659 3399 728 3463 Vid.
751 3398 888 3465 Bentlei.
905 3401 945 3464 ad
969 3401 1103 3481 Adelph.
1128 3402 1166 3480 V,
1191 3405 1224 3480 3,
1250 3408 1270 3466 5
1295 3399 1342 3481 (id
1364 3421 1434 3463 nnuc

281 3500 391 3558 clamat
412 3497 565 3572 scilicet).“
611 3497 694 3561 Eun.
724 3497 769 3574 ΙΙ,
799 3502 835 3575 3,
866 3503 920 3562 55:
952 3503 1081 3562 Comites
1109 3502 1205 3562 secuti
1232 3502 1348 3561 scilicet
1374 3510 1436 3562 sunt

280 3596 447 3670 virginem?
495 3595 558 3673 III,
593 3601 624 3673 1,
655 3601 704 3658 ii.
754 3594 810 3673 IV,
837 3602 873 3674 4,
904 3601 940 3660 9:
968 3617 1026 3659 non
1049 3599 1150 3660 vides?
1193 3596 1259 3660 PY.
1294 3597 1438 3673 Videam?

280 3693 405 3753 obsecro
434 3695 544 3769 quem?
594 3691 661 3756 PH.
694 3697 780 3754 Hunc
811 3695 928 3757 scilicet.
979 3695 1017 3774 V,
1046 3700 1079 3772 8,
1116 3699 1168 3758 10:
1204 3698 1324 3758 Fratris
1353 3700 1439 3774 igitur

279 3789 371 3849 Thais
395 3792 509 3852 totast?
553 3789 618 3855 CH.
649 3791 772 3854 Scilicet.
818 3789 934 3856 Heaut.
964 3793 1009 3872 II,
1041 3800 1076 3867 3,
1108 3799 1165 3856 il:
1197 3795 1267 3856 Eho
1302 3799 1438 3871 sceleste,

278 3905 336 3962 quo
359 3889 438 3947 illam
464 3889 568 3950 ducis?
612 3887 671 3952 SY.
697 3891 761 3964 Quo
784 3893 964 3966 egoillam?
991 3893 1029 3953 ad
1056 3911 1109 3952 uos
1136 3894 1256 3956 scilicet.
1303 3911 1333 3956 v.
1370 3897 1438 3957 117:

278 3982 397 4044 Scilicet
419 3989 580 4048 Facturum
604 4006 649 4048 me
673 4006 748 4049 esse.
795 3986 851 4066 IV,
876 3993 910 4067 8,
937 3994 989 4052 15:
1015 3988 1133 4050 Scilicet
1152 3993 1312 4052 Daturum.
1358 3991 1396 4069 V,
1413 3994 1439 4066 1,

280 4083 334 4144 19:
363 4083 511 4144 Continuo
534 4087 674 4148 iniecisse
702 4089 795 4147 verba
822 4089 877 4148 tibi
901 4090 1081 4149 Dromonem
1111 4089 1236 4149 scilicet.
1255 4093 1333 4153 cett.
1363 4086 1437 4152 Hec-

276 4174 331 4252 IV,
348 4183 378 4257 4,
394 4185 452 4242 47:
473 4183 622 4258 Quidquid
641 4183 815 4262 futurumst,
834 4189 902 4247 hnic
924 4205 1009 4249 soom
1026 4188 1134 4248 reddas
1148 4186 1267 4248 scilicet.
1303 4185 1435 4266 Adelph.

276 4271 315 4352 V,
347 4280 382 4346 3,
411 4280 467 4340 53:
495 4278 614 4341 Scilicet
641 4285 684 4342 ita
712 4291 830 4360 tempus
863 4285 939 4360 fert,
972 4285 1195 4346 Faciundumst.
1224 4318 1269 4329 -
1301 4286 1437 4363 Videlicet

275 4367 379 4437 Plaut.
403 4375 490 4441 Asin.
514 4375 578 4454 ΙΙΙ,
610 4381 644 4458 3,
676 4385 713 4445 9:
744 4382 879 4442 uidelicet
900 4385 1040 4445 Solonem
1063 4383 1161 4458 Leges
1193 4393 1226 4446 ut
1257 4387 1435 4447 conscribat
