3125 5075
286 358 349 420 200
714 345 843 389 VERBUU.
871 342 935 386 ΟΑΡ.
950 343 1011 384 1111.

285 541 353 602 inde
377 540 545 614 exemplum
568 542 716 611 expetent.
761 534 854 616 Epid.
883 533 932 615 11,
955 538 991 614 2,
1015 536 1071 597 28:
1104 533 1199 594 Filios
1227 550 1300 595 suos
1330 536 1439 607 quisque

283 640 394 700 anani.
424 635 521 698 Poen.
546 632 626 714 prol.
650 654 675 695 v.
703 636 782 697 107:
807 635 910 696 Omnis
933 634 1119 706 meretrices,
1143 630 1194 691 ubi
1216 631 1345 704 quisque
1369 633 1441 691 1111

284 740 363 811 tant,
394 736 517 796 iuverit.
562 729 654 812 npid.
677 729 744 802 ΙΙΙ,
769 734 803 801 3,
829 735 884 794 17:
914 733 997 793 Heus
1027 730 1109 792 foras
1137 729 1214 789 cente
1240 729 1302 788 hue
1333 730 1440 804 cuque.

283 830 447 896 Menaech.
471 828 526 908 IV,
544 833 577 909 2,
604 832 678 892 lll:
703 831 829 904 Aperite
852 838 942 906 atque
957 831 1095 891 Erotium
1118 828 1232 901 aliquis
1247 832 1369 888 cnocuoe
1382 835 1441 890 ante

284 917 401 993 ostium.
439 927 558 992 Pseud.
581 925 620 1005 V,
647 931 681 1006 1,
705 929 760 990 37:
785 929 921 1003 Aperite,
945 929 1071 1005 aperite.
1096 927 1180 993 heus,
1204 926 1323 986 Simoni
1347 927 1441 987 sumre

284 1045 330 1089 me
353 1029 420 1102 qais
442 1027 592 1089 renncicte.
637 1022 765 1087 Terent.
790 1024 850 1088 Ad.
873 1021 930 1103 lv,
952 1029 983 1104 4,
1007 1025 1064 1088 26:
1094 1025 1208 1100 aperite
1230 1023 1350 1097 11191111
1371 1032 1443 1085 ectu·

285 1134 347 1187 tum
369 1127 493 1192 ostium,
516 1122 640 1202 dequo
668 1119 740 1186 loco
763 1119 867 1185 nunu.
892 1138 923 1202 p.
948 1124 1020 1190 369,
1043 1120 1150 1187 adnot.
1174 1125 1233 1185 34:
1265 1124 1399 1198 „totum
1417 1119 1444 1183 11

283 1242 335 1285 aes
369 1224 481 1298 operite
512 1219 711 1294 continetur,
745 1225 855 1300 partes
884 1218 915 1282 in
950 1221 1059 1296 olinae
1088 1217 1337 1300 intelliguntur,
1368 1235 1398 1299 q.
1419 1216 1443 1280 d.

284 1323 392 1397 aliquis
416 1327 464 1396 tu,
487 1329 520 1381 tu
543 1323 589 1379 rel
613 1329 663 1394 tu,
687 1319 856 1394 quicunque
878 1318 959 1379 intus
982 1336 1025 1393 es,
1048 1320 1133 1394 aperi
1155 1313 1302 1379 ortium.“
1348 1314 1444 1380 Plaut.

284 1416 381 1481 Poen.
397 1413 458 1494 ΙΙΙ,
476 1422 504 1486 3,
520 1419 557 1479 5:
581 1417 641 1478 Sed
664 1416 735 1494 quid
759 1416 808 1476 hic
831 1421 947 1475 tentam
969 1415 1309 1476 hominnms'ncednnt?
1333 1415 1443 1491 ecquid·

283 1534 352 1577 uam
375 1513 538 1577 adferunt?
584 1511 682 1578 Stich.
710 1510 760 1592 ΙΙ,
785 1517 821 1590 2,
845 1516 902 1577 46:
930 1515 1017 1576 Alius
1045 1515 1136 1574 alium
1159 1518 1395 1590 percontemur,
1420 1530 1443 1572 v.

284 1609 430 1676 Curtium
451 1611 492 1674 ad
515 1609 590 1674 Sall.
613 1609 684 1692 Iug.
712 1616 765 1689 12,
791 1614 826 1690 2,
857 1607 1023 1675 laudatum
1046 1627 1066 1673 a
1088 1607 1193 1674 Rudd.
1217 1607 1239 1672 l.
1264 1626 1294 1674 c
1324 1606 1443 1674 Terent

284 1708 383 1773 Andr.
407 1706 464 1788 IV,
487 1714 523 1787 4,
545 1712 578 1772 6:
612 1711 688 1784 Quid
716 1710 854 1774 torbaest
883 1711 960 1787 apud
989 1707 1107 1771 lorum?
1136 1709 1209 1784 qaid
1231 1710 1280 1770 illi
1296 1710 1445 1770 minan

284 1808 428 1883 litigant?

370 1906 403 1966 4.
448 1900 482 1967 Si
505 1902 683 1968 subiectum
708 1907 759 1969 est
780 1919 956 1983 pronomen
986 1902 1019 1966 in
1040 1899 1158 1983 plurali
1180 1901 1337 1984 positum,
1360 1921 1444 1984 prae-

286 2000 429 2067 dicatum
451 1999 632 2081 singularis
655 2000 790 2066 verbum
812 2001 845 2066 iu
867 1999 984 2081 plurali
1007 1997 1145 2080 ponitur.
1191 1997 1245 2065 Sic
1261 1999 1362 2066 Ennii
1377 1999 1442 2081 npt-

286 2100 437 2166 chermua
459 2097 498 2162 11.
523 2103 556 2161 7:
580 2100 682 2161 Haece
704 2107 831 2176 propter
852 2100 991 2175 Iuppiter
1011 2102 1084 2160 snat
1109 2101 1168 2161 istc
1190 2117 1268 2176 quae
1295 2102 1365 2164 dico
1386 2101 1442 2162 tibi

285 2197 413 2264 Terent.
437 2194 573 2278 Adelph.
596 2194 622 2270 1,
647 2200 676 2267 2,
700 2199 755 2260 61:
785 2198 848 2259 Nec
868 2198 915 2257 nil
935 2207 1030 2271 neque
1051 2199 1151 2258 omnic
1173 2198 1246 2258 nuce
1275 2205 1352 2262 aunt
1377 2218 1443 2278 quae

283 2299 366 2360 nteit.
412 2293 477 2361 Sed
500 2293 527 2359 11
550 2292 728 2360 subiectum
752 2300 803 2360 est
830 2293 1084 2375 substantivum,
1113 2295 1266 2361 attractio
1293 2297 1443 2376 quaedam

283 2391 333 2476 fit,
361 2411 426 2476 qua
455 2391 589 2457 verbum
611 2390 705 2470 item,
735 2398 773 2456 ut
793 2392 1030 2473 praedicatum,
1061 2392 1093 2457 iu
1120 2391 1278 2476 singulari
1311 2393 1443 2476 ponitur.

284 2491 337 2561 Sic
359 2491 487 2558 Terent.
511 2489 609 2555 Andr.
633 2487 693 2571 ΙΙΙ,
710 2494 740 2569 3,
757 2494 815 2557 23:
839 2493 1009 2554 Amantium
1032 2493 1099 2555 irae
1120 2493 1230 2554 amoris
1252 2493 1443 2570 1111911111.

282 2588 419 2671 Adelph.
458 2589 538 2672 prol.
584 2607 613 2654 v.
656 2592 698 2653 6:
749 2590 1056 2667 Synapothnescontes
1099 2592 1216 2667 Diphili
1261 2594 1441 2654 romonem.

282 2688 372 2756 Idem
392 2706 473 2759 ,usus
497 2694 548 2752 est
573 2686 659 2767 opud
683 2686 843 2766 Graecos,
872 2687 944 2752 vide
967 2688 1085 2753 Bemh.
1109 2692 1189 2769 synt.
1216 2704 1246 2769 p.
1271 2693 1337 2754 421
1362 2688 1442 2755 addi-

282 2792 470 2852 lamentum.

370 2889 398 2947 5.
445 2886 712 2947 resonaverat.
754 2882 924 2949 Transitus
946 2879 983 2948 fit
1005 2902 1025 2950 a
1047 2883 1145 2949 tertia
1160 2902 1304 2965 persone
1327 2884 1369 2950 ud
1387 2884 1441 2967 pn'·

282 2998 366 3047 mam
391 2981 423 3045 iu
446 2980 541 3044 Ennii
564 2981 664 3063 epigr.
690 2990 721 3047 l:

450 3083 587 3156 Aspicite
610 3100 627 3143 o
651 3083 741 3155 cives,
765 3083 846 3143 senis
868 3083 948 3142 Enni
971 3084 1108 3159 imaginis
1130 3083 1274 3144 formam!

454 3182 511 3240 Hic
534 3187 665 3243 rostrum
691 3180 805 3257 punxit
826 3182 954 3241 maxima
975 3179 1058 3241 lacta
1079 3190 1206 3257 patrum.

451 3278 545 3340 Nemo
567 3296 614 3340 me
638 3279 779 3339 lacrumis
803 3278 927 3339 decoret
949 3296 1005 3339 nec
1028 3278 1135 3340 lunera
1156 3278 1229 3340 lletu

451 3378 549 3437 Faxit.
577 3376 654 3438 cur?
676 3376 765 3437 colito
790 3378 872 3438 virus
895 3394 951 3453 per
973 3394 1028 3437 ora
1050 3378 1154 3438 1111111.

281 3472 310 3537 A
333 3472 474 3538 secunda
494 3476 603 3539 autem
625 3471 667 3537 sd
688 3470 817 3537 tertiam
832 3489 1000 3553 personam
1017 3474 1173 3537 transitur
1193 3472 1234 3537 iis
1256 3472 1340 3539 locis
1355 3473 1439 3540 Plau-

280 3568 367 3647 tinis,
390 3587 471 3651 quos
487 3568 649 3651 Bergkius
671 3566 766 3635 alisrt
787 3569 819 3633 iu
841 3567 954 3634 Philol.
981 3574 1072 3646 1861,
1096 3568 1121 3649 Ι,
1145 3588 1176 3652 p.
1200 3574 1252 3650 52,
1275 3570 1394 3638 Baocln
1414 3589 1438 3633 r.

279 3684 309 3732 v.
335 3672 395 3732 120
415 3684 482 3748 sqq.
507 3668 680 3733 Trinumm.
704 3686 733 3731 v.
749 3671 829 3732 414:
859 3670 926 3729 Nou
950 3670 1005 3731 tibi
1027 3672 1096 3731 illut
1111 3672 1270 3749 adparere,
1294 3675 1323 3733 si
1340 3691 1438 3745 111111,

282 3773 399 3844 potest,
427 3769 494 3828 Nisi
523 3775 555 3828 tu
584 3769 743 3829 inmortale
768 3783 835 3826 rere
864 3785 930 3828 esse
960 3777 1116 3843 argentum
1139 3769 1201 3831 tibi
1249 3769 1326 3833 Sero
1357 3780 1437 3847 11111

280 3866 384 3940 stulte,
406 3866 491 3942 prius
514 3866 593 3941 quod
617 3871 736 3927 cautum
758 3867 908 3943 oportuit,
935 3867 1096 3942 Postquam
1118 3864 1241 3926 mnu
1263 3884 1348 3945 rem,
1376 3876 1437 3946 post

279 3964 426 4025 rationem
444 3968 543 4037 paror.

368 4056 477 4123 Prima
496 4075 634 4139 persone
655 4076 713 4140 per
733 4056 967 4141 appositionem
989 4077 1060 4125 cum
1083 4060 1208 4124 nomine
1223 4060 1359 4141 proprio
1373 4078 1434 4143 per·

284 4172 383 4221 sonae
407 4156 576 4222 coniuncta
598 4160 648 4222 est
662 4155 729 4221 Mil.
745 4155 806 4235 111,
824 4162 853 4236 2,
871 4161 903 4222 e:
927 4160 968 4220 Te
983 4158 1053 4219 coco
1064 4159 1241 4227 Polaarra'o,
1257 4175 1284 4219 v.
1300 4156 1433 4223 Lindum.

279 4252 418 4321 Gronov.
450 4255 528 4320 citat
557 4253 680 4318 Livium
719 4262 750 4317 et
779 4254 981 4320 Suetonium:
1010 4254 1119 4319 Tantis
1150 4255 1248 4320 rebus
1278 4251 1430 4337 gestire.

277 4346 400 4416 caesar
421 4352 651 4417 condemnatus
674 4369 785 4419 essem.
844 4382 849 4395 .
