3125 5075
575 388 614 428 DE
629 389 765 430 NUHBRIS.
779 410 805 420 -
818 390 968 431 enuaauta.

371 578 416 638 Ne
438 582 538 654 palma
560 582 648 643 detur
669 581 829 656 matonam
851 580 961 643 artifici
982 583 1100 661 iniuria,

366 675 448 737 Neve
471 679 639 741 ambitionis
661 696 753 741 eausa
774 679 976 741 colmannum
998 679 1088 743 toras.

196 767 243 849 Π,
266 785 294 833 r.
320 776 360 836 37
377 788 439 850 sm:
462 792 633 851 qumquem
655 778 736 839 riano
759 777 956 855 offenderant,
978 779 1050 839 'lam
1065 779 1161 840 erebra'
1184 779 1221 840 ad
1244 761 1357 843 terram

198 869 374 930 «recidebant
403 890 490 949 quam
520 875 596 950 pira.
639 871 728 939 Pers·
752 871 784 952 I,
807 877 842 952 2,
866 878 965 953 3qu
996 875 1254 954 Nonnumquam
1276 879 1356 952 qaia·

195 983 290 1041 prtum
318 986 449 1032 meorum
477 974 619 1034 maiorum
650 972 721 1041 init,
752 973 830 1047 Quin
860 973 1054 1049 parasitando
1079 974 1220 1050 poterint
1241 978 1356 1037 ventris

197 1083 280 1127 auos.
324 1064 451 1132 Terent.
475 1068 573 1133 Andr·
588 1066 652 1158 lv,
678 1076 705 1144 l,
731 1074 848 1151 laum:

414 1167 529 1229 Hocine
553 1168 697 1229 credibile
721 1175 772 1229 ant
794 1169 996 1245 memorabile,

413 1265 510 1325 Tanta
532 1266 672 1327 vecordia
695 1268 798 1328 innata
821 1267 980 1341 pamipuom
1002 1274 1034 1328 ut
1057 1268 1123 1344 siet,

414 1365 454 1425 Ut
479 1363 564 1425 maiia
585 1365 737 1440 pendeant
758 1373 847 1441 atque
870 1382 907 1426 ex
929 1366 1123 1427 incommodis

415 1462 549 1523 Alterius
572 1480 627 1524 aua
648 1470 680 1522 ut
703 1467 875 1537 comparent
894 1463 1069 1524 commoda?

196 1552 237 1620 el.
262 1553 386 1619 Ruhuk.
415 1555 456 1620 ad
478 1557 509 1621 h.
532 1557 553 1622 l.
582 1565 617 1623 et
638 1555 732 1623 Hera.
764 1558 805 1622 ad
828 1558 920 1624 Gaea.
946 1575 977 1638 p.
1001 1564 1073 1623 441.
1104 1594 1146 1605 —
1173 1556 1252 1624 (lato
1276 1565 1356 1625 orat

196 1669 260 1735 pro
286 1651 401 1718 tahon:
438 1656 539 1730 sepau
568 1659 711 1721 advorsus
746 1676 809 1719 rem
837 1677 919 1721 auam
950 1657 1021 1734 qnid
1056 1657 1123 1720 fieri
1158 1657 1358 1738 arbitrantur,

197 1769 314 1815 aumma
341 1755 369 1814 vl
394 1762 500 1816 contra
522 1758 637 1817 nititur.
683 1752 763 1819 Cato
786 1753 888 1820 oratio
910 1772 969 1837 pro
991 1754 1028 1819 L.
1043 1753 1141 1819 Turio
1165 1759 1276 1819 eontra
1299 1752 1356 1820 Cu.

197 1846 338 1916 Gellium
361 1868 412 1932 ap.
437 1850 518 1916 Geli.
541 1850 626 1930 XIV,
659 1856 694 1915 2:
725 1857 818 1927 sipoto
845 1856 915 1931 qnid
943 1855 1019 1917 aler
1039 1856 1078 1914 ab
1100 1856 1193 1914 almo
1209 1858 1355 1931 peterem,

197 1945 299 2028 adq.
329 1947 350 2012 l.
380 1947 522 2013 Bolbnis·
553 1968 584 2031 p.
617 1952 695 2013 108:
731 1949 907 2022 „Notauda
941 1955 991 2015 est
1025 1949 1105 2015 baec
1133 1948 1268 2030 locutio,
1302 1949 1357 2017 ubi

194 2051 332 2123 peterem
352 2045 468 2126 plurali
492 2064 622 2113 numero
636 2047 767 2127 ponitur
782 2053 815 2112 et
830 2047 871 2132 ad
885 2051 1013 2110 maeres
1027 2044 1178 2119 refertur,
1201 2051 1235 2111 et
1249 2051 1357 2113 tamen

198 2141 340 2222 additur,
363 2146 390 2205 ai
412 2147 573 2221 quiequid
594 2149 669 2207 alter
692 2148 729 2206 ab
752 2147 874 2209 altero.“
918 2143 1022 2209 Plaut.
1045 2142 1160 2209 Pseud.
1183 2144 1222 2222 V,
1248 2149 1276 2225 l,
1304 2148 1357 2210 15:

196 2242 289 2304 Alter
310 2245 362 2304 ubi
382 2245 509 2304 alterum
532 2246 657 2320 bilingui
679 2245 846 2306 manufesto
869 2248 950 2305 inter
973 2261 1005 2305 ae
1028 2244 1247 2320 praebendum.
1278 2239 1357 2307 Galo

197 2337 237 2403 R
261 2339 297 2404 R
320 2358 347 2405 e.
371 2344 427 2405 7οι
451 2345 568 2419 Boaqne
590 2347 683 2418 ipsus,
708 2351 739 2403 et
761 2345 811 2420 qui
834 2343 930 2417 dabit,
953 2340 1045 2418 facito
1067 2347 1244 2416 utererque
1266 2343 1359 2403 anbli-

197 2439 290 2500 mtter
310 2443 395 2501 ment.
427 2437 529 2503 Plaut.
548 2437 658 2519 Amph.
679 2436 705 2508 1.
723 2443 751 2517 l,
773 2443 831 2502 68:
853 2443 975 2513 uterque
995 2439 1159 2513 imperator
1182 2442 1211 2500 in
1228 2440 1358 2502 medinm

197 2541 315 2600 camuel.
361 2533 453 2616 epid.
476 2533 524 2618 ll,
557 2542 593 2618 2,
617 2542 657 2603 73
673 2553 737 2616 stp:
767 2536 909 2600 Dederim
941 2539 1023 2601 vobia
1062 2540 1217 2599 oonailinm
1247 2549 1358 2606 catum,

199 2636 287 2711 Quod
310 2636 445 2710 mdetia,
469 2645 502 2697 ut
523 2655 578 2713 ego
601 2638 717 2714 opinor,
739 2641 872 2711 uterum.
916 2634 955 2710 V,
979 2639 1008 2707 2,
1032 2636 1088 2698 54:
1113 2637 1246 2710 Quamne
1268 2634 1357 2698 bodie

196 2734 257 2811 'per
278 2735 382 2796 urbem
404 2740 527 2809 alapae
546 2752 649 2797 memus
663 2735 772 2807 defessi
793 2733 1007 2810 quaererel¹²l
1039 2730 1154 2797 Bacch.
1168 2749 1197 2797 v,
1214 2735 1276 2797 754
1292 2748 1359 2812 etp:

197 2834 259 2897 iam
286 2832 378 2895 laoite
408 2835 439 2893 iu
465 2835 587 2895 biclinio
615 2834 688 2894 (lum
715 2835 811 2894 amioa
838 2849 892 2893 aaa
919 2836 1042 2905 uterque
1071 2832 1241 2894 ndonbilum
1272 2832 1357 2892 entia.

196 2926 365 2995 Menaech.
388 2929 426 3010 V,
451 2934 480 3007 9,
503 2932 558 2995 46:
581 2938 629 2992 aet
650 2948 728 2990 nuno
750 2931 830 3003 apite
857 2934 979 3004 aterum
1000 2929 1047 3007 id,
1070 2930 1148 3005 quod
1170 2928 1291 3007 rogabo,
1314 2929 1359 2990 di-

198 3028 265 3090 ete.
295 3025 424 3096 Tenent.
441 3029 523 3093 Eun.
547 3026 585 3106 V,
602 3031 632 3107 2,
653 3033 665 3090 l
687 3043 748 3106 aq.:
771 3029 859 3102 Apud
882 3026 1084 3102 Antiphonem
1107 3030 1238 3104 uterque,
1262 3035 1360 3088 mater

198 3134 233 3187 m
261 3135 363 3202 pater,
393 3127 484 3201 Quasi
511 3127 612 3187 dedita
645 3142 737 3201 opera
771 3126 849 3186 domi
881 3128 975 3185 mant.
1022 3121 1155 3204 Adelph.
1184 3121 1215 3201 I,
1239 3128 1276 3203 2,
1301 3127 1356 3187 50:

200 3222 347 3286 normas
369 3242 491 3303 aequam
513 3228 636 3298 uterq-ue
656 3232 792 3301 partem:
820 3229 851 3282 tu
874 3223 1017 3296 alterum,
1042 3222 1108 3299 Epo
1129 3223 1201 3282 item
1221 3223 1359 3297 alterum,

197 3320 270 3386 'ae
292 3338 352 3386 uos
376 3328 511 3403 uterque
533 3326 669 3402 partem,
693 3326 729 3383 tu
752 3316 907 3399 alterum,
930 3333 991 3399 ego
1012 3317 1090 3383 item
1112 3315 1264 3399 alterum,
1287 3317 1307 3380 i.
1331 3334 1359 3382 e.

199 3435 259 3483 noe
276 3423 424 3501 uterque,
447 3435 507 3501 ego
529 3435 643 3495 meam,
666 3422 702 3482 tu
717 3422 805 3481 tuam
822 3420 946 3496 perlem
962 3431 1112 3481 ouremua
1136 3414 1358 3496 (sicRuddim.

199 3518 232 3597 V·
257 3514 342 3598 388).
377 3514 482 3582 Plana
504 3514 589 3582 Men
611 3515 651 3596 V,
675 3519 704 3593 2,
721 3519 777 3580 29;
801 3517 950 3591 Loquere,
972 3518 1039 3576 uter
1058 3514 1208 3575 mmtialia
1230 3518 1359 3594 culpam,

198 3616 314 3693 paneis.
359 3618 390 3694 9,
412 3618 469 3679 6οε
493 3619 568 3680 Uter
588 3617 689 3692 matu,
712 3610 776 3675 tan'
799 3632 836 3674 an
860 3614 921 3689 ille,
944 3610 1063 3675 maior?
1108 3616 1143 3690 2,
1167 3614 1222 3676 35:
1244 3612 1287 3674 llt
1309 3631 1360 3674 oa·

199 3730 304 3790 nerea,
330 3718 434 3776 neuter
460 3716 498 3777 ad
526 3732 572 3776 me
594 3714 679 3775 iretis
713 3731 780 3775 oum
813 3712 1007 3788 querimonia.
1053 3708 1360 3792 umpu.1,1‚te:

199 3810 307 3889 linque
328 3816 462 3875 omtmm
483 3813 640 3889 pompelum
661 3812 815 3885 aeneimua,
837 3827 923 3886 quom
946 3810 1079 3887 peperit,
1104 3827 1198 3886 neque
1221 3808 1362 3885 providi·

198 3924 275 3973 Μ.
305 3926 335 3973 v.
352 3914 410 3974 47:
432 3910 538 3987 Neque
553 3917 720 3986 gementem
743 3926 840 3985 neque
859 3910 1026 3983 plorantem
1049 3911 1183 3968 nostram
1204 3908 1363 3982 pompm

201 4008 381 4073 audivimas.
409 4005 498 4087 Capt.
521 4005 583 4087 ΙΙΙ,
599 4010 628 4087 2,
645 4011 678 4071 3:
703 4007 752 4069 ubi
775 4006 898 4081 palaque
923 4005 1023 4065 uideat
1045 4003 1105 4082 [mo
1128 4002 1245 4081 bodle],
1274 4006 1363 4067 Eunt

200 4106 317 4169 nbilam
346 4108 599 4184 promloutarque
626 4124 691 4167 eam
719 4122 793 4166 rem.
838 4098 932 4167 bloet.
965 4098 995 4179 I,
1018 4104 1052 4178 2,
1076 4104 1131 4165 2οε
1161 4104 1219 4164 aibi
1239 4103 1362 4178 putaque

277 4335 311 4401 ¹²)
330 4333 377 4389 81⁰
394 4336 467 4405 Anu·
490 4332 570 4401 Vuis·
595 4347 704 4400 uum·
730 4329 844 4391 Quamne
868 4325 992 4384 reatituit
1010 4324 1146 4395 Weiaiua,
1171 4323 1245 4397 quod
1263 4324 1364 4397 probat

202 4415 376 4486 emmeno·
394 4416 528 4472 zaroem.
547 4414 566 4470 t.
585 4414 640 4469 ao.
661 4415 744 4483 1⁸41,
763 4430 791 4483 p.
812 4413 889 4467 mar.
