3125 5075
516 388 554 426 DE
569 389 740 428 lurlmlrlvd
755 410 780 420 -
795 390 891 430 SUBST.
907 391 1051 432 vultuata.
1317 406 1357 467 25

201 574 374 670 utriusque
406 573 529 641 formae
561 581 709 643 naturam
742 578 776 643 in
809 597 844 644 se
876 581 1116 662 complectatur,
1151 583 1208 649 ssd
1236 585 1277 650 ab
1305 585 1359 651 illo

199 653 411 754 prodessem
437 673 478 738 ad
507 673 567 740 hoc
594 681 661 741 tom
688 694 788 757 prope
816 677 958 757 accedat
984 684 1021 744 ut
1049 678 1198 746 facillime
1220 683 1360 749 tmusire

200 771 234 836 iu
255 769 329 836 eius
352 776 385 834 et
406 770 470 835 vim
492 779 525 837 et
546 771 680 838 formam
703 773 815 855 possit
792 773 948 841 tllaec
971 774 1126 842 hacteuus
1146 776 1186 843 de
1201 781 1363 846 sententia

201 867 415 934 flumboldtii.
461 868 561 935 Paulo
590 871 685 936 aliam
715 878 823 936 tamen
851 873 891 937 de
920 871 1066 939 infinitivi
1094 880 1210 940 natura
1232 883 1361 942 senteu-

200 966 282 1032 tiam
317 967 487 1047 proposuit
520 968 604 1033 idem
634 969 864 1035 llumboldtius
897 971 930 1035 iu
964 971 1100 1052 epistola
1132 973 1253 1053 scripta
1279 993 1361 1041 anuo

202 1069 300 1143 1826,
336 1082 418 1146 quae
452 1064 582 1148 vulgata
615 1074 666 1132 est
695 1068 728 1131 in
756 1066 920 1133 Autrechti
950 1073 983 1132 et
1011 1069 1131 1135 Kuhuii
1159 1070 1311 1136 Zeitschr.
1341 1071 1362 1137 t.

199 1162 306 1243 vergi.
322 1161 620 1246 Sprachtorschung
634 1166 675 1244 ll,
691 1172 721 1243 4,
744 1184 817 1230 cum
839 1184 904 1245 qua
925 1166 1033 1231 confer
1055 1185 1138 1247 quae
1154 1168 1364 1236 Steinthalius

200 1262 355 1344 exposuit
376 1262 409 1325 in
431 1264 667 1343 „grammatica
690 1263 803 1344 logica,
824 1264 1032 1345 psychologia
1053 1282 1227 1344 eorumque
1248 1269 1364 1347 princi·

203 1361 288 1441 piis“
323 1379 354 1440 p.
394 1364 572 1427 368-373.
623 1362 727 1426 Docet
760 1361 811 1426 hic
843 1360 1033 1450 infinitivum
1066 1363 1099 1426 in
1132 1381 1167 1427 se
1200 1365 1365 1430 continere

207 1458 334 1539 plenam
358 1460 421 1522 vim
444 1458 604 1524 verbalem
626 1477 663 1524 sc
685 1478 726 1524 ue
749 1476 958 1540 personarum
982 1460 1109 1539 quidam
1133 1459 1365 1541 significatione

210 1558 400 1624 destitutum
434 1576 516 1637 esse,
549 1576 630 1637 quae
665 1557 766 1621 larem
798 1557 830 1621 iu
852 1562 904 1640 {eo
937 1557 1031 1622 modo
1058 1556 1190 1638 intinitu,
1224 1561 1363 1641 denique

207 1656 326 1724 habere
350 1676 422 1722 sum
445 1657 508 1720 vim
531 1674 594 1720 non
624 1656 751 1736 quidem
775 1658 1014 1721 enunciatorum
1035 1655 1285 1738 formandorum,
1309 1656 1366 1724 sed

207 1763 317 1820 tamen
345 1755 603 1834 praedicativam.
648 1754 737 1818 luter
759 1753 957 1818 Graecorum
986 1762 1094 1818 autem
1123 1761 1155 1818 et
1179 1755 1366 1821 Latinorum

203 1853 397 1920 infinitivum
419 1852 479 1917 hoc
502 1860 552 1917 est
574 1851 775 1929 discriminis,
805 1853 890 1930 quod
917 1851 1002 1930 apud
1026 1851 1168 1917 Graecos
1192 1853 1245 1918 int.
1269 1872 1367 1934 saepe

205 1953 446 2018 substantivum
484 1951 613 2015 verbale
651 1968 722 2014 esse
760 1955 880 2030 potest.
919 1949 1003 2029 apud
1037 1950 1168 2016 Latinos
1206 1953 1368 2017 rarissime

203 2058 345 2130 tontum,
379 2048 464 2128 apud
485 2067 566 2129 quus
600 2049 631 2110 ιιι
666 2046 794 2111 casibus
828 2047 964 2126 obliquis
998 2048 1127 2128 quidem
1161 2049 1230 2116 eius
1263 2049 1369 2115 locum

206 2159 323 2215 tenent
345 2147 533 2229 gerundium
556 2155 590 2211 et
612 2146 769 2225 supinum.

299 2252 326 2309 l.
370 2248 544 2320 Infinitious
570 2247 632 2305 uice
662 2246 801 2319 tenuitur
827 2245 1005 2305 substantivi
1032 2246 1170 2307 verbulis.
1220 2244 1301 2310 Cato
1330 2264 1369 2310 ex

207 2346 262 2411 lib.
287 2345 320 2410 11
345 2347 444 2425 origg.
472 2361 524 2422 ep.
542 2340 664 2424 Choria.
689 2342 740 2407 lib.
764 2341 807 2419 ll,
831 2361 861 2421 p.
890 2346 961 2405 181:
1005 2344 1152 2421 Pleraque
1176 2345 1275 2406 Gallis
1296 2346 1370 2405 duaa

207 2467 258 2508 res
285 2446 552 2507 industriosissime
582 2444 787 2517 persequitur,
815 2460 878 2506 rem
903 2442 1062 2522 militium
1088 2450 1121 2501 et
1148 2447 1254 2515 arquos
1281 2444 1370 2515 toqui.

209 2547 319 2612 Plaut.
347 2541 462 2606 Bacch.
485 2540 512 2618 1,
536 2546 565 2620 2,
590 2545 644 2603 50:
675 2544 723 2601 hic
746 2543 843 2600 uereri
865 2542 1007 2616 peruidit,
1035 2536 1064 2601 h.
1087 2556 1113 2602 e.
1136 2539 1369 2604 verecundiam.

210 2645 309 2708 Poen.
333 2640 393 2718 111,
417 2645 446 2710 3
469 2644 527 2704 98;
579 2643 618 2701 Ut
651 2649 714 2699 tute
749 2643 901 2715 inspectes
934 2657 1038 2698 aurum
1070 2641 1172 2699 lenoni
1204 2640 1277 2711 dqrc
1311 2637 1371 2712 (sic

209 2741 341 2823 Atipg),
363 2739 417 2804 ubi
440 2745 545 2803 ιιιιιθιι
569 2742 647 2816 puto
614 2736 870 2801 toscribemlum
895 2755 967 2800 esse
990 2738 1066 2798 dari
1111 2733 1204 2800 (lure.
1225 2734 1250 2810 Ι
1271 2742 1297 2814 1,
1315 2740 1370 2799 28:

211 2846 258 2905 lta
292 2847 376 2902 ocum
409 2838 544 2901 conferto
578 2854 680 2896 oritorc
714 2854 841 2911 semper,
875 2839 899 2896 si
930 2838 1024 2909 sapis,
1052 2834 1093 2897 ad
1122 2852 1151 2915 q.
1174 2832 1196 2896 l.
1220 2832 1371 2898 Taubma

232 2967 275 2974 -
222 2946 373 3020 ,-tuas
395 2934 579 3000 amatioues.
625 2931 676 2997 Sic
700 2931 815 2996 Graeci
839 2921 875 2993 ιό
897 2931 966 3010 ἐρᾶν
992 2949 1050 3008 pro
1073 2930 1169 3012 ipwc‘
1170 2930 1321 2995 ‘.Puen
1344 2929 1371 3010 Ι,

212 3041 345 3117 2,100;
376 3040 416 3096 At
438 3054 493 3110 ego
515 3052 583 3094 amo
606 3035 691 3092 hanc.
738 3029 798 3094 Ml.
843 3037 885 3092 At
907 3049 961 3107 ego
983 3049 1043 3092 esse
1066 3038 1096 3090 et
1119 3032 1224 3093 Moero
1269 3028 1372 3094 Rudd.

213 3155 242 3218 p.
266 3140 350 3201 229:
379 3150 474 3212 ,‚pro:
498 3130 697 3194 esitationem
722 3138 755 3192 et
776 3128 992 3192 bibitionem‘
1040 3128 1193 3191 Fortasse
1215 3126 1277 3190 huc
1300 3145 1373 3206 per·

213 3238 297 3299 tinet
318 3232 416 3297 etiam
437 3228 531 3294 Cure.
555 3226 579 3295 l,
604 3235 632 3305 3,
656 3232 709 3290 21:
739 3238 833 3288 totum
857 3230 992 3287 insanum
1015 3243 1116 3286 amaro
1140 3227 1197 3286 hoc
1219 3235 1266 3286 est
1293 3226 1374 3300 quod

214 3355 298 3399 meus
320 3352 391 3394 erus
413 3331 496 3405 iacit.
542 3326 671 3390 Terent.
696 3325 795 3389 Andr.
818 3324 873 3400 ll',
901 3329 996 3402 1,52:
1021 3326 1074 3383 hoc
1095 3326 1150 3384 tibi
1172 3341 1227 3397 pro
1250 3325 1373 3384 seruitio

215 3438 319 3509 debeo,
345 3431 456 3492 Conari
477 3414 611 3507 maribus
634 3426 759 3500 pedibus
780 3427 935 3500 noctisque
951 3434 982 3484 at
999 3424 1072 3496 dios,
1097 3422 1212 3496 Capitis
1227 3422 1374 3495 periclum

216 3534 311 3593 odire.

300 3632 331 3692 2.
379 3625 508 3687 &dicct
529 3619 758 3686 enunciatiouis
789 3619 891 3685 locum
915 3623 1004 3682 tenet
1027 3615 1201 3682 infinitivus
1223 3620 1281 3680 aut
1302 3618 1377 3695 post

216 3729 322 3803 rerba,
358 3741 440 3803 quae
473 3721 622 3787 dicuutur
656 3718 890 3798 impersonalis,
923 3727 980 3780 aut
1016 3717 1043 3780 si
1074 3714 1293 3794 praedicatum
1325 3719 1378 3778 est

218 3826 410 3892 eductivum
434 3821 485 3885 vel
506 3819 740 3885 substantivum
764 3835 836 3882 eum
859 3823 901 3878 est
923 3815 1136 3880 coniunctum.
1182 3808 1261 3877 Catu
1284 3812 1321 3875 R.
1337 3811 1375 3876 B.

216 3923 331 4007 praei..
377 3925 457 3999 „Est
485 3921 633 3980 interdum
660 3915 818 3992 prosatore
847 3920 1025 3977 mercaturis
1055 3931 1119 3974 rem
1147 3929 1302 3990 quaerere,
1334 3934 1379 3963 =

216 4026 375 4106 praestat,
397 4018 579 4083 melius
545 4021 602 4082 est.
659 4016 756 4080 Gron
793 4014 860 4078 obs.
896 4012 950 4092 lv,
985 4030 1016 4092 p.
1053 4015 1123 4075 118.
1175 4007 1305 4073 Curtius
1337 4005 1379 4070 ad

217 4123 348 4191 Sallust.
372 4116 442 4196 lug
468 4121 538 4191 110,
563 4121 592 4194 3,
624 4118 657 4177 eo
689 4111 802 4175 tommt
831 4128 897 4185 ιιι,
927 4107 985 4184 ιιι
1009 4112 1042 4172 ed
1065 4106 1210 4191 qumrileu
1233 4102 1380 4185 ιιιιιιιὶιι

218 4221 318 4302 quitor
348 4215 392 4294 ip
437 4212 518 4279 Coto
547 4213 583 4278 12.
609 4214 645 4276 R
675 4231 701 4277 c.
726 4218 784 4275 61·
831 4213 908 4285 Quid
944 4214 987 4271 cst
1018 4226 1121 4286 agrum
1156 4209 1231 4267 boue
1264 4206 1379 4267 colare?

219 4325 294 4384 boue
324 4337 427 4383 orare.
477 4317 554 4390 Quid
584 4313 767 4377 secuudum?
811 4312 913 4371 Arare
937 4356 943 4368 .
970 4311 1075 4381 lertio,
1106 4306 1292 4382 stercorare,
1324 4302 1380 4368 ubi

222 4424 322 4483 colere
354 4414 502 4492 subiecti,
536 4412 636 4478 ceteri
668 4407 816 4474 infinitivi
850 4404 1025 4489 praedicati
1058 4403 1129 4468 loco
1165 4402 1261 4482 positi
1294 4407 1380 4466 suut.
