3125 5075
1201 405 1748 456 Bataviboqussu1·ta.-
2447 413 2571 472 213

268 588 338 656 C.
389 595 462 656 9:
506 594 735 656 Salicta
789 596 939 656 locis
1005 598 1272 673 aquosis,
1345 597 1667 669 humectis,
1715 596 2045 669 umbrosiS,
2092 601 2340 671 propter
2387 609 2591 658 amnes

267 691 353 752 ibi
403 693 527 752 seri
571 698 831 767 oportet.
921 690 988 755 C.
1045 696 1121 755 10
1167 690 1601 772 compluribus
1653 690 1813 755 locis
1862 691 1928 754 in
1983 689 2584 768 enumerationibuS,

267 786 547 851 maxime
589 786 856 852 offendit
899 789 940 865 ᾗ
984 794 1055 853 4;
1105 794 1391 866 opercula
1435 790 1628 858 doliis,
1673 790 1863 852 emis.
1953 786 2115 852 Item
2163 806 2215 853 c.
2253 792 2347 852 11.
2397 806 2452 853 c.
2497 792 2587 852 12.

270 880 339 947 G.
388 889 499 949 21:
569 889 737 948 Inter
794 904 1004 963 cupam
1069 889 1282 947 dextra
1324 889 1575 948 sinistra
1618 888 1967 962 pertundite
2026 889 2145 947 late
2203 888 2421 961 digitos
2468 890 2592 963 pri-

268 985 495 1044 marios
526 985 627 1046 lv.
713 982 844 1047 Ib.:
892 986 1106 1047 dextra
1149 986 1396 1047 sinistra
1441 985 1733 1044 foramina
1777 986 1877 1045 ubi
1910 983 2145 1045 feceriS.
2208 981 2332 1045 Ib.:
2378 985 2593 1045 dextra

266 1081 523 1142 sinistra
565 1082 860 1144 foramina
904 1087 1182 1161 utrinque
1231 1100 1402 1144 secus
1449 1084 1718 1143 laminas.
1809 1078 1878 1143 C.
1928 1086 2040 1145 51:
2087 1083 2448 1156 Propagatio
2483 1100 2591 1157 po-

267 1196 539 1258 morum,
586 1179 853 1242 auarum
897 1184 1196 1242 arborum.
1288 1179 1356 1244 C.
1408 1184 1520 1244 54:
1570 1182 1620 1240 si
1666 1199 1780 1241 non
1828 1182 2201 1252 laborabunt,
2243 1189 2589 1255 pascantur,

270 1278 461 1338 satius
504 1279 638 1338 erit.
708 1275 777 1341 C.
817 1283 969 1358 137:
1017 1281 1264 1339 Vineam
1311 1280 1632 1340 curandam
1678 1280 1968 1353 partiario
2015 1281 2164 1338 bene
2211 1288 2411 1351 curet3
2458 1278 2589 1337 sun-

270 1374 430 1442 dum,
476 1376 803 1449 arbustum,
850 1395 1053 1452 agrum
1100 1375 1573 1436 frumentarium.
1665 1373 1873 1438 Plaut.
1910 1372 2135 1454 Amph.
2177 1373 2337 1454 prol.
2386 1391 2438 1435 v.
2481 1379 2583 1437 13:

270 1474 438 1532 Haec
485 1480 552 1533 ut
595 1490 687 1533 me
733 1475 911 1534 voltis
943 1474 1293 1548 adprobare,
1335 1474 1613 1535 adnitier.
1677 1469 1861 1550 Capt.
1894 1469 2015 1551 ΙΙΙ,
2049 1475 2107 1550 2,
2140 1478 2209 1534 5;
2255 1475 2349 1532 lta
2382 1471 2590 1549 [nunc]

270 1586 367 1628 me
412 1572 693 1630 miserum
739 1572 1088 1648 restitando,
1147 1572 1450 1633 retinendo
1511 1572 1758 1631 Lassum
1823 1571 2229 1631 reddiderunt.
2322 1567 2453 1633 Mil.
2502 1567 2588 1648 ΙΙ,

269 1668 329 1742 2,
381 1669 491 1729 51:
540 1669 809 1729 Dextera
853 1670 1052 1745 digitis
1108 1672 1399 1730 rationem
1447 1677 1760 1744 conputat:
1815 1667 1960 1730 ferit
2011 1668 2243 1745 femur,
2306 1667 2387 1729 ad
2428 1683 2491 1786 q.
2538 1666 2579 1729 l.

265 1762 395 1826 vid.
443 1762 638 1827 etiam
686 1764 967 1830 Lindem.
1016 1765 1208 1830 Poen.
1257 1764 1331 1843 V,
1379 1771 1436 1843 5,
1485 1773 1520 1829 3
1555 1783 1680 1844 sq.:

440 1863 509 1922 Id
557 1864 734 1923 etiam
783 1883 874 1923 me
923 1867 996 1924 ad
1043 1865 1353 1939 prandium
1403 1865 1477 1924 ad
1524 1884 1587 1924 se
1636 1865 1880 1924 abduxit
1925 1866 2118 1938 ignavi
2126 1883 2374 1931 *Munius

440 1961 579 2036 Ipse
629 1963 774 2021 abiit·
819 1962 1002 2037 foras,
1050 1980 1141 2022 me
1188 1964 1434 2037 reliquit
1478 1981 1587 2037 pro
1635 1964 1882 2023 atriensi
1929 1966 1989 2021 in
2038 1963 2301 2027 aedibus.

263 2074 324 2120 v.
375 2059 441 2120 6:
488 2059 602 2119 Pro
649 2062 874 2120 minore
923 2068 1095 2135 parte
1142 2062 1355 2136 prandi
1403 2061 1615 2135 pignus
1662 2063 1814 2135 cepi,
1862 2061 1979 2119 abii
2030 2063 2206 2120 surae.
2254 2075 2310 2124 ἵν.
2362 2063 2426 2124 Ἠ
2491 2063 2591 2124 Sia
2652 2103 2711 2166 γ

264 2143 518 2216 dedero!
579 2174 720 2217 aere
783 2160 1029 2218 militari
1089 2159 1347 2233 tetigero
1410 2155 1821 2219 lenunculum!
1911 2155 2070 2220 Rucl.
2134 2156 2294 2236 prul.
2354 2176 2414 2220 v.
2479 2160 2591 2220 23:

265 2254 470 2313 Iovem
528 2272 593 2314 se
642 2256 883 2329 placare
945 2273 1124 2331 posse
1191 2256 1362 2315 donis
1417 2256 1644 2317 hostiis.
1735 2255 1988 2318 Douza:
2046 2256 2170 2332 „th
2226 2256 2591 2320 coniunctio

265 2348 382 2412 illa
427 2349 791 2430 copulativa
836 2351 1192 2432 elegantiae
1236 2350 1338 2414 vel
1386 2352 1689 2432 energiae
1738 2370 1931 2417 causa
1961 2370 2098 2416 cum
2138 2352 2234 2416 hic
2270 2364 2398 2416 tum
2434 2352 2587 2420 alibi

264 2446 642 2527 saepissime
699 2450 1155 2525 praetermissa
1217 2448 1376 2513 est.“
1465 2448 1593 2518 111.
1649 2455 1711 2528 1,
1770 2456 1826 2516 9.
1882 2454 1981 2514 10:
2044 2449 2306 2513 Videtur
2359 2452 2434 2511 ad
2492 2469 2584 2510 me

265 2548 441 2609 simia
470 2547 1161 2626 &medinam-Royan.
1226 2547 1393 2612 Trin.
1427 2567 1483 2612 v.
1534 2553 1689 2613 289:
1740 2562 1946 2611 cetera
1976 2569 2139 2625 rape,
2189 2553 2380 2622 trahe,
2428 2550 2585 2628 suge,

262 2647 388 2705 late
436 2642 556 2721 (sic
596 2643 928 2724 Roeperus
974 2643 1190 2725 philol.
1240 2644 1478 2725 XVIII,
1527 2653 1683 2712 sect.
1734 2652 1793 2725 2,
1838 2665 1898 2726 p.
1958 2652 2080 2712 238
2138 2665 2193 2710 a.
2248 2651 2457 2719 1861).
2508 2645 2582 2710 cf.

260 2739 495 2804 Pseud.
552 2744 667 2805 138
700 2758 791 2820 sq·
868 2740 1026 2807 Post
1068 2743 1514 2823 imperativum
1560 2749 1615 2822 i,
1680 2750 1749 2809 et
1789 2745 1851 2808 in
1885 2743 2193 2826 singulari
2225 2753 2292 2808 et.
2333 2745 2414 2808 in·
2445 2744 2587 2825 plu-

262 2836 386 2902 rali
427 2838 706 2918 positum
755 2839 984 2919 copula
1029 2846 1085 2900 et
1129 2841 1474 2918 omittitur,
1523 2843 1704 2907 cuius
1750 2845 1845 2907 rei
1890 2843 2180 2924 exempla
2225 2842 2584 2907 Fleckeise-

263 2953 389 3000 nus
431 2935 498 2999 in
543 2934 750 3000 Iahnii
797 2938 1000 3001 annal.
1059 2943 1237 3011 1851,
1287 2940 1407 3003 vol.
1457 2945 1557 3020 61,
1607 2946 1761 3006 sect.
1813 2948 1864 3019 1,
1912 2960 1969 3021 p.
2007 2946 2083 3005 18
2133 2941 2352 3005 attulit
2398 2940 2585 3008 haec:

263 3030 402 3096 Mil.
456 3002 640 3098 1381.
686 3033 914 3099 Bacch.
966 3041 1110 3100 901.
1167 3041 1350 3100 1059.
1398 3036 1581 3119 capt.
1638 3043 1772 3102 184.
1835 3042 1977 3102 658.
2028 3043 2169 3102 950.
2231 3039 2391 3103 Rud.
2442 3043 2586 3104 567.

264 3121 468 3194 Stich.
524 3135 663 3195 150.
729 3133 898 3197 Asin.
947 3132 1028 3212 11,
1078 3138 1136 3212 3,
1185 3139 1241 3196 2.
1301 3135 1482 3215 Epid.
1529 3134 1616 3215 ΙΙ,
1666 3142 1725 3215 2,
1779 3139 1917 3199 120.
1976 3135 2162 3199 Most.
2212 3135 2329 3204 ΙΙΙ,
2378 3142 2435 3211 2,
2482 3142 2585 3202 87.

260 3226 459 3292 Poen.
506 3227 558 3306 1,
605 3234 664 3309 2,
717 3234 853 3294 151.
915 3265 994 3274 -
1051 3230 1281 3295 Caecil.
1330 3232 1490 3298 Stat.
1539 3232 1900 3315 Synephebi
1956 3231 2029 3297 fr.
2087 3240 2147 3311 1,
2193 3252 2252 3297 v.
2303 3239 2425 3297 208
2452 3251 2582 3313 sq:

263 3329 352 3389 ita
396 3331 589 3389 omnis
636 3347 797 3390 meos
843 3330 1005 3388 dolos
1039 3331 1341 3404 fallacias
1372 3333 1746 3406 Praestiyias
1776 3335 2166 3408 praestrinxit
2199 3333 2586 3395 commoditas

260 3427 477 3501 patris.
566 3422 895 3489 Iuventius
943 3427 1568 3508 Anagnorizomene:
1619 3433 1787 3504 Quod
1820 3440 2013 3506 potes,
2057 3431 2315 3492 silecela
2359 3432 2586 3491 occulta

261 3529 388 3598 leae
442 3527 568 3584 tace
618 3542 820 3586 mussa
872 3544 1062 3589 mane.
1162 3524 1414 3591 Terent.
1474 3527 1669 3590 Andr.
1730 3527 1886 3607 prol.
1936 3546 1995 3591 v.
2048 3533 2124 3590 10
2173 3544 2303 3606 sq.,
2368 3527 2475 3591 ubi
2523 3529 2587 3591 in

258 3638 318 3684 v.
357 3626 427 3684 11
478 3624 635 3681 enim
678 3621 996 3703 interponi
1040 3623 1375 3701 potuisset.
1423 3623 1473 3701 I,
1530 3631 1581 3702 l,
1628 3630 1702 3689 81
1742 3643 1875 3705 sqq.
1959 3625 2120 3688 Eun.
2167 3622 2326 3705 prol.
2376 3645 2429 3688 v.
2482 3631 2581 3690 23.

255 3716 309 3796 1,
357 3722 419 3789 2,
460 3721 563 3782 88.
626 3717 709 3799 11,
758 3724 815 3790 2,
860 3726 970 3785 47:
1016 3723 1107 3782 Ne
1151 3739 1393 3783 sursum
1437 3724 1707 3785 &orsum
1752 3728 2025 3786 cursiteS.
2090 3727 2146 3799 3,
2181 3728 2291 3786 71:
2340 3727 2583 3785 Faciam

262 3819 510 3880 sedulo:
574 3819 742 3880 Dabo
805 3838 1083 3894 operam,
1142 3823 1450 3881 adiuvab0.
1542 3840 1596 3883 v.
1647 3826 1746 3887 96.
1796 3819 1931 3901 ΙΙΙ,
1980 3827 2037 3897 2,
2085 3827 2197 3885 21:
2246 3825 2341 3883 Ita
2384 3841 2475 3882 me
2524 3823 2584 3882 di

257 3923 501 3984 ament,
548 3917 890 3992 honestust,
949 3934 1138 3996 quem
1185 3917 1392 3980 locum
1442 3915 1629 3982 affert
1674 3916 2042 3983 Schellerus
2088 3938 2151 4000 p.
2201 3923 2323 3983 768
2370 3918 2584 3983 dicens

257 4009 599 4076 formulam
643 4012 816 4076 illam
864 4015 1053 4077 etiam
1102 4013 1236 4078 sine
1283 4021 1352 4077 ut
1394 4017 1544 4094 poni
1592 4034 1801 4096 posse,
1846 4043 1927 4067 ==
1977 4035 2166 4096 quam
2215 4035 2435 4081 verum
2483 4023 2587 4080 est

255 4128 359 4175 me
405 4114 654 4191 optare,
702 4117 773 4174 ut
816 4111 902 4175 dii
948 4130 1050 4176 me
1097 4121 1331 4192 ament,
1378 4119 1506 4178 tam
1556 4132 1778 4177 verum
1825 4120 1924 4179 est
1971 4115 2150 4179 illum
2196 4133 2340 4179 csse
2384 4116 2585 4178 hone-

257 4213 449 4274 S'tum.
545 4213 602 4287 5,
651 4213 765 4273 51:
814 4212 927 4270 Vix
972 4214 1270 4273 elocutast
1315 4214 1447 4286 hoc,
1495 4213 1658 4274 foras
1704 4216 1879 4273 simul
1910 4233 2114 4275 omnes
2156 4223 2448 4290 proruont
2494 4233 2582 4276 se.

257 4305 495 4371 Heaut.
544 4305 656 4386 IV,
710 4313 764 4387 1,
813 4312 894 4372 29
927 4325 1046 4390 sq.:
1098 4312 1251 4385 Quid
1296 4329 1431 4375 cum
1476 4313 1598 4371 illis
1647 4330 1821 4387 agas,
1868 4315 1966 4389 qui
2014 4332 2205 4388 neque
2252 4317 2344 4373 ius
2391 4330 2580 4388 neque

257 4407 477 4467 bonum
547 4416 727 4482 atque
800 4424 1044 4483 aequom
1120 4409 1360 4469 sciunt?
1446 4411 1669 4470 Melius
1720 4411 1927 4484 peius,
1991 4414 2185 4486 prosit
2246 4406 2431 4485 obsit,
2499 4412 2584 4472 nil
