3125 5075
258 365 296 405 DE
311 366 408 406 nome.
422 386 447 395 -
460 365 519 404 nen.
535 366 564 404 ΙΝ
580 365 694 404 lmen.
709 364 847 416 0811}qu
861 365 899 405 BT
913 367 1018 411 illunc.
1033 369 1207 412 eumenum.
1251 379 1310 439 115

147 571 183 619 e.
211 553 368 635 Krueger.
395 570 528 634 gnmm.
558 552 615 617 let.
642 570 673 633 p.
698 556 771 629 829,
793 552 900 617 adnot
928 555 959 631 l)
982 560 1016 620 et
1037 554 1185 624 sennem.
1209 559 1311 626 dueta.

147 659 235 734 part,
256 670 288 733 p.
315 654 390 715 1⁹9:
413 652 530 721 ‚fluat
549 654 671 712 sciona
697 647 836 713 formula
858 652 1076 719 autumate
1110 654 1308 738 mmmmm

147 751 302 828 idemque
312 746 382 813 fere
397 747 484 811 valet
497 766 536 812 ae
555 746 702 824 lomense,
726 746 782 810 sed
804 747 859 826 ita,
881 753 920 812 ut
940 751 1043 831 magia
1065 752 1106 817 ud
1129 751 1308 819 ulfinumndl

149 846 301 912 fiduciam
323 861 420 925 quum
441 844 482 909 ad
503 844 733 910 dubitationem
760 844 921 909 aeneum
951 846 990 926 V,
1013 852 1043 927 9,
1067 853 1123 914 89:
1150 854 1221 914 Plus
1249 855 1310 916 aule

150 947 224 1021 quid
248 947 342 1005 Facto
366 960 441 1019 upm
464 949 514 1006 eet.

284 1038 463 1120 Seperudm
486 1038 586 1104 effero
609 1056 681 1102 eum
703 1036 824 1101 Heusio
845 1039 885 1102 ud
909 1039 1086 1122 Reislgium
1106 1061 1136 1124 p.
1157 1049 1229 1116 599,
1252 1043 1309 1112 ud.¹

147 1144 215 1204 nulss
251 1141 314 1201 504
343 1136 549 1202 indicativum
577 1139 650 1215 pust
677 1133 847 1198 formulam
881 1139 935 1199 laec
960 1141 1028 1201 aide
1053 1148 1095 1203 ul.
1123 1140 1175 1207 Sic
1200 1143 1306 1208 Plane

149 1238 244 1302 Cure.
266 1234 293 1313 I,
317 1239 345 1310 2,
369 1236 496 1298 4:1100
518 1234 587 1311 [sia]
609 1235 675 1294 uide
696 1236 875 1295 ulavariter
896 1254 1008 1297 merum
1040 1240 1071 1298 in
1103 1258 1136 1302 ae
1168 1242 1307 1317 lupual-

150 1343 196 1397 τα
216 1337 365 1396 Faucibus
387 1334 495 1408 plenia.
516 1348 546 1393 v.
569 1336 628 1395 ed:
651 1334 722 1392 Hoc
741 1333 808 1392 udde
828 1338 863 1392 ut
883 1333 1037 1395 meant
1049 1341 1163 1411 peeeuli
1178 1341 1312 1413 pessumi

149 1437 215 1495 Nee
237 1452 304 1493 mea
318 1434 416 1507 gretia
437 1435 606 1491 eonmomnl
627 1448 659 1490 se
681 1433 774 1490 oeiua.
798 1427 896 1493 Mero.
919 1429 945 1498 1,
961 1434 990 1508 2,
1010 1437 1065 1495 57:
1087 1436 1155 1495 Hoc
1170 1438 1212 1497 ais
1227 1436 1303 1514 olda

149 1538 185 1591 au
215 1532 366 1605 palpatur.
394 1527 520 1590 Terent„
550 1526 630 1588 Eum
658 1525 714 1595 Ν,
741 1531 772 1595 4,
801 1531 834 1589 3;
859 1530 947 1590 Illud
971 1530 1047 1599 uide,
1070 1549 1103 1592 os
1125 1537 1160 1592 ul
1182 1534 1240 1594 aibi
1261 1533 1307 1593 dl-

150 1630 254 1689 sursit
277 1626 429 1688 carnulex.
467 1623 599 1702 Adelph.
622 1622 666 1693 ΙΙ,
690 1626 719 1702 2,
741 1628 797 1687 21:
819 1626 907 1685 Illud
926 1628 994 1687 vido
1015 1630 1057 1689 Ul
1077 1630 1108 1688 iu
1140 1632 1210 1705 ipae
1231 1632 1305 1692 mu·

152 1729 246 1785 tieulo
269 1725 418 1798 oppressit.

240 1820 320 1883 Item
345 1820 519 1899 separatim
543 1822 618 1881 suut
639 1816 801 1883 afferenda
823 1819 888 1898 illu,
910 1825 1008 1884 nescio
1028 1823 1105 1901 qaas,
1127 1826 1225 1886 mmo
1247 1827 1310 1903 pal,

151 1920 251 1980 mdo
273 1919 347 1992 qaid
369 1924 453 1994 cett,
475 1916 531 1980 ubi
554 1914 743 1995 plerumque
764 1915 843 1979 haee
866 1917 941 1982 biua
961 1919 995 1983 iu
1023 1934 1118 1983 unum
1146 1920 1308 1985 uodonem

150 2016 242 2095 quasi
266 2015 458 2094 pmnumiuis
481 2011 635 2077 indefiniti
658 2012 971 2092 comprehenduntur
994 2023 1029 2079 et
1049 2014 1131 2082 duae
1159 2018 1309 2083 enuncie-

150 2116 266 2190 tiones,
287 2129 371 2193 quae
393 2112 522 2191 proprie
545 2115 629 2188 suut,
651 2110 684 2173 iu
706 2129 807 2174 uuam·
825 2112 1067 2181 contrahuntur.
1124 2114 1176 2179 Sic
1197 2114 1307 2181 Pluut.

151 2210 267 2289 Amph.
288 2208 330 2279 ΙΙ,
353 2214 383 2280 2,
407 2213 477 2273 200.
501 2208 572 2273 Aul.
595 2207 621 2286 Ι,
647 2212 674 2287 l,
699 2213 754 2273 32:
780 2210 888 2272 Nescio
909 2213 960 2285 pul
982 2231 1058 2287 quae
1086 2213 1180 2274 illune
1215 2215 1312 2276 humi·

150 2327 219 2369 nem
242 2311 438 2383 intemperiae
463 2312 569 2368 tenent.
593 2305 685 2385 Capt.
709 2306 764 2384 Ν,
789 2311 818 2385 2,
843 2310 897 2369 57:
924 2310 1030 2370 Nesu'o
1057 2328 1142 2384 quem
1171 2311 1209 2370 ud
1238 2328 1311 2384 puu-

153 2416 215 2466 tum
237 2405 380 2467 mmla's.
404 2403 475 2468 (lue.
499 2403 613 2474 ΙΙΙ,3,
645 2409 703 2467 19:
738 2406 846 2466 Nescio
882 2407 955 2478 qaid
983 2424 1016 2467 ae
1054 2408 1192 2479 enullavit
1226 2409 1311 2468 maai

152 2521 234 2566 suae.
272 2501 366 2582 Epid.
390 2501 414 2572 Ι,
441 2509 467 2578 l,
491 2506 547 2565 58:
575 2504 671 2564 neseio
694 2505 812 2580 edepol,
835 2505 908 2577 qaid
929 2511 961 2566 tu
984 2507 1105 2567 timidus
1127 2521 1166 2567 ee.
1193 2502 1308 2568 Bucele

153 2601 179 2679 Ι,
205 2608 233 2670 l,
257 2607 312 2664 74:
337 2605 437 2662 Semul
461 2604 508 2661 hie
530 2603 626 2660 neseio
647 2603 700 2674 qui
720 2604 842 2663 turbare
866 2602 996 2678 [eoepit]
1022 2601 1107 2666 Men.
1131 2600 1169 2672 V,
1193 2607 1221 2672 2,
1247 2605 1309 2665 28:

152 2702 260 2762 Nescio
289 2699 361 2771 qaid
393 2700 584 2759 malefactum
611 2697 656 2774 [a]
685 2709 789 2760 nostra
820 2701 889 2759 huie
916 2701 1066 2761 semiliuel.
1111 2698 1154 2768 ΙΙ,
1192 2703 1221 2772 3,
1251 2701 1307 2763 59:

153 2800 253 2858 neseio
279 2813 354 2868 quae
388 2805 427 2867 te,
452 2798 603 2868 Sceledre,
639 2799 754 2857 scelera
788 2799 939 2858 studeant.
974 2795 1029 2867 Ν,
1061 2801 1090 2875 6,
1113 2801 1174 2859 43:
1206 2798 1313 2858 Naue

152 2899 206 2957 aei
228 2898 276 2954 hie
299 2913 393 2968 prope
416 2895 506 2952 adest.
551 2892 649 2957 Mero.
672 2894 698 2970 Ι,
722 2898 751 2969 2,
777 2899 831 2958 13:
855 2899 928 2957 Mali
958 2896 1054 2955 nescio
1082 2895 1154 2969 quid
1179 2896 1310 2956 nuntiat.

155 2991 256 3054 Mero.
280 3009 308 3053 v.
333 2994 409 3054 365:
433 2993 586 3052 Sollicitus
609 2995 679 3052 mihi
701 2994 798 3053 nescio
820 3011 879 3065 que
902 3011 938 3051 ex
959 3010 993 3052 re
1022 3010 1099 3052 nune
1121 2993 1246 3052 videtum
1269 2988 1312 3067 ss,

154 3093 185 3163 3,
220 3091 275 3150 35:
311 3077 415 3147 Nescio
445 3089 518 3161 quid
545 3108 611 3150 meo
640 3092 767 3150 unimosl
792 3108 890 3163 aegre,
918 3101 1013 3163 puter.
1055 3087 1153 3152 Merc.
1178 3107 1205 3150 v.
1227 3093 1311 3151 374:

155 3189 267 3246 Verum
294 3187 324 3245 in
354 3197 472 3259 portum
503 3190 560 3247 lma
587 3196 619 3247 ut
642 3205 706 3248 aum
734 3189 886 3259 advectus,
908 3188 1005 3246 mucio
1027 3188 1079 3257 qua·
1101 3188 1216 3246 enimus
1239 3187 1313 3245 mihi

153 3286 239 3344 dolet.
263 3280 322 3358 ΙΙΙ,
338 3288 368 3356 «l,
385 3288 439 3347 ὁδε
463 3286 530 3344 Nou
554 3287 703 3345 hominem
725 3287 808 3356 mihi,
832 3285 885 3344 sed
901 3286 1096 3343 thensaurum
1110 3285 1207 3343 nescu
1222 3299 1309 3356 queen

154 3398 299 3442 nnemorue
321 3380 401 3444 muli.
424 3379 478 3455 IV,
505 3385 531 3457 l,
559 3386 609 3444 18:
633 3382 740 3442 Nescio
762 3385 866 3454 quaest
887 3384 995 3440 mulier
1016 3383 1097 3440 intus
1120 3382 1169 3442 hie
1186 3382 1214 3439 iu
1230 3380 1313 3439 nedi-

155 3483 221 3542 bus.
244 3476 333 3540 Pers.
356 3477 382 3555 Ι,
405 3483 435 3555 3,
462 3482 512 3541 19;
537 3482 632 3555 Prope
654 3498 701 3540 me
725 3481 774 3539 hie
798 3481 899 3539 neseio
929 3481 994 3554 quis
1025 3478 1165 3553 loquitur.
1210 3473 1309 3541 Stich.

156 3575 219 3652 111,
253 3578 282 3649 2,
317 3579 374 3638 23;
409 3576 515 3636 Nescio
544 3579 616 3650 quid
645 3579 665 3651 †
694 3596 764 3639 vero
791 3579 884 3638 nabeo
911 3579 943 3637 in
972 3578 1090 3638 mundo.
1136 3572 1221 3637 Triu
1253 3570 1312 3650 111,

157 3679 185 3747 l,
210 3676 268 3736 22:
291 3674 397 3734 Nescio
419 3676 491 3747 quid
513 3694 570 3735 nou
595 3677 668 3736 eatis
690 3678 769 3735 inter
792 3693 845 3736 eos
866 3675 1009 3735 convenil.
1038 3669 1313 3748 Truc.11‚3,1-5:

154 3773 263 3830 ll‘esm'o
292 3789 377 3843 quem
402 3774 631 3846 praestolatam:
655 3773 754 3849 credo,
788 3775 922 3834 militem.
975 3772 1102 3851 Fragm.
1137 3767 1243 3831 Vidul.
1281 3784 1311 3846 p.

155 3876 229 3945 483,
253 3889 280 3932 v.
305 3877 337 3934 2:
362 3873 467 3932 Nescio
490 3871 541 3944 qm·
564 3889 665 3931 servos
689 3888 705 3930 e
728 3879 856 3946 myrteta
872 3872 1023 3945 prosiluit.
1059 3867 1187 3930 Terent.
1211 3865 1310 3930 Andr.

157 3969 194 4044 V,
222 3973 248 4038 1.,
272 3973 327 4031 22:
361 3970 457 4029 nescio
491 3972 543 4042 qni
576 3970 631 4027 tibi
665 3985 729 4028 eum
762 3970 873 4029 oblitus
908 3970 1004 4039 hodie,
1029 3985 1064 4027 ac
1085 3968 1176 4033 volui,
1200 3967 1312 4025 dicere.

156 4065 195 4144 V,
221 4070 249 4143 2,
278 4071 328 4128 14:
351 4068 458 4127 Nescio
481 4067 533 4139 pul
555 4082 647 4126 senex
668 4065 755 4126 modo
778 4067 866 4124 uenit.
890 4064 972 4127 Eun.
997 4062 1040 4138 ΙΙ,
1064 4066 1093 4139 2,
1117 4066 1175 4126 60:
1211 4063 1313 4122 neseio

157 4167 228 4241 quid
251 4168 490 4240 circumspectat.
515 4162 557 4231 ΙΙ,
580 4167 610 4239 3,
632 4167 650 4224 7
658 4181 665 4225 :
687 4164 793 4223 Nescio
817 4163 949 4236 quidde
972 4179 1072 4221 umore
1096 4161 1233 4233 loquitur.
1257 4156 1314 4235 Ν,

158 4267 187 4338 3,
213 4267 250 4323 7:
272 4264 377 4324 Nescio
399 4261 473 4334 qnid
494 4261 631 4336 profecto
647 4263 771 4322 absente
787 4262 873 4321 nobis
889 4262 1067 4321 turbaturum
1081 4259 1168 4320 domi.
1194 4255 1312 4319 Heeul.

1060 4365 1105 4430 8*
