3125 5075
531 364 571 403 DE
585 365 714 404 NOTIOSE
730 365 825 405 vaani.
840 384 865 393 -
880 365 1015 405 acarnani.
1310 374 1347 432 13

189 552 254 633 111,
279 557 309 628 2,
330 557 362 618 3:
385 556 471 616 Nunc
494 557 620 629 primum
643 554 691 615 iac
713 557 772 616 ista
795 562 828 616 ut
849 555 933 616 most.
978 553 1059 618 Eun.
1083 550 1142 628 111,
1167 558 1196 633 5,
1219 558 1260 617 44
1284 569 1346 633 sq.:

190 656 364 715 ucessitur
387 654 520 712 locutam
541 655 657 714 interea
680 654 776 727 virgo:
801 656 848 727 iit,
872 654 954 715 lacit.
998 668 1028 712 r.
1050 656 1091 716 47
1114 666 1174 729 aq.:
1197 655 1347 712 ventulum

189 751 263 813 bule
286 753 331 811 sic
353 748 455 824 facito,
478 751 545 810 dum
568 752 721 812 asamar:
745 753 804 814 Ubi
819 769 873 813 nos
889 751 1056 824 arueras,
1078 751 1104 810 si
1120 751 1211 823 voles,
1235 750 1342 809 locuto

187 845 299 912 Pisae
322 843 390 909 Mil.
414 844 501 926 11,o,
519 850 592 911 10οτ
621 851 697 909 Dum
720 851 795 911 haee
818 849 1020 910 consilescunt
1042 848 1148 908 turbae
1171 853 1259 923 atquo
1281 848 1346 907 irae

189 947 319 1013 luriunt
351 942 391 1007 acl
424 960 453 1021 q.
481 943 502 1006 l.
537 943 682 1009 Taubm.:
732 946 791 1023 „A.
823 943 945 1011 Gellius
979 942 999 1006 l.
1028 942 1148 1021 XVIII,
1185 948 1223 1007 12
1251 942 1346 1007 docet

187 1042 225 1109 iu
263 1057 390 1121 quoque
426 1040 570 1106 habitum
603 1042 635 1105 in
668 1041 812 1106 oratione
843 1040 992 1106 iacienda
1024 1040 1202 1121 elegantiae
1235 1058 1345 1121 genus,

187 1146 230 1208 ut
258 1157 318 1221 pro
345 1138 452 1203 verbis
479 1138 670 1205 habentibus
698 1140 839 1219 patiendi
869 1136 1002 1219 figuram
1031 1138 1160 1218 agentia
1182 1149 1346 1218 ponerent,

187 1257 230 1306 au
261 1236 376 1303 deinde
408 1237 475 1301 vice
507 1255 601 1301 versa
632 1235 711 1302 haec
738 1238 822 1302 inter
849 1256 884 1302 se
911 1241 1022 1300 mutua
1049 1240 1220 1299 verterent.
1273 1234 1344 1300 Cas.

189 1335 236 1415 ΙΙ,
268 1341 297 1412 3,
327 1340 382 1399 3οε
417 1338 498 1404 ride,
531 1337 683 1411 palliolum
717 1346 749 1396 nt
782 1333 900 1411 rumai
950 1333 992 1398 Et
1021 1332 1184 1398 Lindem.:
1230 1333 1346 1409 „Ratio

194 1432 276 1514 (mus
303 1432 366 1511 rei,
394 1431 477 1511 quod
504 1432 602 1496 verba
628 1432 731 1497 activa
758 1432 957 1497 intransitive
986 1437 1155 1510 pomarum
1188 1432 1344 1511 estquod

195 1547 247 1596 res
278 1530 403 1611 petiens
437 1531 547 1594 eadem
575 1536 608 1594 et
638 1549 750 1596 caussa
781 1527 930 1608 efficiens,
965 1547 1064 1609 agens
1094 1528 1263 1609 cogitatur,
1294 1528 1345 1594 vel

192 1633 280 1696 certe
317 1628 420 1693 altera
454 1629 495 1693 ab
538 1627 641 1692 altera
678 1628 870 1710 cogitatione
907 1644 969 1691 non
1007 1627 1084 1691 satis
1122 1626 1343 1691 discernitur.‘⁶

189 1724 307 1806 Amph.
332 1726 372 1803 ΙΙ,
396 1730 424 1803 2,
449 1731 504 1790 73:
528 1729 558 1787 Si
582 1746 757 1805 opsequare,
781 1746 839 1788 uua
859 1728 991 1788 resolvas
1012 1730 1110 1802 plaga,
1132 1724 1162 1787 h.
1179 1743 1206 1788 e.
1229 1724 1345 1789 libera·

188 1824 241 1891 bis
272 1832 315 1889 te.
363 1823 442 1887 Ruti.
470 1823 513 1902 II,
541 1828 570 1900 7,
600 1827 652 1885 12:
703 1828 787 1887 Intro
813 1843 951 1899 rumpam
981 1827 1038 1885 iam
1066 1827 1132 1887 huc.
1182 1825 1231 1888 Ile
1258 1843 1345 1885 ruere

187 1942 221 1987 v.
253 1922 358 1988 Senot.
388 1920 463 1986 Min.
493 1939 523 2001 p.
553 1925 624 1999 379,
658 1922 742 2000 qnod
771 1921 922 1986 reflexiva
948 1918 1178 2001 significatione
1206 1920 1343 2000 positum

188 2025 243 2086 est
270 2037 292 2083 a
317 2019 465 2084 Terentio
492 2018 609 2085 Heaut.
638 2017 693 2098 IV,
721 2023 750 2096 3,
779 2025 834 2083 tl:
862 2022 932 2096 quid
960 2023 986 2082 si
1019 2039 1095 2081 nunc
1121 2023 1236 2081 caelum
1265 2026 1344 2089 raet,

187 2117 223 2182 in
247 2118 430 2197 compositis
453 2125 560 2183 autem
584 2135 711 2196 semper
733 2116 841 2181 addito
863 2115 1054 2195 accusativo,
1078 2124 1114 2181 nt
1135 2115 1239 2181 Plaut
1262 2117 1343 2181 Rari.

188 2214 234 2294 11,
267 2219 296 2294 6,
326 2218 366 2279 58
395 2236 539 2279 conruere
566 2251 608 2260 —
639 2216 738 2290 ditium,
767 2213 895 2279 Terent
924 2214 1004 2278 Eun.
1034 2214 1092 2293 ΠΙ,
1120 2221 1149 2293 5,
1178 2221 1232 2280 bl:
1262 2218 1343 2279 foras

189 2318 280 2377 simul
308 2332 408 2375 omnes
430 2320 579 2390 proruent
606 2333 645 2377 se.
691 2311 825 2392 Adelph.
850 2311 905 2391 IV,
929 2317 957 2390 2,
984 2317 1035 2376 ll:
1063 2316 1129 2374 uide
1154 2333 1190 2376 ne
1212 2318 1264 2376 iile
1287 2318 1344 2377 huc

190 2431 317 2490 prorsus
333 2431 363 2473 se
385 2414 498 2475 inruat.
545 2411 604 2490 ΙΙΙ,
628 2417 656 2482 2.
681 2416 736 2475 2Ιε
761 2412 877 2474 ceteros
897 2429 1024 2479 merem,
1046 2430 1174 2488 egerem,
1196 2431 1342 2489 raperem,

189 2510 347 2572 tunderem
363 2519 394 2571 et
408 2519 638 2587 prosternerem.
675 2508 846 2575 Referebat
860 2507 921 2573 huc
936 2507 1033 2573 etiam
1048 2509 1177 2574 verbum
1193 2516 1347 2573 sambore

189 2605 393 2688 Ledewigius
423 2608 454 2670 in
479 2607 632 2673 Zeitschr.
662 2607 684 2672 i.
715 2608 777 2673 Alt.
811 2611 902 2685 1842,
932 2625 961 2687 p.
991 2611 1070 2671 1080
1097 2608 1200 2673 Plaut.
1228 2609 1343 2673 Pseml.

189 2702 233 2784 11,
259 2709 288 2780 2,
313 2710 362 2778 34,
386 2704 429 2768 ibi
453 2711 559 2772 tamen
581 2705 774 2771 Ritscholius
798 2705 940 2784 scripsit:
968 2708 1036 2766 dum
1059 2712 1085 2767 tc
1106 2713 1252 2770 speruus.
1297 2709 1345 2772 De

187 2822 311 2880 sarpere
343 2822 370 2866 v.
406 2802 547 2867 Perizon.
581 2804 620 2868 ad
649 2803 752 2869 Sanct.
787 2822 815 2884 p.
845 2808 920 2868 387:
971 2804 1121 2883 „Surgere
1143 2806 1272 2886 proprie
1294 2812 1345 2869 est

188 2900 402 2979 transitivum,
446 2918 503 2980 pro
549 2902 725 2980 surrigere,
771 2900 827 2967 sed
870 2900 937 2966 iere
984 2921 1110 2983 semper
1146 2902 1345 2968 intransitive

187 3005 380 3078 usurpatur,
415 3003 451 3062 ut
485 2998 600 3063 Pseud.
635 3000 729 3079 proi:
787 3003 919 3076 Exporgi
952 2999 1072 3064 meliust
1106 3006 1220 3064 lumbos
1255 3012 1343 3079 atque

186 3095 361 3171 marperef‘
421 3095 635 3160 Transitivnm
681 3103 731 3160 est
774 3117 897 3172 surgere
936 3098 1028 3178 Epid.
1074 3105 1170 3164 enta:
1214 3102 1344 3162 Lembos

185 3197 300 3271 carpite
330 3203 418 3270 utque
454 3198 597 3257 extollite.
648 3194 745 3258 Poen.
774 3193 811 3263 V,
839 3200 869 3265 4,
901 3199 933 3258 9:
968 3199 1045 3272 quod
1076 3200 1193 3273 quidem
1222 3201 1259 3259 ad
1289 3218 1343 3259 nos

186 3296 246 3357 «luo
284 3295 413 3354 ottirrait.
459 3291 522 3355 Mil.
559 3291 600 3370 ΙΙ,
636 3298 664 3370 5,
699 3297 753 3357 58:
803 3295 898 3354 Nimis
932 3295 1021 3368 best,
1058 3297 1138 3370 quod
1171 3303 1343 3357 conmeatus

187 3394 348 3455 temtaret
380 3398 463 3454 trans
498 3395 659 3467 parietem,
695 3389 735 3453 ad
766 3389 839 3468 q.1.
868 3389 1027 3457 Lindem:
1072 3396 1268 3472 „mamare
1297 3392 1344 3455 in·

186 3487 358 3555 transitivo
395 3506 505 3567 sensu,
542 3494 578 3551 ut
614 3488 762 3568 pertinet.
822 3488 881 3553 Est
916 3494 1023 3553 autern
1061 3493 1239 3554 samanae
1270 3492 1344 3570 per-

187 3588 292 3652 tinere
316 3591 406 3650 trans
428 3585 557 3666 aliquid,
579 3586 609 3651 h.
632 3606 659 3651 e.
683 3586 869 3666 continuari,
894 3604 956 3651 uno
979 3596 1090 3652 tenore
1106 3588 1247 3668 perduci.
1292 3587 1344 3652 Sic

187 3684 249 3771 lici
275 3683 393 3765 possit:
426 3702 504 3764 pons
539 3683 710 3749 transtinet
738 3683 987 3758 transflumen,
1023 3684 1053 3750 h.
1082 3704 1109 3750 e.
1139 3688 1179 3751 ad
1209 3686 1341 3751 alteram

189 3782 292 3864 ripam
323 3782 491 3847 continuus
520 3788 577 3846 est.
628 3782 748 3846 Eadem
779 3779 846 3846 iere
879 3784 1036 3847 sententia
1069 3788 1217 3848 matinen
1243 3783 1340 3848 Stich.

187 3878 246 3960 ΙΙΙ,
285 3886 312 3950 1,
345 3886 400 3943 44:
456 3883 514 3941 Per
550 3883 666 3942 hortum
704 3890 829 3957 utroque
867 3892 1040 3945 conmeatus
1077 3887 1211 3962 coatirtet,
1247 3881 1279 3947 h.
1313 3901 1341 3947 e.

187 3979 402 4047 continuatur.
468 3975 520 4042 Sic
556 3984 642 4043 recte
680 3976 868 4043 Gronovius.
928 3980 1032 4060 Igitur
1067 3985 1225 4044 personet
1259 3987 1343 4042 ame

183 4081 330 4156 parietem
357 4082 421 4139 est:
458 4076 627 4140 transitum
657 4077 789 4156 praebet
816 4095 873 4157 per
895 4078 1079 4158 parietem.“
1125 4077 1238 4159 Amph.
1262 4079 1287 4157 I,
1314 4085 1341 4157 l,

188 4181 243 4243 95:
303 4177 488 4239 Vorteatibua
521 4177 659 4237 Telebois
703 4180 772 4238 telis
814 4179 1029 4253 conplebantur
1062 4197 1196 4255 corpora
1253 4176 1340 4241 Asin.

190 4274 270 4355 prol
294 4293 321 4336 v.
346 4276 381 4336 2:
427 4276 507 4347 Quae
538 4275 655 4349 quidem
683 4276 754 4335 mihi
781 4283 871 4351 atque
894 4277 977 4338 vobis
999 4295 1048 4338 res
1070 4281 1168 4337 vortat
1189 4279 1276 4347 bene,
1298 4302 1341 4325 =

189 4388 224 4437 ae
256 4378 373 4437 vortat
425 4369 521 4438 Mero.
552 4370 594 4449 ΙΙ,
623 4376 652 4450 3,
680 4374 738 4437 97:
784 4376 848 4447 Quo
881 4375 1015 4436 sortisti?
1059 4371 1125 4438 Mil.
1155 4372 1197 4452 ΙΙ,
1226 4377 1255 4452 2,
1285 4376 1340 4440 60:
