<?xml version="1.0" encoding="UTF-8"?>
<!DOCTYPE html PUBLIC "-//W3C//DTD XHTML 1.0 Transitional//EN"
    "http://www.w3.org/TR/xhtml1/DTD/xhtml1-transitional.dtd">
<html xmlns="http://www.w3.org/1999/xhtml" xml:lang="en" lang="en">
 <head>
  <title>
</title>
<meta http-equiv="Content-Type" content="text/html;charset=utf-8" />
  <meta name='ocr-system' content='tesseract 3.04.00' />
  <meta name='ocr-capabilities' content='ocr_page ocr_carea ocr_par ocr_line ocrx_word'/>
</head>
<body>
  <div class='ocr_page' id='page_1' title='image "./syntaxispriscor00holtgoog_0345.png"; bbox 0 0 3125 5075; ppageno 0'>
   <div class='ocr_carea' id='block_1_1' title="bbox 217 368 936 444">
    <p class='ocr_par' dir='ltr' id='par_1_1' title="bbox 217 368 936 444">
     <span class='ocr_line' id='line_1_1' title="bbox 217 368 936 444; baseline 0.001 -34"><span class='ocrx_word' id='word_1_1' title='bbox 217 383 279 444; x_wconf 58' lang='lat'>328</span> <span class='ocrx_word' id='word_1_2' title='bbox 632 369 789 412; x_wconf 73' lang='lat' dir='ltr'>suasam.</span> <span class='ocrx_word' id='word_1_3' title='bbox 809 368 873 411; x_wconf 77' lang='grc' dir='ltr'><strong>ΟΔΡ.</strong></span> <span class='ocrx_word' id='word_1_4' title='bbox 894 369 936 411; x_wconf 88' lang='grc' dir='ltr'><em>ΙΙΙ.</em></span> 
     </span>
    </p>
   </div>
   <div class='ocr_carea' id='block_1_2' title="bbox 211 545 1377 1802">
    <p class='ocr_par' dir='ltr' id='par_1_2' title="bbox 211 545 1377 1802">
     <span class='ocr_line' id='line_1_2' title="bbox 217 545 1377 628; baseline -0.001 -13"><span class='ocrx_word' id='word_1_5' title='bbox 217 549 284 615; x_wconf 85' lang='lat' dir='ltr'>Mil.</span> <span class='ocrx_word' id='word_1_6' title='bbox 307 566 336 611; x_wconf 81' lang='lat' dir='ltr'>v.</span> <span class='ocrx_word' id='word_1_7' title='bbox 362 550 459 612; x_wconf 82' lang='lat'>1063:</span> <span class='ocrx_word' id='word_1_8' title='bbox 502 548 572 607; x_wconf 92' lang='lat' dir='ltr'>Plus</span> <span class='ocrx_word' id='word_1_9' title='bbox 598 550 650 622; x_wconf 91' lang='lat' dir='ltr'>pol</span> <span class='ocrx_word' id='word_1_10' title='bbox 683 550 724 606; x_wconf 94' lang='lat' dir='ltr'>mi</span> <span class='ocrx_word' id='word_1_11' title='bbox 746 548 812 608; x_wconf 87' lang='lat' dir='ltr'>auri</span> <span class='ocrx_word' id='word_1_12' title='bbox 837 548 951 608; x_wconf 81' lang='lat' dir='ltr'>millest</span> <span class='ocrx_word' id='word_1_13' title='bbox 972 547 1112 608; x_wconf 89' lang='lat' dir='ltr'>modium.</span> <span class='ocrx_word' id='word_1_14' title='bbox 1156 545 1244 611; x_wconf 85' lang='lat' dir='ltr'>Trim</span> <span class='ocrx_word' id='word_1_15' title='bbox 1265 546 1324 627; x_wconf 87' lang='lat' dir='ltr'>IV,</span> <span class='ocrx_word' id='word_1_16' title='bbox 1347 554 1377 628; x_wconf 93' lang='grc'>2,</span> 
     </span>
     <span class='ocr_line' id='line_1_3' title="bbox 218 640 1375 725; baseline -0.001 -13"><span class='ocrx_word' id='word_1_17' title='bbox 218 652 295 712; x_wconf 87' lang='lat' dir='ltr'>ll4:</span> <span class='ocrx_word' id='word_1_18' title='bbox 317 647 400 708; x_wconf 87' lang='lat' dir='ltr'>mille</span> <span class='ocrx_word' id='word_1_19' title='bbox 424 663 572 705; x_wconf 87' lang='lat' dir='ltr'>nummum</span> <span class='ocrx_word' id='word_1_20' title='bbox 594 646 773 720; x_wconf 86' lang='lat' dir='ltr'>Philippum,</span> <span class='ocrx_word' id='word_1_21' title='bbox 795 640 833 707; x_wconf 82' lang='lat' dir='ltr'>cf.</span> <span class='ocrx_word' id='word_1_22' title='bbox 857 641 999 707; x_wconf 86' lang='lat' dir='ltr'>Liudcm.</span> <span class='ocrx_word' id='word_1_23' title='bbox 1028 642 1070 707; x_wconf 90' lang='lat' dir='ltr'>ad</span> <span class='ocrx_word' id='word_1_24' title='bbox 1092 642 1160 709; x_wconf 85' lang='lat' dir='ltr'>llil</span> <span class='ocrx_word' id='word_1_25' title='bbox 1182 643 1239 725; x_wconf 91' lang='lat' dir='ltr'>IV,</span> <span class='ocrx_word' id='word_1_26' title='bbox 1264 650 1295 725; x_wconf 97' lang='grc'>2,</span> <span class='ocrx_word' id='word_1_27' title='bbox 1318 650 1375 711; x_wconf 86' lang='grc'>88;</span> 
     </span>
     <span class='ocr_line' id='line_1_4' title="bbox 218 739 1377 822; baseline 0.003 -16"><span class='ocrx_word' id='word_1_28' title='bbox 218 749 300 808; x_wconf 89' lang='lat' dir='ltr'>mille</span> <span class='ocrx_word' id='word_1_29' title='bbox 324 761 478 806; x_wconf 88' lang='lat' dir='ltr'>annorum.</span> <span class='ocrx_word' id='word_1_30' title='bbox 523 739 588 803; x_wconf 88' lang='lat' dir='ltr'>Mil.</span> <span class='ocrx_word' id='word_1_31' title='bbox 612 739 666 819; x_wconf 91' lang='lat' dir='ltr'>IV,</span> <span class='ocrx_word' id='word_1_32' title='bbox 689 744 719 819; x_wconf 91' lang='grc'>2,</span> <span class='ocrx_word' id='word_1_33' title='bbox 743 745 801 805; x_wconf 83' lang='lat'>25:</span> <span class='ocrx_word' id='word_1_34' title='bbox 846 743 878 803; x_wconf 88' lang='lat' dir='ltr'>Si</span> <span class='ocrx_word' id='word_1_35' title='bbox 901 744 1015 804; x_wconf 88' lang='lat' dir='ltr'>harunc</span> <span class='ocrx_word' id='word_1_36' title='bbox 1037 745 1225 805; x_wconf 85' lang='lat' dir='ltr'>Baccharum</span> <span class='ocrx_word' id='word_1_37' title='bbox 1248 761 1299 822; x_wconf 87' lang='lat' dir='ltr'>es,</span> <span class='ocrx_word' id='word_1_38' title='bbox 1322 745 1377 810; x_wconf 90' lang='lat' dir='ltr'>uhi</span> 
     </span>
     <span class='ocr_line' id='line_1_5' title="bbox 216 837 1375 914; baseline 0 -8"><span class='ocrx_word' id='word_1_39' title='bbox 216 840 315 906; x_wconf 82' lang='lat' dir='ltr'>intell.</span> <span class='ocrx_word' id='word_1_40' title='bbox 338 860 406 904; x_wconf 90' lang='lat' dir='ltr'>una.</span> <span class='ocrx_word' id='word_1_41' title='bbox 452 838 523 902; x_wconf 82' lang='lat' dir='ltr'>Aul.</span> <span class='ocrx_word' id='word_1_42' title='bbox 547 837 572 914; x_wconf 86' lang='lat'>1,</span> <span class='ocrx_word' id='word_1_43' title='bbox 602 842 632 914; x_wconf 91' lang='grc'>2,</span> <span class='ocrx_word' id='word_1_44' title='bbox 656 843 713 903; x_wconf 89' lang='lat'>34:</span> <span class='ocrx_word' id='word_1_45' title='bbox 760 842 838 901; x_wconf 88' lang='lat' dir='ltr'>Nam</span> <span class='ocrx_word' id='word_1_46' title='bbox 865 843 1026 902; x_wconf 85' lang='lat' dir='ltr'>verisimile</span> <span class='ocrx_word' id='word_1_47' title='bbox 1059 860 1118 903; x_wconf 92' lang='lat' dir='ltr'>nou</span> <span class='ocrx_word' id='word_1_48' title='bbox 1145 849 1194 903; x_wconf 86' lang='lat' dir='ltr'>eat</span> <span class='ocrx_word' id='word_1_49' title='bbox 1225 844 1375 906; x_wconf 91' lang='lat' dir='ltr'>hominem</span> 
     </span>
     <span class='ocr_line' id='line_1_6' title="bbox 213 937 1374 1018; baseline 0.004 -17"><span class='ocrx_word' id='word_1_50' title='bbox 213 960 378 1018; x_wconf 80' lang='lat' dir='ltr'>pauperem</span> <span class='ocrx_word' id='word_1_51' title='bbox 400 941 563 1016; x_wconf 83' lang='lat' dir='ltr'>pauxillum</span> <span class='ocrx_word' id='word_1_52' title='bbox 583 937 786 1013; x_wconf 83' lang='lat' dir='ltr'>parvifacere</span> <span class='ocrx_word' id='word_1_53' title='bbox 803 939 874 1013; x_wconf 92' lang='lat' dir='ltr'>quin</span> <span class='ocrx_word' id='word_1_54' title='bbox 896 957 1045 999; x_wconf 91' lang='lat' dir='ltr'>nummum</span> <span class='ocrx_word' id='word_1_55' title='bbox 1068 947 1162 1014; x_wconf 83' lang='lat' dir='ltr'>petat</span> <span class='ocrx_word' id='word_1_56' title='bbox 1206 938 1270 1005; x_wconf 88' lang='lat' dir='ltr'>Hic</span> <span class='ocrx_word' id='word_1_57' title='bbox 1285 940 1374 1006; x_wconf 85' lang='lat' dir='ltr'>locus</span> 
     </span>
     <span class='ocr_line' id='line_1_7' title="bbox 215 1033 1373 1118; baseline 0.002 -17"><span class='ocrx_word' id='word_1_58' title='bbox 215 1038 278 1103; x_wconf 90' lang='lat' dir='ltr'>huc</span> <span class='ocrx_word' id='word_1_59' title='bbox 307 1037 447 1118; x_wconf 80' lang='lat' dir='ltr'>pertinet</span> <span class='ocrx_word' id='word_1_60' title='bbox 474 1039 647 1115; x_wconf 90' lang='lat' dir='ltr'>propterea</span> <span class='ocrx_word' id='word_1_61' title='bbox 675 1033 761 1114; x_wconf 93' lang='lat' dir='ltr'>quod</span> <span class='ocrx_word' id='word_1_62' title='bbox 790 1051 861 1099; x_wconf 90' lang='lat' dir='ltr'>cum</span> <span class='ocrx_word' id='word_1_63' title='bbox 886 1033 1092 1108; x_wconf 81' lang='lat' dir='ltr'>Acidalioet</span> <span class='ocrx_word' id='word_1_64' title='bbox 1114 1034 1266 1102; x_wconf 88' lang='lat' dir='ltr'>Goellero</span> <span class='ocrx_word' id='word_1_65' title='bbox 1288 1059 1373 1102; x_wconf 63' lang='lat' dir='ltr'>aare</span> 
     </span>
     <span class='ocr_line' id='line_1_8' title="bbox 218 1131 1372 1223; baseline 0.004 -26"><span class='ocrx_word' id='word_1_66' title='bbox 218 1156 301 1197; x_wconf 79' lang='lat' dir='ltr'>mam</span> <span class='ocrx_word' id='word_1_67' title='bbox 328 1133 546 1223; x_wconf 84' lang='lat' dir='ltr'>accipiendum</span> <span class='ocrx_word' id='word_1_68' title='bbox 576 1138 627 1197; x_wconf 89' lang='lat' dir='ltr'>est</span> <span class='ocrx_word' id='word_1_69' title='bbox 653 1149 712 1213; x_wconf 90' lang='lat' dir='ltr'>pro</span> <span class='ocrx_word' id='word_1_70' title='bbox 740 1133 890 1213; x_wconf 83' lang='lat' dir='ltr'>genitivo.</span> <span class='ocrx_word' id='word_1_71' title='bbox 945 1131 1048 1197; x_wconf 73' lang='lat' dir='ltr'>Aliter</span> <span class='ocrx_word' id='word_1_72' title='bbox 1081 1131 1282 1215; x_wconf 83' lang='lat' dir='ltr'>Gronovius,</span> <span class='ocrx_word' id='word_1_73' title='bbox 1322 1139 1372 1219; x_wconf 93' lang='lat' dir='ltr'>qui</span> 
     </span>
     <span class='ocr_line' id='line_1_9' title="bbox 211 1230 1371 1313; baseline -0.001 -15"><span class='ocrx_word' id='word_1_74' title='bbox 211 1252 336 1299; x_wconf 90' lang='lat' dir='ltr'>comma</span> <span class='ocrx_word' id='word_1_75' title='bbox 358 1231 466 1313; x_wconf 86' lang='lat' dir='ltr'>posuit</span> <span class='ocrx_word' id='word_1_76' title='bbox 488 1236 561 1311; x_wconf 90' lang='lat' dir='ltr'>post</span> <span class='ocrx_word' id='word_1_77' title='bbox 576 1234 684 1308; x_wconf 75' lang='lat' dir='ltr'>soem,</span> <span class='ocrx_word' id='word_1_78' title='bbox 707 1230 755 1294; x_wconf 88' lang='lat' dir='ltr'>ita</span> <span class='ocrx_word' id='word_1_79' title='bbox 770 1234 808 1295; x_wconf 91' lang='lat' dir='ltr'>ut</span> <span class='ocrx_word' id='word_1_80' title='bbox 816 1232 990 1307; x_wconf 65' lang='lat' dir='ltr'>powllam</span> <span class='ocrx_word' id='word_1_81' title='bbox 1005 1231 1049 1294; x_wconf 88' lang='lat' dir='ltr'>sit</span> <span class='ocrx_word' id='word_1_82' title='bbox 1070 1231 1269 1312; x_wconf 80' lang='lat' dir='ltr'>adverbium,</span> <span class='ocrx_word' id='word_1_83' title='bbox 1288 1256 1371 1299; x_wconf 63' lang='lat' dir='ltr'>aaa</span> 
     </span>
     <span class='ocr_line' id='line_1_10' title="bbox 214 1326 1370 1408; baseline 0.003 -14"><span class='ocrx_word' id='word_1_84' title='bbox 214 1352 295 1394; x_wconf 85' lang='lat' dir='ltr'>mam</span> <span class='ocrx_word' id='word_1_85' title='bbox 317 1338 425 1395; x_wconf 85' lang='lat' dir='ltr'>antem</span> <span class='ocrx_word' id='word_1_86' title='bbox 448 1347 513 1395; x_wconf 89' lang='lat' dir='ltr'>acc.</span> <span class='ocrx_word' id='word_1_87' title='bbox 559 1328 649 1408; x_wconf 84' lang='lat' dir='ltr'>capt.</span> <span class='ocrx_word' id='word_1_88' title='bbox 672 1348 702 1393; x_wconf 89' lang='lat' dir='ltr'>v.</span> <span class='ocrx_word' id='word_1_89' title='bbox 729 1333 799 1395; x_wconf 84' lang='grc'><strong>193.</strong></span> <span class='ocrx_word' id='word_1_90' title='bbox 844 1328 960 1395; x_wconf 89' lang='lat' dir='ltr'>Pseud.</span> <span class='ocrx_word' id='word_1_91' title='bbox 983 1326 1039 1408; x_wconf 90' lang='lat' dir='ltr'>IV,</span> <span class='ocrx_word' id='word_1_92' title='bbox 1063 1335 1092 1404; x_wconf 82' lang='lat'>7,</span> <span class='ocrx_word' id='word_1_93' title='bbox 1117 1335 1171 1394; x_wconf 79' lang='lat'>59:</span> <span class='ocrx_word' id='word_1_94' title='bbox 1202 1336 1289 1398; x_wconf 82' lang='lat' dir='ltr'>vides</span> <span class='ocrx_word' id='word_1_95' title='bbox 1312 1340 1370 1398; x_wconf 89' lang='lat' dir='ltr'>lan</span> 
     </span>
     <span class='ocr_line' id='line_1_11' title="bbox 215 1425 1369 1508; baseline 0.006 -17"><span class='ocrx_word' id='word_1_96' title='bbox 215 1433 263 1494; x_wconf 78' lang='lat' dir='ltr'>die</span> <span class='ocrx_word' id='word_1_97' title='bbox 284 1433 410 1493; x_wconf 73' lang='lat' dir='ltr'>maltam</span> <span class='ocrx_word' id='word_1_98' title='bbox 431 1448 498 1492; x_wconf 87' lang='lat' dir='ltr'>esse</span> <span class='ocrx_word' id='word_1_99' title='bbox 521 1426 570 1508; x_wconf 90' lang='lat' dir='ltr'>(h.</span> <span class='ocrx_word' id='word_1_100' title='bbox 593 1446 620 1491; x_wconf 92' lang='lat' dir='ltr'>e.</span> <span class='ocrx_word' id='word_1_101' title='bbox 642 1425 737 1506; x_wconf 88' lang='lat' dir='ltr'>diei).</span> <span class='ocrx_word' id='word_1_102' title='bbox 777 1427 928 1493; x_wconf 84' lang='lat' dir='ltr'>Salmas:</span> <span class='ocrx_word' id='word_1_103' title='bbox 967 1426 1076 1505; x_wconf 89' lang='lat' dir='ltr'>„Haec</span> <span class='ocrx_word' id='word_1_104' title='bbox 1104 1425 1251 1507; x_wconf 90' lang='lat' dir='ltr'>loquutio</span> <span class='ocrx_word' id='word_1_105' title='bbox 1279 1433 1369 1497; x_wconf 86' lang='lat' dir='ltr'>valde</span> 
     </span>
     <span class='ocr_line' id='line_1_12' title="bbox 213 1522 1369 1612; baseline 0 -19"><span class='ocrx_word' id='word_1_106' title='bbox 213 1529 354 1609; x_wconf 84' lang='lat' dir='ltr'>antiquis</span> <span class='ocrx_word' id='word_1_107' title='bbox 383 1527 564 1591; x_wconf 81' lang='lat' dir='ltr'>familiaris:</span> <span class='ocrx_word' id='word_1_108' title='bbox 587 1527 649 1590; x_wconf 89' lang='lat' dir='ltr'>iam</span> <span class='ocrx_word' id='word_1_109' title='bbox 678 1525 741 1590; x_wconf 91' lang='lat' dir='ltr'>diei</span> <span class='ocrx_word' id='word_1_110' title='bbox 766 1525 901 1589; x_wconf 89' lang='lat' dir='ltr'>multum</span> <span class='ocrx_word' id='word_1_111' title='bbox 932 1530 996 1601; x_wconf 88' lang='lat' dir='ltr'>est,</span> <span class='ocrx_word' id='word_1_112' title='bbox 1032 1523 1151 1590; x_wconf 87' lang='lat' dir='ltr'>Graeci</span> <span class='ocrx_word' id='word_1_113' title='bbox 1178 1522 1304 1593; x_wconf 73' lang='grc' dir='ltr'><strong>πολλὸν</strong></span> <span class='ocrx_word' id='word_1_114' title='bbox 1322 1533 1369 1612; x_wconf 71' lang='grc' dir='ltr'>τῆς</span> 
     </span>
     <span class='ocr_line' id='line_1_13' title="bbox 213 1622 1370 1709; baseline 0.004 -22"><span class='ocrx_word' id='word_1_115' title='bbox 213 1622 354 1709; x_wconf 76' lang='grc' dir='ltr'>ἢμέρας.“</span> <span class='ocrx_word' id='word_1_116' title='bbox 400 1623 521 1689; x_wconf 84' lang='lat' dir='ltr'>cistell.</span> <span class='ocrx_word' id='word_1_117' title='bbox 548 1623 586 1701; x_wconf 88' lang='lat' dir='ltr'>V,</span> <span class='ocrx_word' id='word_1_118' title='bbox 608 1631 643 1688; x_wconf 89' lang='lat'>4:</span> <span class='ocrx_word' id='word_1_119' title='bbox 689 1627 813 1687; x_wconf 86' lang='lat' dir='ltr'>Gaudeo</span> <span class='ocrx_word' id='word_1_120' title='bbox 835 1626 890 1686; x_wconf 91' lang='lat' dir='ltr'>tibi</span> <span class='ocrx_word' id='word_1_121' title='bbox 911 1643 978 1686; x_wconf 90' lang='lat' dir='ltr'>mea</span> <span class='ocrx_word' id='word_1_122' title='bbox 1006 1641 1100 1700; x_wconf 87' lang='lat' dir='ltr'>opera</span> <span class='ocrx_word' id='word_1_123' title='bbox 1122 1626 1285 1688; x_wconf 78' lang='lat' dir='ltr'>liberorum</span> <span class='ocrx_word' id='word_1_124' title='bbox 1307 1648 1370 1692; x_wconf 85' lang='lat' dir='ltr'>esse</span> 
     </span>
     <span class='ocr_line' id='line_1_14' title="bbox 214 1720 1371 1802; baseline 0.001 -16"><span class='ocrx_word' id='word_1_125' title='bbox 214 1729 352 1801; x_wconf 86' lang='lat' dir='ltr'>amplius.</span> <span class='ocrx_word' id='word_1_126' title='bbox 397 1722 512 1786; x_wconf 81' lang='lat' dir='ltr'>Pseud.</span> <span class='ocrx_word' id='word_1_127' title='bbox 536 1720 560 1793; x_wconf 85' lang='grc' dir='ltr'><em>Ι,</em></span> <span class='ocrx_word' id='word_1_128' title='bbox 584 1727 613 1802; x_wconf 85' lang='grc'><em>5,</em></span> <span class='ocrx_word' id='word_1_129' title='bbox 637 1728 692 1786; x_wconf 84' lang='grc'>31;</span> <span class='ocrx_word' id='word_1_130' title='bbox 716 1726 816 1785; x_wconf 89' lang='lat' dir='ltr'>Bonus</span> <span class='ocrx_word' id='word_1_131' title='bbox 840 1726 956 1784; x_wconf 86' lang='lat' dir='ltr'>animus</span> <span class='ocrx_word' id='word_1_132' title='bbox 978 1726 1008 1781; x_wconf 92' lang='lat' dir='ltr'>iu</span> <span class='ocrx_word' id='word_1_133' title='bbox 1031 1724 1110 1783; x_wconf 88' lang='lat' dir='ltr'>mela</span> <span class='ocrx_word' id='word_1_134' title='bbox 1132 1742 1167 1784; x_wconf 90' lang='lat' dir='ltr'>re</span> <span class='ocrx_word' id='word_1_135' title='bbox 1190 1726 1371 1789; x_wconf 85' lang='lat' dir='ltr'>dimidiumst</span> 
     </span>
    </p>
   </div>
   <div class='ocr_carea' id='block_1_3' title="bbox 97 1817 1370 1899">
    <p class='ocr_par' dir='ltr' id='par_1_3' title="bbox 97 1817 1370 1899">
     <span class='ocr_line' id='line_1_15' title="bbox 97 1817 1370 1899; baseline 0.005 -18"><span class='ocrx_word' id='word_1_136' title='bbox 97 1845 104 1859; x_wconf 92' lang='lat'><strong>·</strong></span> <span class='ocrx_word' id='word_1_137' title='bbox 214 1826 293 1886; x_wconf 89' lang='lat' dir='ltr'>mali.</span> <span class='ocrx_word' id='word_1_138' title='bbox 339 1819 455 1885; x_wconf 83' lang='lat' dir='ltr'><strong>Bacch.</strong></span> <span class='ocrx_word' id='word_1_139' title='bbox 481 1820 516 1893; x_wconf 91' lang='lat' dir='ltr'>V,</span> <span class='ocrx_word' id='word_1_140' title='bbox 543 1824 571 1896; x_wconf 92' lang='grc'>2,</span> <span class='ocrx_word' id='word_1_141' title='bbox 595 1824 651 1884; x_wconf 83' lang='grc'>67;</span> <span class='ocrx_word' id='word_1_142' title='bbox 683 1823 845 1882; x_wconf 89' lang='lat' dir='ltr'>Dimidium</span> <span class='ocrx_word' id='word_1_143' title='bbox 869 1823 943 1882; x_wconf 89' lang='lat' dir='ltr'>auri.</span> <span class='ocrx_word' id='word_1_144' title='bbox 982 1817 1213 1899; x_wconf 84' lang='lat' dir='ltr'>Epid.lll,1,</span> <span class='ocrx_word' id='word_1_145' title='bbox 1240 1828 1370 1887; x_wconf 78' lang='lat' dir='ltr'>15:11e0</span> 
     </span>
    </p>
   </div>
   <div class='ocr_carea' id='block_1_4' title="bbox 198 1916 1371 4456">
    <p class='ocr_par' dir='ltr' id='par_1_4' title="bbox 198 1916 1371 4456">
     <span class='ocr_line' id='line_1_16' title="bbox 217 1916 1368 1998; baseline 0.007 -18"><span class='ocrx_word' id='word_1_146' title='bbox 217 1924 288 1980; x_wconf 88' lang='lat' dir='ltr'>mihi</span> <span class='ocrx_word' id='word_1_147' title='bbox 312 1922 382 1980; x_wconf 90' lang='lat' dir='ltr'>Plus</span> <span class='ocrx_word' id='word_1_148' title='bbox 404 1920 568 1980; x_wconf 85' lang='lat' dir='ltr'>adiumenti</span> <span class='ocrx_word' id='word_1_149' title='bbox 600 1921 672 1981; x_wconf 86' lang='lat' dir='ltr'>ades</span> <span class='ocrx_word' id='word_1_150' title='bbox 700 1938 787 1995; x_wconf 85' lang='lat' dir='ltr'>quam</span> <span class='ocrx_word' id='word_1_151' title='bbox 811 1923 862 1981; x_wconf 91' lang='lat' dir='ltr'>ille</span> <span class='ocrx_word' id='word_1_152' title='bbox 887 1921 937 1997; x_wconf 93' lang='lat' dir='ltr'>qui</span> <span class='ocrx_word' id='word_1_153' title='bbox 960 1922 1034 1982; x_wconf 85' lang='lat' dir='ltr'>cett.</span> <span class='ocrx_word' id='word_1_154' title='bbox 1074 1916 1172 1982; x_wconf 84' lang='lat' dir='ltr'>Mero.</span> <span class='ocrx_word' id='word_1_155' title='bbox 1196 1919 1236 1998; x_wconf 92' lang='lat' dir='ltr'>V,</span> <span class='ocrx_word' id='word_1_156' title='bbox 1259 1929 1291 1996; x_wconf 89' lang='lat'>4,</span> <span class='ocrx_word' id='word_1_157' title='bbox 1316 1929 1368 1988; x_wconf 81' lang='lat'>26:</span> 
     </span>
     <span class='ocr_line' id='line_1_17' title="bbox 212 2015 1370 2095; baseline 0.003 -16"><span class='ocrx_word' id='word_1_158' title='bbox 212 2020 271 2079; x_wconf 93' lang='lat' dir='ltr'>Ubi</span> <span class='ocrx_word' id='word_1_159' title='bbox 299 2021 358 2079; x_wconf 89' lang='lat' dir='ltr'>loci</span> <span class='ocrx_word' id='word_1_160' title='bbox 390 2021 448 2078; x_wconf 89' lang='lat' dir='ltr'>siet</span> <span class='ocrx_word' id='word_1_161' title='bbox 474 2036 523 2078; x_wconf 89' lang='lat' dir='ltr'>res</span> <span class='ocrx_word' id='word_1_162' title='bbox 556 2036 668 2079; x_wconf 85' lang='lat' dir='ltr'>summa</span> <span class='ocrx_word' id='word_1_163' title='bbox 694 2021 825 2094; x_wconf 85' lang='lat' dir='ltr'>puplica.</span> <span class='ocrx_word' id='word_1_164' title='bbox 870 2016 952 2081; x_wconf 89' lang='lat' dir='ltr'>Rud.</span> <span class='ocrx_word' id='word_1_165' title='bbox 982 2015 1036 2094; x_wconf 89' lang='lat' dir='ltr'>IV,</span> <span class='ocrx_word' id='word_1_166' title='bbox 1060 2021 1090 2095; x_wconf 88' lang='lat'>4,</span> <span class='ocrx_word' id='word_1_167' title='bbox 1116 2021 1194 2081; x_wconf 80' lang='lat'>117:</span> <span class='ocrx_word' id='word_1_168' title='bbox 1241 2024 1293 2082; x_wconf 92' lang='lat' dir='ltr'>uhi</span> <span class='ocrx_word' id='word_1_169' title='bbox 1315 2026 1370 2084; x_wconf 85' lang='lat' dir='ltr'>loci</span> 
     </span>
     <span class='ocr_line' id='line_1_18' title="bbox 212 2113 1369 2195; baseline 0.007 -20"><span class='ocrx_word' id='word_1_170' title='bbox 212 2122 281 2175; x_wconf 88' lang='lat' dir='ltr'>suut</span> <span class='ocrx_word' id='word_1_171' title='bbox 303 2135 372 2191; x_wconf 87' lang='lat' dir='ltr'>spes</span> <span class='ocrx_word' id='word_1_172' title='bbox 395 2117 502 2178; x_wconf 86' lang='lat' dir='ltr'>meae?</span> <span class='ocrx_word' id='word_1_173' title='bbox 547 2113 636 2194; x_wconf 86' lang='lat' dir='ltr'>Capt.</span> <span class='ocrx_word' id='word_1_174' title='bbox 661 2114 699 2194; x_wconf 94' lang='lat' dir='ltr'>V,</span> <span class='ocrx_word' id='word_1_175' title='bbox 724 2119 753 2195; x_wconf 91' lang='grc'>2,</span> <span class='ocrx_word' id='word_1_176' title='bbox 778 2122 813 2179; x_wconf 81' lang='lat'>5:</span> <span class='ocrx_word' id='word_1_177' title='bbox 836 2117 1051 2192; x_wconf 88' lang='lat' dir='ltr'>Propemodum</span> <span class='ocrx_word' id='word_1_178' title='bbox 1075 2117 1126 2177; x_wconf 90' lang='lat' dir='ltr'>uhi</span> <span class='ocrx_word' id='word_1_179' title='bbox 1149 2118 1209 2178; x_wconf 88' lang='lat' dir='ltr'>loci</span> <span class='ocrx_word' id='word_1_180' title='bbox 1233 2119 1369 2182; x_wconf 80' lang='lat' dir='ltr'>fortunae</span> 
     </span>
     <span class='ocr_line' id='line_1_19' title="bbox 211 2212 1371 2292; baseline 0.007 -18"><span class='ocrx_word' id='word_1_181' title='bbox 211 2226 280 2274; x_wconf 89' lang='lat' dir='ltr'>tuae</span> <span class='ocrx_word' id='word_1_182' title='bbox 303 2217 363 2275; x_wconf 86' lang='lat' dir='ltr'>sint</span> <span class='ocrx_word' id='word_1_183' title='bbox 385 2215 474 2275; x_wconf 85' lang='lat' dir='ltr'>facile</span> <span class='ocrx_word' id='word_1_184' title='bbox 497 2216 656 2290; x_wconf 79' lang='lat' dir='ltr'>intellegis.</span> <span class='ocrx_word' id='word_1_185' title='bbox 681 2213 768 2277; x_wconf 85' lang='lat' dir='ltr'>Asin.</span> <span class='ocrx_word' id='word_1_186' title='bbox 793 2212 818 2292; x_wconf 94' lang='grc' dir='ltr'><em>Ι,</em></span> <span class='ocrx_word' id='word_1_187' title='bbox 844 2219 871 2291; x_wconf 92' lang='grc'>1,</span> <span class='ocrx_word' id='word_1_188' title='bbox 898 2220 950 2278; x_wconf 82' lang='lat'>17:</span> <span class='ocrx_word' id='word_1_189' title='bbox 974 2215 1052 2289; x_wconf 82' lang='lat' dir='ltr'>Quid</span> <span class='ocrx_word' id='word_1_190' title='bbox 1074 2217 1153 2275; x_wconf 85' lang='lat' dir='ltr'>istuc</span> <span class='ocrx_word' id='word_1_191' title='bbox 1176 2222 1371 2281; x_wconf 77' lang='lat' dir='ltr'>ostentati</span> 
     </span>
     <span class='ocr_line' id='line_1_20' title="bbox 213 2310 1368 2394; baseline 0.006 -22"><span class='ocrx_word' id='word_1_192' title='bbox 213 2319 362 2374; x_wconf 81' lang='lat' dir='ltr'>terraram</span> <span class='ocrx_word' id='word_1_193' title='bbox 382 2315 459 2375; x_wconf 80' lang='lat' dir='ltr'>istac</span> <span class='ocrx_word' id='word_1_194' title='bbox 481 2320 528 2373; x_wconf 85' lang='lat' dir='ltr'>est</span> <span class='ocrx_word' id='word_1_195' title='bbox 550 2312 626 2375; x_wconf 76' lang='lat' dir='ltr'>loci?</span> <span class='ocrx_word' id='word_1_196' title='bbox 648 2311 743 2375; x_wconf 84' lang='lat' dir='ltr'>Mene.</span> <span class='ocrx_word' id='word_1_197' title='bbox 767 2310 811 2391; x_wconf 93' lang='grc' dir='ltr'>ΙΙ,</span> <span class='ocrx_word' id='word_1_198' title='bbox 834 2316 864 2388; x_wconf 85' lang='grc'><em>3,</em></span> <span class='ocrx_word' id='word_1_199' title='bbox 888 2316 942 2376; x_wconf 81' lang='lat'>97:</span> <span class='ocrx_word' id='word_1_200' title='bbox 965 2314 1126 2374; x_wconf 83' lang='lat' dir='ltr'>Ubinamat·</span> <span class='ocrx_word' id='word_1_201' title='bbox 1146 2315 1172 2374; x_wconf 90' lang='lat' dir='ltr'>is</span> <span class='ocrx_word' id='word_1_202' title='bbox 1188 2315 1278 2377; x_wconf 90' lang='lat' dir='ltr'>homo</span> <span class='ocrx_word' id='word_1_203' title='bbox 1299 2337 1368 2394; x_wconf 81' lang='lat' dir='ltr'>gen·</span> 
     </span>
     <span class='ocr_line' id='line_1_21' title="bbox 210 2408 1370 2491; baseline 0.004 -19"><span class='ocrx_word' id='word_1_204' title='bbox 210 2412 303 2472; x_wconf 81' lang='lat' dir='ltr'>tium?</span> <span class='ocrx_word' id='word_1_205' title='bbox 326 2410 412 2474; x_wconf 81' lang='lat' dir='ltr'>Asin.</span> <span class='ocrx_word' id='word_1_206' title='bbox 436 2408 479 2490; x_wconf 95' lang='grc' dir='ltr'><em>ΙΙ,</em></span> <span class='ocrx_word' id='word_1_207' title='bbox 504 2415 532 2489; x_wconf 92' lang='grc'>2,</span> <span class='ocrx_word' id='word_1_208' title='bbox 557 2414 612 2473; x_wconf 81' lang='lat' dir='ltr'>al:</span> <span class='ocrx_word' id='word_1_209' title='bbox 637 2413 702 2471; x_wconf 89' lang='lat' dir='ltr'>Nisi</span> <span class='ocrx_word' id='word_1_210' title='bbox 725 2412 870 2471; x_wconf 79' lang='lat' dir='ltr'>Libanum</span> <span class='ocrx_word' id='word_1_211' title='bbox 892 2414 1011 2472; x_wconf 84' lang='lat' dir='ltr'>invenio</span> <span class='ocrx_word' id='word_1_212' title='bbox 1033 2411 1102 2483; x_wconf 88' lang='lat' dir='ltr'>iam,</span> <span class='ocrx_word' id='word_1_213' title='bbox 1125 2412 1177 2470; x_wconf 92' lang='lat' dir='ltr'>uhi</span> <span class='ocrx_word' id='word_1_214' title='bbox 1199 2415 1282 2475; x_wconf 87' lang='lat' dir='ltr'>ubist</span> <span class='ocrx_word' id='word_1_215' title='bbox 1301 2434 1370 2491; x_wconf 80' lang='lat' dir='ltr'>geu·</span> 
     </span>
     <span class='ocr_line' id='line_1_22' title="bbox 210 2506 1368 2588; baseline 0.006 -20"><span class='ocrx_word' id='word_1_216' title='bbox 210 2512 292 2569; x_wconf 89' lang='lat' dir='ltr'>tium.</span> <span class='ocrx_word' id='word_1_217' title='bbox 331 2506 446 2572; x_wconf 90' lang='lat' dir='ltr'>Pseud.</span> <span class='ocrx_word' id='word_1_218' title='bbox 469 2506 495 2584; x_wconf 98' lang='grc' dir='ltr'>Ι,</span> <span class='ocrx_word' id='word_1_219' title='bbox 520 2513 548 2584; x_wconf 93' lang='lat' dir='ltr'>l,</span> <span class='ocrx_word' id='word_1_220' title='bbox 572 2511 626 2573; x_wconf 83' lang='lat'>96:</span> <span class='ocrx_word' id='word_1_221' title='bbox 651 2510 755 2586; x_wconf 87' lang='lat' dir='ltr'>Neque</span> <span class='ocrx_word' id='word_1_222' title='bbox 779 2511 892 2571; x_wconf 87' lang='lat' dir='ltr'>libellai</span> <span class='ocrx_word' id='word_1_223' title='bbox 915 2527 984 2584; x_wconf 87' lang='lat' dir='ltr'>spes</span> <span class='ocrx_word' id='word_1_224' title='bbox 1008 2512 1048 2571; x_wconf 84' lang='lat' dir='ltr'>sit</span> <span class='ocrx_word' id='word_1_225' title='bbox 1070 2526 1194 2585; x_wconf 86' lang='lat' dir='ltr'>usquam</span> <span class='ocrx_word' id='word_1_226' title='bbox 1219 2514 1368 2588; x_wconf 77' lang='lat' dir='ltr'>gentium?</span> 
     </span>
     <span class='ocr_line' id='line_1_23' title="bbox 212 2604 1371 2687; baseline 0.004 -19"><span class='ocrx_word' id='word_1_227' title='bbox 212 2606 307 2670; x_wconf 84' lang='lat' dir='ltr'>I’oeu.</span> <span class='ocrx_word' id='word_1_228' title='bbox 330 2604 386 2685; x_wconf 91' lang='lat' dir='ltr'>IV,</span> <span class='ocrx_word' id='word_1_229' title='bbox 412 2610 440 2684; x_wconf 84' lang='lat'>2,</span> <span class='ocrx_word' id='word_1_230' title='bbox 466 2612 500 2671; x_wconf 87' lang='lat'>3:</span> <span class='ocrx_word' id='word_1_231' title='bbox 545 2610 649 2683; x_wconf 90' lang='lat' dir='ltr'>Neque</span> <span class='ocrx_word' id='word_1_232' title='bbox 677 2610 829 2683; x_wconf 90' lang='lat' dir='ltr'>periurior</span> <span class='ocrx_word' id='word_1_233' title='bbox 862 2627 959 2684; x_wconf 88' lang='lat' dir='ltr'>neque</span> <span class='ocrx_word' id='word_1_234' title='bbox 993 2610 1079 2683; x_wconf 88' lang='lat' dir='ltr'>peior</span> <span class='ocrx_word' id='word_1_235' title='bbox 1107 2611 1186 2669; x_wconf 86' lang='lat' dir='ltr'>alter</span> <span class='ocrx_word' id='word_1_236' title='bbox 1217 2618 1371 2687; x_wconf 86' lang='lat' dir='ltr'>usquamst</span> 
     </span>
     <span class='ocr_line' id='line_1_24' title="bbox 209 2702 1369 2786; baseline 0.005 -21"><span class='ocrx_word' id='word_1_237' title='bbox 209 2709 349 2781; x_wconf 81' lang='lat' dir='ltr'>gentium.</span> <span class='ocrx_word' id='word_1_238' title='bbox 394 2702 509 2769; x_wconf 87' lang='lat' dir='ltr'>Pseud.</span> <span class='ocrx_word' id='word_1_239' title='bbox 538 2702 563 2783; x_wconf 93' lang='lat' dir='ltr'>I,</span> <span class='ocrx_word' id='word_1_240' title='bbox 592 2709 622 2783; x_wconf 89' lang='lat'>4,</span> <span class='ocrx_word' id='word_1_241' title='bbox 653 2710 687 2771; x_wconf 89' lang='lat'>9:</span> <span class='ocrx_word' id='word_1_242' title='bbox 736 2712 911 2780; x_wconf 84' lang='lat' dir='ltr'>nusquamst</span> <span class='ocrx_word' id='word_1_243' title='bbox 938 2708 1079 2781; x_wconf 80' lang='lat' dir='ltr'>gentium.</span> <span class='ocrx_word' id='word_1_244' title='bbox 1125 2702 1192 2768; x_wconf 86' lang='lat' dir='ltr'>llil.</span> <span class='ocrx_word' id='word_1_245' title='bbox 1216 2704 1259 2786; x_wconf 87' lang='lat' dir='ltr'>H,</span> <span class='ocrx_word' id='word_1_246' title='bbox 1285 2714 1314 2783; x_wconf 89' lang='lat'>3,</span> <span class='ocrx_word' id='word_1_247' title='bbox 1336 2712 1369 2771; x_wconf 86' lang='grc'><em>2;</em></span> 
     </span>
     <span class='ocr_line' id='line_1_25' title="bbox 208 2801 1370 2888; baseline 0.006 -23"><span class='ocrx_word' id='word_1_248' title='bbox 208 2808 258 2865; x_wconf 85' lang='lat' dir='ltr'>Me</span> <span class='ocrx_word' id='word_1_249' title='bbox 282 2806 390 2864; x_wconf 82' lang='lat' dir='ltr'>vidisse</span> <span class='ocrx_word' id='word_1_250' title='bbox 420 2807 468 2865; x_wconf 88' lang='lat' dir='ltr'>hie</span> <span class='ocrx_word' id='word_1_251' title='bbox 491 2820 652 2879; x_wconf 85' lang='lat' dir='ltr'>proxumae</span> <span class='ocrx_word' id='word_1_252' title='bbox 674 2805 815 2874; x_wconf 83' lang='lat' dir='ltr'>viciniae,</span> <span class='ocrx_word' id='word_1_253' title='bbox 839 2801 880 2866; x_wconf 90' lang='lat' dir='ltr'>de</span> <span class='ocrx_word' id='word_1_254' title='bbox 903 2820 965 2882; x_wconf 92' lang='lat' dir='ltr'>quo</span> <span class='ocrx_word' id='word_1_255' title='bbox 988 2801 1059 2866; x_wconf 90' lang='lat' dir='ltr'>loco</span> <span class='ocrx_word' id='word_1_256' title='bbox 1080 2803 1161 2879; x_wconf 85' lang='lat' dir='ltr'>vide,</span> <span class='ocrx_word' id='word_1_257' title='bbox 1187 2821 1272 2883; x_wconf 87' lang='lat' dir='ltr'>quae</span> <span class='ocrx_word' id='word_1_258' title='bbox 1296 2806 1314 2888; x_wconf 63' lang='lat' dir='ltr'>p*</span> <span class='ocrx_word' id='word_1_259' title='bbox 1333 2813 1370 2873; x_wconf 91' lang='lat'>14</span> 
     </span>
     <span class='ocr_line' id='line_1_26' title="bbox 207 2897 1370 2981; baseline 0.002 -17"><span class='ocrx_word' id='word_1_260' title='bbox 207 2906 288 2964; x_wconf 84' lang='lat' dir='ltr'>extr.</span> <span class='ocrx_word' id='word_1_261' title='bbox 312 2900 503 2966; x_wconf 82' lang='lat' dir='ltr'>dictasunt.</span> <span class='ocrx_word' id='word_1_262' title='bbox 542 2897 619 2966; x_wconf 80' lang='lat' dir='ltr'>cist.</span> <span class='ocrx_word' id='word_1_263' title='bbox 643 2899 686 2981; x_wconf 89' lang='grc' dir='ltr'><em>ΙΙ,</em></span> <span class='ocrx_word' id='word_1_264' title='bbox 714 2906 740 2979; x_wconf 90' lang='grc'>1,</span> <span class='ocrx_word' id='word_1_265' title='bbox 766 2906 820 2968; x_wconf 84' lang='lat'>35:</span> <span class='ocrx_word' id='word_1_266' title='bbox 842 2903 920 2975; x_wconf 82' lang='lat' dir='ltr'>Quid</span> <span class='ocrx_word' id='word_1_267' title='bbox 942 2920 997 2977; x_wconf 78' lang='lat' dir='ltr'>ego</span> <span class='ocrx_word' id='word_1_268' title='bbox 1020 2920 1098 2962; x_wconf 88' lang='lat' dir='ltr'>nunc</span> <span class='ocrx_word' id='word_1_269' title='bbox 1122 2903 1229 2979; x_wconf 79' lang='lat' dir='ltr'>agam?</span> <span class='ocrx_word' id='word_1_270' title='bbox 1267 2906 1301 2966; x_wconf 86' lang='lat' dir='ltr'>Si</span> <span class='ocrx_word' id='word_1_271' title='bbox 1323 2924 1370 2966; x_wconf 90' lang='lat' dir='ltr'>re·</span> 
     </span>
     <span class='ocr_line' id='line_1_27' title="bbox 208 2996 1370 3085; baseline 0.004 -25"><span class='ocrx_word' id='word_1_272' title='bbox 208 3002 299 3060; x_wconf 86' lang='lat' dir='ltr'>dierit</span> <span class='ocrx_word' id='word_1_273' title='bbox 320 3002 377 3061; x_wconf 90' lang='lat' dir='ltr'>Illa</span> <span class='ocrx_word' id='word_1_274' title='bbox 399 3002 437 3061; x_wconf 88' lang='lat' dir='ltr'>ad</span> <span class='ocrx_word' id='word_1_275' title='bbox 456 3004 543 3075; x_wconf 87' lang='lat' dir='ltr'>huuc,</span> <span class='ocrx_word' id='word_1_276' title='bbox 566 3003 675 3085; x_wconf 75' lang='lat' dir='ltr'>ibidem</span> <span class='ocrx_word' id='word_1_277' title='bbox 696 3001 752 3060; x_wconf 80' lang='lat' dir='ltr'>loci</span> <span class='ocrx_word' id='word_1_278' title='bbox 774 3019 825 3062; x_wconf 87' lang='lat' dir='ltr'>res</span> <span class='ocrx_word' id='word_1_279' title='bbox 848 3004 916 3061; x_wconf 87' lang='lat' dir='ltr'>erit</span> <span class='ocrx_word' id='word_1_280' title='bbox 950 2997 1066 3063; x_wconf 81' lang='lat' dir='ltr'>Bacch.</span> <span class='ocrx_word' id='word_1_281' title='bbox 1090 2996 1146 3078; x_wconf 92' lang='lat' dir='ltr'>IV,</span> <span class='ocrx_word' id='word_1_282' title='bbox 1170 3005 1199 3079; x_wconf 84' lang='grc'>1,</span> <span class='ocrx_word' id='word_1_283' title='bbox 1223 3006 1280 3065; x_wconf 85' lang='lat'>33:</span> <span class='ocrx_word' id='word_1_284' title='bbox 1307 3006 1370 3077; x_wconf 80' lang='lat' dir='ltr'>Quo</span> 
     </span>
     <span class='ocr_line' id='line_1_28' title="bbox 206 3095 1370 3178; baseline 0.003 -20"><span class='ocrx_word' id='word_1_285' title='bbox 206 3099 358 3174; x_wconf 77' lang='lat' dir='ltr'>gentium?</span> <span class='ocrx_word' id='word_1_286' title='bbox 400 3095 482 3162; x_wconf 84' lang='lat' dir='ltr'>aad.</span> <span class='ocrx_word' id='word_1_287' title='bbox 507 3096 565 3178; x_wconf 91' lang='lat'>111,</span> <span class='ocrx_word' id='word_1_288' title='bbox 591 3104 619 3177; x_wconf 79' lang='lat'>5,</span> <span class='ocrx_word' id='word_1_289' title='bbox 643 3103 700 3162; x_wconf 88' lang='lat'>44:</span> <span class='ocrx_word' id='word_1_290' title='bbox 746 3101 813 3160; x_wconf 87' lang='lat' dir='ltr'>Nou</span> <span class='ocrx_word' id='word_1_291' title='bbox 836 3100 937 3160; x_wconf 89' lang='lat' dir='ltr'>hercle</span> <span class='ocrx_word' id='word_1_292' title='bbox 962 3116 1020 3175; x_wconf 93' lang='lat' dir='ltr'>quo</span> <span class='ocrx_word' id='word_1_293' title='bbox 1043 3101 1113 3158; x_wconf 89' lang='lat' dir='ltr'>hino</span> <span class='ocrx_word' id='word_1_294' title='bbox 1135 3117 1214 3159; x_wconf 91' lang='lat' dir='ltr'>nunc</span> <span class='ocrx_word' id='word_1_295' title='bbox 1237 3105 1370 3176; x_wconf 81' lang='lat' dir='ltr'>gentium</span> 
     </span>
     <span class='ocr_line' id='line_1_29' title="bbox 209 3195 1370 3274; baseline -0.001 -12"><span class='ocrx_word' id='word_1_296' title='bbox 209 3198 356 3274; x_wconf 83' lang='lat' dir='ltr'>aufugiam</span> <span class='ocrx_word' id='word_1_297' title='bbox 386 3201 457 3261; x_wconf 84' lang='lat' dir='ltr'>acio.</span> <span class='ocrx_word' id='word_1_298' title='bbox 509 3196 608 3262; x_wconf 88' lang='lat' dir='ltr'>Mero.</span> <span class='ocrx_word' id='word_1_299' title='bbox 637 3195 679 3273; x_wconf 89' lang='lat' dir='ltr'>V,</span> <span class='ocrx_word' id='word_1_300' title='bbox 709 3199 742 3274; x_wconf 92' lang='grc'><em>2,</em></span> <span class='ocrx_word' id='word_1_301' title='bbox 773 3201 826 3259; x_wconf 82' lang='lat'>17:</span> <span class='ocrx_word' id='word_1_302' title='bbox 873 3198 997 3272; x_wconf 84' lang='lat' dir='ltr'>Quoquo</span> <span class='ocrx_word' id='word_1_303' title='bbox 1032 3214 1068 3257; x_wconf 89' lang='lat' dir='ltr'>ea</span> <span class='ocrx_word' id='word_1_304' title='bbox 1100 3198 1170 3257; x_wconf 92' lang='lat' dir='ltr'>hiue</span> <span class='ocrx_word' id='word_1_305' title='bbox 1210 3199 1370 3261; x_wconf 78' lang='lat' dir='ltr'>abductast</span> 
     </span>
     <span class='ocr_line' id='line_1_30' title="bbox 206 3293 1370 3375; baseline 0 -15"><span class='ocrx_word' id='word_1_306' title='bbox 206 3300 347 3375; x_wconf 86' lang='lat' dir='ltr'>gentium.</span> <span class='ocrx_word' id='word_1_307' title='bbox 398 3294 475 3360; x_wconf 76' lang='lat' dir='ltr'>Cisb</span> <span class='ocrx_word' id='word_1_308' title='bbox 504 3293 567 3374; x_wconf 91' lang='lat' dir='ltr'>IV,</span> <span class='ocrx_word' id='word_1_309' title='bbox 599 3302 630 3372; x_wconf 94' lang='lat' dir='ltr'>l,</span> <span class='ocrx_word' id='word_1_310' title='bbox 661 3299 719 3358; x_wconf 82' lang='lat'>17:</span> <span class='ocrx_word' id='word_1_311' title='bbox 763 3296 841 3356; x_wconf 81' lang='lat' dir='ltr'>unde</span> <span class='ocrx_word' id='word_1_312' title='bbox 877 3295 952 3354; x_wconf 89' lang='lat' dir='ltr'>haec</span> <span class='ocrx_word' id='word_1_313' title='bbox 979 3295 1134 3368; x_wconf 73' lang='lat' dir='ltr'>peritiam?</span> <span class='ocrx_word' id='word_1_314' title='bbox 1185 3293 1280 3374; x_wconf 84' lang='lat' dir='ltr'>Epid.</span> <span class='ocrx_word' id='word_1_315' title='bbox 1310 3295 1370 3373; x_wconf 86' lang='grc' dir='ltr'><em>ΙΙΙ,</em></span> 
     </span>
     <span class='ocr_line' id='line_1_31' title="bbox 211 3390 1371 3473; baseline -0.003 -13"><span class='ocrx_word' id='word_1_316' title='bbox 211 3402 242 3473; x_wconf 84' lang='grc'><em>4,</em></span> <span class='ocrx_word' id='word_1_317' title='bbox 266 3400 306 3458; x_wconf 84' lang='grc'>47</span> <span class='ocrx_word' id='word_1_318' title='bbox 314 3415 321 3452; x_wconf 89' lang='lat'><strong>:</strong></span> <span class='ocrx_word' id='word_1_319' title='bbox 343 3397 422 3456; x_wconf 91' lang='lat' dir='ltr'>unde</span> <span class='ocrx_word' id='word_1_320' title='bbox 446 3397 521 3455; x_wconf 87' lang='lat' dir='ltr'>haee</span> <span class='ocrx_word' id='word_1_321' title='bbox 544 3398 634 3471; x_wconf 80' lang='lat' dir='ltr'>igitur</span> <span class='ocrx_word' id='word_1_322' title='bbox 657 3393 840 3471; x_wconf 79' lang='lat' dir='ltr'>gentiumst?</span> <span class='ocrx_word' id='word_1_323' title='bbox 883 3390 971 3455; x_wconf 80' lang='lat' dir='ltr'>Asin.</span> <span class='ocrx_word' id='word_1_324' title='bbox 997 3390 1023 3470; x_wconf 96' lang='grc' dir='ltr'><em>Ι,</em></span> <span class='ocrx_word' id='word_1_325' title='bbox 1049 3396 1076 3469; x_wconf 94' lang='lat' dir='ltr'>l,</span> <span class='ocrx_word' id='word_1_326' title='bbox 1101 3397 1155 3454; x_wconf 82' lang='lat'>77:</span> <span class='ocrx_word' id='word_1_327' title='bbox 1178 3394 1259 3455; x_wconf 84' lang='lat' dir='ltr'>Face</span> <span class='ocrx_word' id='word_1_328' title='bbox 1283 3396 1316 3455; x_wconf 92' lang='lat' dir='ltr'>id</span> <span class='ocrx_word' id='word_1_329' title='bbox 1337 3405 1371 3457; x_wconf 92' lang='lat' dir='ltr'>ut</span> 
     </span>
     <span class='ocr_line' id='line_1_32' title="bbox 205 3487 1370 3572; baseline -0.001 -16"><span class='ocrx_word' id='word_1_330' title='bbox 205 3505 342 3572; x_wconf 88' lang='lat' dir='ltr'>paratum</span> <span class='ocrx_word' id='word_1_331' title='bbox 365 3497 424 3555; x_wconf 90' lang='lat' dir='ltr'>iam</span> <span class='ocrx_word' id='word_1_332' title='bbox 447 3496 494 3555; x_wconf 87' lang='lat' dir='ltr'>sit.</span> <span class='ocrx_word' id='word_1_333' title='bbox 518 3491 571 3556; x_wconf 90' lang='lat' dir='ltr'>Ll.</span> <span class='ocrx_word' id='word_1_334' title='bbox 596 3494 681 3555; x_wconf 89' lang='lat' dir='ltr'>Unde</span> <span class='ocrx_word' id='word_1_335' title='bbox 704 3492 863 3567; x_wconf 79' lang='lat' dir='ltr'>gentium?</span> <span class='ocrx_word' id='word_1_336' title='bbox 886 3489 978 3569; x_wconf 82' lang='lat' dir='ltr'>Capt.</span> <span class='ocrx_word' id='word_1_337' title='bbox 1004 3487 1047 3566; x_wconf 94' lang='grc' dir='ltr'><em>ΙΙ,</em></span> <span class='ocrx_word' id='word_1_338' title='bbox 1071 3494 1100 3564; x_wconf 88' lang='grc'><em>3,</em></span> <span class='ocrx_word' id='word_1_339' title='bbox 1122 3494 1177 3552; x_wconf 79' lang='lat'>25:</span> <span class='ocrx_word' id='word_1_340' title='bbox 1206 3493 1249 3553; x_wconf 92' lang='lat' dir='ltr'>Ut</span> <span class='ocrx_word' id='word_1_341' title='bbox 1271 3496 1370 3555; x_wconf 90' lang='lat' dir='ltr'>adhuc</span> 
     </span>
     <span class='ocr_line' id='line_1_33' title="bbox 205 3582 1369 3667; baseline -0.002 -11"><span class='ocrx_word' id='word_1_342' title='bbox 205 3599 339 3657; x_wconf 83' lang='lat' dir='ltr'>locorum</span> <span class='ocrx_word' id='word_1_343' title='bbox 360 3592 429 3655; x_wconf 82' lang='lat' dir='ltr'>leci.</span> <span class='ocrx_word' id='word_1_344' title='bbox 475 3589 559 3654; x_wconf 91' lang='lat' dir='ltr'>Men.</span> <span class='ocrx_word' id='word_1_345' title='bbox 581 3588 639 3665; x_wconf 93' lang='grc' dir='ltr'><em>ΙΙΙ,</em></span> <span class='ocrx_word' id='word_1_346' title='bbox 667 3594 695 3667; x_wconf 94' lang='grc'>1,</span> <span class='ocrx_word' id='word_1_347' title='bbox 721 3593 754 3651; x_wconf 91' lang='lat' dir='ltr'>l:</span> <span class='ocrx_word' id='word_1_348' title='bbox 778 3591 897 3651; x_wconf 87' lang='lat' dir='ltr'>interea</span> <span class='ocrx_word' id='word_1_349' title='bbox 917 3591 986 3650; x_wconf 90' lang='lat' dir='ltr'>loci.</span> <span class='ocrx_word' id='word_1_350' title='bbox 1032 3582 1110 3651; x_wconf 80' lang='lat' dir='ltr'>dist.</span> <span class='ocrx_word' id='word_1_351' title='bbox 1133 3593 1369 3654; x_wconf 69' lang='lat' dir='ltr'>catervans:</span> 
     </span>
     <span class='ocr_line' id='line_1_34' title="bbox 204 3686 1371 3770; baseline -0.006 -14"><span class='ocrx_word' id='word_1_352' title='bbox 204 3695 346 3770; x_wconf 88' lang='lat' dir='ltr'>postidea</span> <span class='ocrx_word' id='word_1_353' title='bbox 368 3694 435 3752; x_wconf 88' lang='lat' dir='ltr'>loci.</span> <span class='ocrx_word' id='word_1_354' title='bbox 479 3686 594 3752; x_wconf 84' lang='lat' dir='ltr'>Bacch.</span> <span class='ocrx_word' id='word_1_355' title='bbox 619 3686 674 3762; x_wconf 91' lang='lat' dir='ltr'>IV,</span> <span class='ocrx_word' id='word_1_356' title='bbox 698 3689 728 3761; x_wconf 89' lang='lat'>8,</span> <span class='ocrx_word' id='word_1_357' title='bbox 752 3689 807 3749; x_wconf 85' lang='lat'>37:</span> <span class='ocrx_word' id='word_1_358' title='bbox 851 3689 974 3749; x_wconf 85' lang='lat' dir='ltr'>verbum</span> <span class='ocrx_word' id='word_1_359' title='bbox 997 3695 1045 3747; x_wconf 87' lang='lat' dir='ltr'>sat</span> <span class='ocrx_word' id='word_1_360' title='bbox 1068 3693 1132 3763; x_wconf 91' lang='lat' dir='ltr'>est,</span> <span class='ocrx_word' id='word_1_361' title='bbox 1164 3686 1220 3751; x_wconf 93' lang='lat' dir='ltr'>ubi</span> <span class='ocrx_word' id='word_1_362' title='bbox 1247 3691 1371 3750; x_wconf 66' lang='lat' dir='ltr'>vahan</span> 
     </span>
     <span class='ocr_line' id='line_1_35' title="bbox 206 3784 1369 3872; baseline -0.007 -15"><span class='ocrx_word' id='word_1_363' title='bbox 206 3798 257 3857; x_wconf 89' lang='lat' dir='ltr'>est</span> <span class='ocrx_word' id='word_1_364' title='bbox 278 3787 448 3872; x_wconf 86' lang='lat' dir='ltr'>genitivus,</span> <span class='ocrx_word' id='word_1_365' title='bbox 471 3785 533 3849; x_wconf 82' lang='lat' dir='ltr'>vid.</span> <span class='ocrx_word' id='word_1_366' title='bbox 556 3786 662 3850; x_wconf 90' lang='lat' dir='ltr'>adnot.</span> <span class='ocrx_word' id='word_1_367' title='bbox 687 3786 818 3852; x_wconf 84' lang='lat' dir='ltr'>Taubm.</span> <span class='ocrx_word' id='word_1_368' title='bbox 842 3784 958 3850; x_wconf 86' lang='lat' dir='ltr'>Bacch.</span> <span class='ocrx_word' id='word_1_369' title='bbox 982 3787 1126 3850; x_wconf 77' lang='grc' dir='ltr'>ι.1182;</span> <span class='ocrx_word' id='word_1_370' title='bbox 1151 3788 1231 3847; x_wconf 83' lang='lat' dir='ltr'>Satis</span> <span class='ocrx_word' id='word_1_371' title='bbox 1250 3818 1296 3829; x_wconf 94' lang='lat'><strong>—</strong></span> <span class='ocrx_word' id='word_1_372' title='bbox 1318 3806 1369 3849; x_wconf 85' lang='grc' dir='ltr'>ιο-</span> 
     </span>
     <span class='ocr_line' id='line_1_36' title="bbox 206 3881 1371 3965; baseline -0.003 -13"><span class='ocrx_word' id='word_1_373' title='bbox 206 3893 292 3953; x_wconf 82' lang='lat' dir='ltr'>strist</span> <span class='ocrx_word' id='word_1_374' title='bbox 315 3887 446 3960; x_wconf 81' lang='lat' dir='ltr'>convivi,</span> <span class='ocrx_word' id='word_1_375' title='bbox 485 3885 570 3965; x_wconf 94' lang='lat' dir='ltr'>quod</span> <span class='ocrx_word' id='word_1_376' title='bbox 597 3882 821 3950; x_wconf 86' lang='lat' dir='ltr'>Schmiederus</span> <span class='ocrx_word' id='word_1_377' title='bbox 851 3881 948 3964; x_wconf 61' lang='lat' dir='ltr'>euple</span> <span class='ocrx_word' id='word_1_378' title='bbox 987 3884 1144 3963; x_wconf 88' lang='lat' dir='ltr'>„satiatus</span> <span class='ocrx_word' id='word_1_379' title='bbox 1172 3883 1236 3947; x_wconf 83' lang='lat' dir='ltr'>iam</span> <span class='ocrx_word' id='word_1_380' title='bbox 1258 3892 1371 3948; x_wconf 85' lang='lat' dir='ltr'>vestro</span> 
     </span>
     <span class='ocr_line' id='line_1_37' title="bbox 206 3982 1368 4064; baseline -0.009 -11"><span class='ocrx_word' id='word_1_381' title='bbox 206 4004 276 4053; x_wconf 87' lang='lat' dir='ltr'>sum</span> <span class='ocrx_word' id='word_1_382' title='bbox 300 3983 475 4051; x_wconf 81' lang='lat' dir='ltr'>convivio.“</span> <span class='ocrx_word' id='word_1_383' title='bbox 518 3983 631 4050; x_wconf 86' lang='lat' dir='ltr'>Bacch.</span> <span class='ocrx_word' id='word_1_384' title='bbox 648 3982 706 4064; x_wconf 87' lang='lat' dir='ltr'>IV,</span> <span class='ocrx_word' id='word_1_385' title='bbox 730 3987 760 4064; x_wconf 83' lang='grc'><em>3,</em></span> <span class='ocrx_word' id='word_1_386' title='bbox 784 3988 839 4047; x_wconf 81' lang='lat'>26:</span> <span class='ocrx_word' id='word_1_387' title='bbox 864 3985 919 4045; x_wconf 88' lang='lat' dir='ltr'>Sat</span> <span class='ocrx_word' id='word_1_388' title='bbox 940 3985 1036 4060; x_wconf 78' lang='lat' dir='ltr'>agitas</span> <span class='ocrx_word' id='word_1_389' title='bbox 1060 3990 1093 4045; x_wconf 91' lang='lat' dir='ltr'>tu</span> <span class='ocrx_word' id='word_1_390' title='bbox 1115 3991 1234 4045; x_wconf 86' lang='lat' dir='ltr'>tuarum</span> <span class='ocrx_word' id='word_1_391' title='bbox 1256 4001 1368 4044; x_wconf 85' lang='lat' dir='ltr'>rerum.</span> 
     </span>
     <span class='ocr_line' id='line_1_38' title="bbox 205 4078 1368 4164; baseline -0.005 -13"><span class='ocrx_word' id='word_1_392' title='bbox 205 4084 294 4151; x_wconf 78' lang='lat' dir='ltr'>Asin.</span> <span class='ocrx_word' id='word_1_393' title='bbox 316 4081 356 4164; x_wconf 89' lang='lat' dir='ltr'>V,</span> <span class='ocrx_word' id='word_1_394' title='bbox 380 4089 410 4160; x_wconf 92' lang='grc'><em>2,</em></span> <span class='ocrx_word' id='word_1_395' title='bbox 433 4085 489 4146; x_wconf 82' lang='grc'>61;</span> <span class='ocrx_word' id='word_1_396' title='bbox 513 4090 560 4145; x_wconf 86' lang='lat' dir='ltr'>sat</span> <span class='ocrx_word' id='word_1_397' title='bbox 582 4086 712 4145; x_wconf 83' lang='lat' dir='ltr'>salutist.</span> <span class='ocrx_word' id='word_1_398' title='bbox 755 4079 871 4160; x_wconf 75' lang='lat' dir='ltr'>Amph</span> <span class='ocrx_word' id='word_1_399' title='bbox 894 4078 976 4160; x_wconf 87' lang='lat' dir='ltr'>prol.</span> <span class='ocrx_word' id='word_1_400' title='bbox 998 4099 1027 4146; x_wconf 83' lang='lat' dir='ltr'>v.</span> <span class='ocrx_word' id='word_1_401' title='bbox 1051 4085 1110 4148; x_wconf 80' lang='lat'>79:</span> <span class='ocrx_word' id='word_1_402' title='bbox 1133 4083 1187 4143; x_wconf 84' lang='lat' dir='ltr'>Sat</span> <span class='ocrx_word' id='word_1_403' title='bbox 1207 4083 1302 4145; x_wconf 84' lang='lat' dir='ltr'>habet</span> <span class='ocrx_word' id='word_1_404' title='bbox 1324 4083 1368 4145; x_wconf 76' lang='lat' dir='ltr'>ia·</span> 
     </span>
     <span class='ocr_line' id='line_1_39' title="bbox 203 4176 1369 4258; baseline -0.003 -12"><span class='ocrx_word' id='word_1_405' title='bbox 203 4188 333 4247; x_wconf 84' lang='lat' dir='ltr'>vitorum</span> <span class='ocrx_word' id='word_1_406' title='bbox 353 4199 472 4258; x_wconf 85' lang='lat' dir='ltr'>semper</span> <span class='ocrx_word' id='word_1_407' title='bbox 495 4183 545 4258; x_wconf 90' lang='lat' dir='ltr'>qui</span> <span class='ocrx_word' id='word_1_408' title='bbox 568 4191 651 4243; x_wconf 86' lang='lat' dir='ltr'>reete</span> <span class='ocrx_word' id='word_1_409' title='bbox 677 4179 760 4242; x_wconf 84' lang='lat' dir='ltr'>iacit</span> <span class='ocrx_word' id='word_1_410' title='bbox 806 4178 900 4243; x_wconf 89' lang='lat' dir='ltr'>Truc.</span> <span class='ocrx_word' id='word_1_411' title='bbox 926 4176 968 4258; x_wconf 94' lang='grc' dir='ltr'><em>ΙΙ,</em></span> <span class='ocrx_word' id='word_1_412' title='bbox 992 4183 1022 4254; x_wconf 91' lang='grc'>2,</span> <span class='ocrx_word' id='word_1_413' title='bbox 1044 4185 1082 4242; x_wconf 89' lang='lat'>4:</span> <span class='ocrx_word' id='word_1_414' title='bbox 1106 4181 1180 4243; x_wconf 72' lang='lat' dir='ltr'>sada</span> <span class='ocrx_word' id='word_1_415' title='bbox 1203 4181 1277 4242; x_wconf 81' lang='lat' dir='ltr'>mist</span> <span class='ocrx_word' id='word_1_416' title='bbox 1298 4189 1369 4243; x_wconf 81' lang='lat' dir='ltr'>tuae</span> 
     </span>
     <span class='ocr_line' id='line_1_40' title="bbox 200 4273 1364 4358; baseline 0.001 -17"><span class='ocrx_word' id='word_1_417' title='bbox 200 4285 320 4344; x_wconf 73' lang='lat' dir='ltr'>salatia.</span> <span class='ocrx_word' id='word_1_418' title='bbox 365 4279 496 4358; x_wconf 82' lang='lat' dir='ltr'>Fragm.</span> <span class='ocrx_word' id='word_1_419' title='bbox 520 4276 721 4343; x_wconf 81' lang='lat' dir='ltr'>Cistellariae</span> <span class='ocrx_word' id='word_1_420' title='bbox 744 4276 855 4358; x_wconf 81' lang='lat' dir='ltr'>[vulgo</span> <span class='ocrx_word' id='word_1_421' title='bbox 879 4273 1088 4357; x_wconf 76' lang='lat' dir='ltr'>clitellariae]</span> <span class='ocrx_word' id='word_1_422' title='bbox 1111 4294 1142 4357; x_wconf 93' lang='lat' dir='ltr'>p.</span> <span class='ocrx_word' id='word_1_423' title='bbox 1166 4280 1241 4355; x_wconf 85' lang='grc'><em>477,</em></span> <span class='ocrx_word' id='word_1_424' title='bbox 1264 4294 1294 4342; x_wconf 83' lang='lat' dir='ltr'>v.</span> <span class='ocrx_word' id='word_1_425' title='bbox 1307 4281 1364 4342; x_wconf 81' lang='lat'>25:</span> 
     </span>
     <span class='ocr_line' id='line_1_41' title="bbox 198 4375 1364 4456; baseline -0.003 -12"><span class='ocrx_word' id='word_1_426' title='bbox 198 4383 368 4444; x_wconf 79' lang='lat' dir='ltr'>Aliorumrt</span> <span class='ocrx_word' id='word_1_427' title='bbox 399 4381 521 4442; x_wconf 77' lang='lat' dir='ltr'>affatim</span> <span class='ocrx_word' id='word_1_428' title='bbox 568 4375 634 4440; x_wconf 84' lang='lat' dir='ltr'>alil</span> <span class='ocrx_word' id='word_1_429' title='bbox 661 4375 718 4456; x_wconf 87' lang='lat' dir='ltr'>IV,</span> <span class='ocrx_word' id='word_1_430' title='bbox 748 4382 776 4455; x_wconf 92' lang='lat'>1,</span> <span class='ocrx_word' id='word_1_431' title='bbox 800 4379 861 4441; x_wconf 81' lang='lat'>33:</span> <span class='ocrx_word' id='word_1_432' title='bbox 905 4379 973 4441; x_wconf 82' lang='lat' dir='ltr'>Tibi</span> <span class='ocrx_word' id='word_1_433' title='bbox 997 4380 1168 4441; x_wconf 79' lang='lat' dir='ltr'>diuitiarum</span> <span class='ocrx_word' id='word_1_434' title='bbox 1200 4376 1364 4441; x_wconf 75' lang='lat' dir='ltr'>adlatimst</span> 
     </span>
    </p>
   </div>
   <div class='ocr_carea' id='block_1_5' title="bbox 0 0 1568 5075">
    <p class='ocr_par' dir='ltr' id='par_1_5' title="bbox 0 0 1568 5075">
     <span class='ocr_line' id='line_1_42' title="bbox 0 0 1568 5075; baseline 0 3"><span class='ocrx_word' id='word_1_435' title='bbox 0 0 1568 5075; x_wconf 95' lang='lat' dir='ltr'> </span> 
     </span>
    </p>
   </div>
  </div>
 </body>
</html>
