<?xml version="1.0" encoding="UTF-8"?>
<!DOCTYPE html PUBLIC "-//W3C//DTD XHTML 1.0 Transitional//EN"
    "http://www.w3.org/TR/xhtml1/DTD/xhtml1-transitional.dtd">
<html xmlns="http://www.w3.org/1999/xhtml" xml:lang="en" lang="en">
 <head>
  <title>
</title>
<meta http-equiv="Content-Type" content="text/html;charset=utf-8" />
  <meta name='ocr-system' content='tesseract 3.04.00' />
  <meta name='ocr-capabilities' content='ocr_page ocr_carea ocr_par ocr_line ocrx_word'/>
</head>
<body>
  <div class='ocr_page' id='page_1' title='image "./syntaxispriscor00holtgoog_0586.png"; bbox 0 0 3125 5075; ppageno 0'>
   <div class='ocr_carea' id='block_1_1' title="bbox 473 337 1289 405">
    <p class='ocr_par' dir='ltr' id='par_1_1' title="bbox 473 337 1289 405">
     <span class='ocr_line' id='line_1_1' title="bbox 473 337 1289 405; baseline 0.016 -29"><span class='ocrx_word' id='word_1_1' title='bbox 473 338 513 377; x_wconf 75' lang='lat' dir='ltr'>DE</span> <span class='ocrx_word' id='word_1_2' title='bbox 529 337 906 379; x_wconf 69' lang='lat' dir='ltr'>rionis.-1tinicsT1vus.-</span> <span class='ocrx_word' id='word_1_3' title='bbox 923 338 991 377; x_wconf 71' lang='lat' dir='ltr'>DUM.</span> <span class='ocrx_word' id='word_1_4' title='bbox 1231 347 1289 405; x_wconf 72' lang='lat'>127</span> 
     </span>
    </p>
   </div>
   <div class='ocr_carea' id='block_1_2' title="bbox 129 524 1366 4414">
    <p class='ocr_par' dir='ltr' id='par_1_2' title="bbox 132 524 1291 798">
     <span class='ocr_line' id='line_1_2' title="bbox 133 524 1291 604; baseline -0.004 -13"><span class='ocrx_word' id='word_1_5' title='bbox 133 532 165 602; x_wconf 75' lang='lat' dir='ltr'>d,</span> <span class='ocrx_word' id='word_1_6' title='bbox 190 530 240 591; x_wconf 82' lang='lat'>33.</span> <span class='ocrx_word' id='word_1_7' title='bbox 262 524 319 604; x_wconf 86' lang='lat' dir='ltr'>IV,</span> <span class='ocrx_word' id='word_1_8' title='bbox 345 530 372 603; x_wconf 92' lang='grc'>1,</span> <span class='ocrx_word' id='word_1_9' title='bbox 396 528 451 589; x_wconf 78' lang='lat'>63:</span> <span class='ocrx_word' id='word_1_10' title='bbox 476 543 564 601; x_wconf 65' lang='grc' dir='ltr'><em>Μ</em></span> <span class='ocrx_word' id='word_1_11' title='bbox 591 529 648 588; x_wconf 83' lang='lat' dir='ltr'>hec</span> <span class='ocrx_word' id='word_1_12' title='bbox 675 529 754 604; x_wconf 84' lang='lat' dir='ltr'>qnod</span> <span class='ocrx_word' id='word_1_13' title='bbox 776 529 885 589; x_wconf 87' lang='lat' dir='ltr'>lerinst</span> <span class='ocrx_word' id='word_1_14' title='bbox 906 535 967 589; x_wconf 79' lang='lat' dir='ltr'>tum</span> <span class='ocrx_word' id='word_1_15' title='bbox 994 530 1093 590; x_wconf 80' lang='lat' dir='ltr'>enims</span> <span class='ocrx_word' id='word_1_16' title='bbox 1113 528 1192 587; x_wconf 83' lang='lat' dir='ltr'>ireto</span> <span class='ocrx_word' id='word_1_17' title='bbox 1213 527 1291 587; x_wconf 72' lang='lat' dir='ltr'>estc</span> 
     </span>
     <span class='ocr_line' id='line_1_3' title="bbox 133 619 1291 703; baseline -0.001 -16"><span class='ocrx_word' id='word_1_18' title='bbox 133 621 286 687; x_wconf 84' lang='lat' dir='ltr'>Ceterum</span> <span class='ocrx_word' id='word_1_19' title='bbox 308 640 351 685; x_wconf 87' lang='lat' dir='ltr'>ne</span> <span class='ocrx_word' id='word_1_20' title='bbox 371 619 559 687; x_wconf 74' lang='lat' dir='ltr'>scicerone</span> <span class='ocrx_word' id='word_1_21' title='bbox 583 623 710 703; x_wconf 87' lang='lat' dir='ltr'>quidem</span> <span class='ocrx_word' id='word_1_22' title='bbox 732 623 784 687; x_wconf 89' lang='lat' dir='ltr'>hic</span> <span class='ocrx_word' id='word_1_23' title='bbox 807 640 885 689; x_wconf 89' lang='lat' dir='ltr'>usus</span> <span class='ocrx_word' id='word_1_24' title='bbox 906 622 1029 688; x_wconf 77' lang='lat' dir='ltr'>alienus</span> <span class='ocrx_word' id='word_1_25' title='bbox 1051 629 1112 702; x_wconf 88' lang='lat' dir='ltr'>est,</span> <span class='ocrx_word' id='word_1_26' title='bbox 1133 639 1162 687; x_wconf 80' lang='lat' dir='ltr'>v.</span> <span class='ocrx_word' id='word_1_27' title='bbox 1185 621 1291 687; x_wconf 77' lang='lat' dir='ltr'>Helm.</span> 
     </span>
     <span class='ocr_line' id='line_1_4' title="bbox 132 718 484 798; baseline -0.003 -13"><span class='ocrx_word' id='word_1_28' title='bbox 132 720 175 785; x_wconf 87' lang='lat' dir='ltr'>ed</span> <span class='ocrx_word' id='word_1_29' title='bbox 197 718 307 784; x_wconf 85' lang='lat' dir='ltr'>llilon.</span> <span class='ocrx_word' id='word_1_30' title='bbox 330 736 356 784; x_wconf 74' lang='lat' dir='ltr'>c</span> <span class='ocrx_word' id='word_1_31' title='bbox 381 724 484 798; x_wconf 83' lang='grc'>36,99.</span> 
     </span>
    </p>

    <p class='ocr_par' dir='ltr' id='par_1_3' title="bbox 131 814 1366 1367">
     <span class='ocr_line' id='line_1_5' title="bbox 220 814 1291 898; baseline 0.001 -18"><span class='ocrx_word' id='word_1_32' title='bbox 220 818 252 880; x_wconf 84' lang='grc'><strong>(1.</strong></span> <span class='ocrx_word' id='word_1_33' title='bbox 296 816 402 882; x_wconf 81' lang='lat' dir='ltr'>Etiam</span> <span class='ocrx_word' id='word_1_34' title='bbox 418 816 600 882; x_wconf 80' lang='lat' dir='ltr'>concessise</span> <span class='ocrx_word' id='word_1_35' title='bbox 613 814 846 898; x_wconf 77' lang='lat' dir='ltr'>significatione</span> <span class='ocrx_word' id='word_1_36' title='bbox 857 837 947 894; x_wconf 72' lang='lat' dir='ltr'>prem</span> <span class='ocrx_word' id='word_1_37' title='bbox 958 816 1130 883; x_wconf 82' lang='lat' dir='ltr'>indicetive</span> <span class='ocrx_word' id='word_1_38' title='bbox 1146 816 1291 881; x_wconf 80' lang='lat' dir='ltr'>iunctum</span> 
     </span>
     <span class='ocr_line' id='line_1_6' title="bbox 131 913 1292 995; baseline -0.002 -17"><span class='ocrx_word' id='word_1_39' title='bbox 131 914 312 993; x_wconf 87' lang='lat' dir='ltr'>reperitur,</span> <span class='ocrx_word' id='word_1_40' title='bbox 348 921 385 978; x_wconf 92' lang='lat' dir='ltr'>nt</span> <span class='ocrx_word' id='word_1_41' title='bbox 413 914 518 982; x_wconf 83' lang='lat' dir='ltr'>Plsnt</span> <span class='ocrx_word' id='word_1_42' title='bbox 550 913 648 980; x_wconf 83' lang='lat' dir='ltr'>Stich.</span> <span class='ocrx_word' id='word_1_43' title='bbox 679 914 711 993; x_wconf 90' lang='lat'>1,</span> <span class='ocrx_word' id='word_1_44' title='bbox 738 920 774 992; x_wconf 81' lang='lat'>2,</span> <span class='ocrx_word' id='word_1_45' title='bbox 797 920 838 979; x_wconf 80' lang='grc'><strong>41</strong></span> <span class='ocrx_word' id='word_1_46' title='bbox 862 933 926 995; x_wconf 89' lang='lat' dir='ltr'>sq.:</span> <span class='ocrx_word' id='word_1_47' title='bbox 949 919 1048 979; x_wconf 66' lang='lat' dir='ltr'>Bonus</span> <span class='ocrx_word' id='word_1_48' title='bbox 1075 923 1109 976; x_wconf 86' lang='lat' dir='ltr'>ut</span> <span class='ocrx_word' id='word_1_49' title='bbox 1136 922 1292 991; x_wconf 73' lang='lat' dir='ltr'>aequomst</span> 
     </span>
     <span class='ocr_line' id='line_1_7' title="bbox 132 1014 1366 1089; baseline 0.001 -16"><span class='ocrx_word' id='word_1_50' title='bbox 132 1014 236 1074; x_wconf 80' lang='lat' dir='ltr'>iecere</span> <span class='ocrx_word' id='word_1_51' title='bbox 259 1014 373 1088; x_wconf 78' lang='lat' dir='ltr'>fecitis,</span> <span class='ocrx_word' id='word_1_52' title='bbox 400 1031 487 1087; x_wconf 77' lang='lat' dir='ltr'>quem</span> <span class='ocrx_word' id='word_1_53' title='bbox 516 1018 614 1074; x_wconf 74' lang='lat' dir='ltr'>enm</span> <span class='ocrx_word' id='word_1_54' title='bbox 642 1017 776 1089; x_wconf 73' lang='lat' dir='ltr'>apsentis</span> <span class='ocrx_word' id='word_1_55' title='bbox 805 1017 884 1075; x_wconf 79' lang='lat' dir='ltr'>viros</span> <span class='ocrx_word' id='word_1_56' title='bbox 914 1015 1042 1074; x_wconf 81' lang='lat' dir='ltr'>Proinde</span> <span class='ocrx_word' id='word_1_57' title='bbox 1065 1015 1180 1073; x_wconf 69' lang='lat' dir='ltr'>bebetis</span> <span class='ocrx_word' id='word_1_58' title='bbox 1206 1015 1293 1087; x_wconf 79' lang='lat' dir='ltr'>queri</span> <span class='ocrx_word' id='word_1_59' title='bbox 1363 1051 1366 1058; x_wconf 92' lang='lat'>·</span> 
     </span>
     <span class='ocr_line' id='line_1_8' title="bbox 131 1106 1290 1188; baseline -0.002 -17"><span class='ocrx_word' id='word_1_60' title='bbox 131 1120 314 1186; x_wconf 68' lang='lat' dir='ltr'>praesentes</span> <span class='ocrx_word' id='word_1_61' title='bbox 336 1115 424 1172; x_wconf 84' lang='lat' dir='ltr'>sient.</span> <span class='ocrx_word' id='word_1_62' title='bbox 450 1109 543 1175; x_wconf 79' lang='lat' dir='ltr'>Truc</span> <span class='ocrx_word' id='word_1_63' title='bbox 566 1109 621 1188; x_wconf 90' lang='lat' dir='ltr'>IV,</span> <span class='ocrx_word' id='word_1_64' title='bbox 645 1116 675 1186; x_wconf 78' lang='lat'>4,</span> <span class='ocrx_word' id='word_1_65' title='bbox 700 1116 761 1176; x_wconf 79' lang='lat'>35:</span> <span class='ocrx_word' id='word_1_66' title='bbox 792 1114 867 1186; x_wconf 80' lang='lat' dir='ltr'>Quis</span> <span class='ocrx_word' id='word_1_67' title='bbox 890 1109 948 1187; x_wconf 85' lang='lat' dir='ltr'>(sit</span> <span class='ocrx_word' id='word_1_68' title='bbox 970 1107 1088 1182; x_wconf 86' lang='lat' dir='ltr'>Goell.;</span> <span class='ocrx_word' id='word_1_69' title='bbox 1120 1106 1202 1188; x_wconf 77' lang='lat' dir='ltr'>Aep</span> <span class='ocrx_word' id='word_1_70' title='bbox 1225 1125 1290 1187; x_wconf 77' lang='lat' dir='ltr'>que,</span> 
     </span>
     <span class='ocr_line' id='line_1_9' title="bbox 134 1205 1290 1287; baseline -0.002 -18"><span class='ocrx_word' id='word_1_71' title='bbox 134 1205 220 1287; x_wconf 82' lang='lat' dir='ltr'>vulg.</span> <span class='ocrx_word' id='word_1_72' title='bbox 244 1214 440 1284; x_wconf 63' lang='lat' dir='ltr'>percomesus</span> <span class='ocrx_word' id='word_1_73' title='bbox 459 1212 583 1270; x_wconf 81' lang='lat' dir='ltr'>multum</span> <span class='ocrx_word' id='word_1_74' title='bbox 606 1210 791 1287; x_wconf 65' lang='lat' dir='ltr'>ademimus,</span> <span class='ocrx_word' id='word_1_75' title='bbox 814 1210 893 1270; x_wconf 80' lang='lat' dir='ltr'>hund</span> <span class='ocrx_word' id='word_1_76' title='bbox 915 1216 1042 1284; x_wconf 84' lang='lat' dir='ltr'>eppuret</span> <span class='ocrx_word' id='word_1_77' title='bbox 1063 1212 1188 1269; x_wconf 85' lang='lat' dir='ltr'>multum</span> <span class='ocrx_word' id='word_1_78' title='bbox 1210 1208 1290 1284; x_wconf 81' lang='lat' dir='ltr'>qnod</span> 
     </span>
     <span class='ocr_line' id='line_1_10' title="bbox 134 1307 273 1367; baseline 0.014 -2"><span class='ocrx_word' id='word_1_79' title='bbox 134 1307 273 1367; x_wconf 67' lang='lat' dir='ltr'>dmumet</span> 
     </span>
    </p>

    <p class='ocr_par' dir='ltr' id='par_1_4' title="bbox 133 1398 1295 2737">
     <span class='ocr_line' id='line_1_11' title="bbox 224 1398 1291 1484; baseline 0 -19"><span class='ocrx_word' id='word_1_80' title='bbox 224 1408 251 1465; x_wconf 84' lang='grc'>7.</span> <span class='ocrx_word' id='word_1_81' title='bbox 297 1401 449 1482; x_wconf 87' lang='lat' dir='ltr'>Sequitur</span> <span class='ocrx_word' id='word_1_82' title='bbox 464 1403 536 1463; x_wconf 74' lang='lat' dir='ltr'>dum</span> <span class='ocrx_word' id='word_1_83' title='bbox 549 1401 718 1481; x_wconf 82' lang='lat' dir='ltr'>perticule,</span> <span class='ocrx_word' id='word_1_84' title='bbox 740 1418 823 1480; x_wconf 79' lang='lat' dir='ltr'>quse</span> <span class='ocrx_word' id='word_1_85' title='bbox 838 1407 990 1483; x_wconf 80' lang='lat' dir='ltr'>quattuor</span> <span class='ocrx_word' id='word_1_86' title='bbox 1005 1398 1291 1484; x_wconf 74' lang='lat' dir='ltr'>significationibus</span> 
     </span>
     <span class='ocr_line' id='line_1_12' title="bbox 135 1496 1293 1580; baseline -0.001 -18"><span class='ocrx_word' id='word_1_87' title='bbox 135 1516 207 1562; x_wconf 86' lang='lat' dir='ltr'>cum</span> <span class='ocrx_word' id='word_1_88' title='bbox 226 1499 397 1564; x_wconf 78' lang='lat' dir='ltr'>indicative</span> <span class='ocrx_word' id='word_1_89' title='bbox 418 1499 507 1580; x_wconf 77' lang='lat' dir='ltr'>iungi</span> <span class='ocrx_word' id='word_1_90' title='bbox 531 1504 647 1578; x_wconf 82' lang='lat' dir='ltr'>potest.</span> <span class='ocrx_word' id='word_1_91' title='bbox 692 1499 729 1563; x_wconf 91' lang='lat' dir='ltr'>In</span> <span class='ocrx_word' id='word_1_92' title='bbox 752 1499 969 1563; x_wconf 83' lang='lat' dir='ltr'>describendis</span> <span class='ocrx_word' id='word_1_93' title='bbox 991 1507 1099 1564; x_wconf 86' lang='lat' dir='ltr'>sutem</span> <span class='ocrx_word' id='word_1_94' title='bbox 1121 1498 1171 1563; x_wconf 90' lang='lat' dir='ltr'>his</span> <span class='ocrx_word' id='word_1_95' title='bbox 1193 1496 1293 1578; x_wconf 82' lang='lat' dir='ltr'>signi·</span> 
     </span>
     <span class='ocr_line' id='line_1_13' title="bbox 134 1592 1293 1677; baseline -0.001 -19"><span class='ocrx_word' id='word_1_96' title='bbox 134 1592 336 1660; x_wconf 75' lang='lat' dir='ltr'>ficationibus</span> <span class='ocrx_word' id='word_1_97' title='bbox 349 1614 469 1677; x_wconf 81' lang='lat' dir='ltr'>sequar</span> <span class='ocrx_word' id='word_1_98' title='bbox 482 1596 644 1661; x_wconf 87' lang='lat' dir='ltr'>Hundinm</span> <span class='ocrx_word' id='word_1_99' title='bbox 665 1596 699 1659; x_wconf 91' lang='lat' dir='ltr'>in</span> <span class='ocrx_word' id='word_1_100' title='bbox 714 1596 903 1675; x_wconf 88' lang='lat' dir='ltr'>Turselline,</span> <span class='ocrx_word' id='word_1_101' title='bbox 926 1596 981 1677; x_wconf 88' lang='lat' dir='ltr'>qui</span> <span class='ocrx_word' id='word_1_102' title='bbox 996 1598 1036 1661; x_wconf 91' lang='lat' dir='ltr'>de</span> <span class='ocrx_word' id='word_1_103' title='bbox 1051 1597 1112 1662; x_wconf 84' lang='lat' dir='ltr'>huc</span> <span class='ocrx_word' id='word_1_104' title='bbox 1133 1593 1293 1676; x_wconf 75' lang='lat' dir='ltr'>particule</span> 
     </span>
     <span class='ocr_line' id='line_1_14' title="bbox 135 1691 1288 1776; baseline 0 -21"><span class='ocrx_word' id='word_1_105' title='bbox 135 1692 177 1768; x_wconf 79' lang='lat'>11,</span> <span class='ocrx_word' id='word_1_106' title='bbox 201 1711 232 1774; x_wconf 68' lang='lat' dir='ltr'>p·</span> <span class='ocrx_word' id='word_1_107' title='bbox 258 1698 320 1758; x_wconf 84' lang='lat'>303</span> <span class='ocrx_word' id='word_1_108' title='bbox 342 1693 421 1759; x_wconf 83' lang='lat' dir='ltr'>haec</span> <span class='ocrx_word' id='word_1_109' title='bbox 444 1694 535 1759; x_wconf 85' lang='lat' dir='ltr'>dicit:</span> <span class='ocrx_word' id='word_1_110' title='bbox 557 1692 910 1776; x_wconf 81' lang='lat' dir='ltr'>„Significattemporis</span> <span class='ocrx_word' id='word_1_111' title='bbox 932 1695 1082 1774; x_wconf 85' lang='lat' dir='ltr'>spatium,</span> <span class='ocrx_word' id='word_1_112' title='bbox 1106 1692 1190 1774; x_wconf 88' lang='lat' dir='ltr'>quod</span> <span class='ocrx_word' id='word_1_113' title='bbox 1205 1691 1288 1756; x_wconf 82' lang='lat' dir='ltr'>duee</span> 
     </span>
     <span class='ocr_line' id='line_1_15' title="bbox 134 1790 1292 1873; baseline -0.002 -19"><span class='ocrx_word' id='word_1_114' title='bbox 134 1809 187 1854; x_wconf 89' lang='lat' dir='ltr'>res</span> <span class='ocrx_word' id='word_1_115' title='bbox 199 1790 294 1854; x_wconf 86' lang='lat' dir='ltr'>simul</span> <span class='ocrx_word' id='word_1_116' title='bbox 302 1796 466 1872; x_wconf 85' lang='lat' dir='ltr'>occupent.</span> <span class='ocrx_word' id='word_1_117' title='bbox 483 1791 810 1871; x_wconf 73' lang='lat' dir='ltr'>Neminteremquum</span> <span class='ocrx_word' id='word_1_118' title='bbox 824 1791 931 1856; x_wconf 73' lang='lat' dir='ltr'>ultera</span> <span class='ocrx_word' id='word_1_119' title='bbox 944 1794 1070 1873; x_wconf 82' lang='lat' dir='ltr'>egetur,</span> <span class='ocrx_word' id='word_1_120' title='bbox 1079 1790 1182 1855; x_wconf 82' lang='lat' dir='ltr'>altere</span> <span class='ocrx_word' id='word_1_121' title='bbox 1196 1792 1292 1853; x_wconf 83' lang='lat' dir='ltr'>etism</span> 
     </span>
     <span class='ocr_line' id='line_1_16' title="bbox 136 1884 1295 1969; baseline -0.003 -17"><span class='ocrx_word' id='word_1_122' title='bbox 136 1888 190 1967; x_wconf 79' lang='lat' dir='ltr'>egi</span> <span class='ocrx_word' id='word_1_123' title='bbox 215 1887 340 1954; x_wconf 87' lang='lat' dir='ltr'>dicitur.</span> <span class='ocrx_word' id='word_1_124' title='bbox 384 1889 447 1955; x_wconf 89' lang='lat' dir='ltr'>Sed</span> <span class='ocrx_word' id='word_1_125' title='bbox 470 1890 565 1955; x_wconf 90' lang='lat' dir='ltr'>nnius</span> <span class='ocrx_word' id='word_1_126' title='bbox 587 1888 634 1953; x_wconf 91' lang='lat' dir='ltr'>rei</span> <span class='ocrx_word' id='word_1_127' title='bbox 658 1894 802 1969; x_wconf 89' lang='lat' dir='ltr'>tempore</span> <span class='ocrx_word' id='word_1_128' title='bbox 826 1888 957 1969; x_wconf 85' lang='lat' dir='ltr'>eiusque</span> <span class='ocrx_word' id='word_1_129' title='bbox 983 1889 1122 1955; x_wconf 86' lang='lat' dir='ltr'>decursu</span> <span class='ocrx_word' id='word_1_130' title='bbox 1143 1884 1295 1951; x_wconf 89' lang='lat' dir='ltr'>definitur</span> 
     </span>
     <span class='ocr_line' id='line_1_17' title="bbox 134 1986 1294 2069; baseline 0 -21"><span class='ocrx_word' id='word_1_131' title='bbox 134 1986 270 2051; x_wconf 80' lang='lat' dir='ltr'>alterius</span> <span class='ocrx_word' id='word_1_132' title='bbox 292 1987 338 2051; x_wconf 89' lang='lat' dir='ltr'>rei</span> <span class='ocrx_word' id='word_1_133' title='bbox 360 1992 498 2069; x_wconf 84' lang='lat' dir='ltr'>tempus.</span> <span class='ocrx_word' id='word_1_134' title='bbox 542 1987 580 2051; x_wconf 96' lang='lat' dir='ltr'>In</span> <span class='ocrx_word' id='word_1_135' title='bbox 596 2005 635 2051; x_wconf 88' lang='lat' dir='ltr'>ee</span> <span class='ocrx_word' id='word_1_136' title='bbox 649 2004 724 2051; x_wconf 83' lang='lat' dir='ltr'>uero</span> <span class='ocrx_word' id='word_1_137' title='bbox 739 1987 888 2067; x_wconf 82' lang='lat' dir='ltr'>quonism</span> <span class='ocrx_word' id='word_1_138' title='bbox 913 1992 981 2052; x_wconf 90' lang='lat' dir='ltr'>tres</span> <span class='ocrx_word' id='word_1_139' title='bbox 997 1986 1084 2050; x_wconf 88' lang='lat' dir='ltr'>modi</span> <span class='ocrx_word' id='word_1_140' title='bbox 1103 2003 1161 2050; x_wconf 91' lang='lat' dir='ltr'>seu</span> <span class='ocrx_word' id='word_1_141' title='bbox 1182 1990 1294 2065; x_wconf 80' lang='lat' dir='ltr'>partes</span> 
     </span>
     <span class='ocr_line' id='line_1_18' title="bbox 135 2081 1292 2165; baseline -0.003 -18"><span class='ocrx_word' id='word_1_142' title='bbox 135 2084 259 2164; x_wconf 84' lang='lat' dir='ltr'>concipi</span> <span class='ocrx_word' id='word_1_143' title='bbox 282 2091 427 2165; x_wconf 79' lang='lat' dir='ltr'>possunt,</span> <span class='ocrx_word' id='word_1_144' title='bbox 449 2085 576 2150; x_wconf 89' lang='lat' dir='ltr'>initium</span> <span class='ocrx_word' id='word_1_145' title='bbox 599 2085 763 2164; x_wconf 87' lang='lat' dir='ltr'>temporis,</span> <span class='ocrx_word' id='word_1_146' title='bbox 786 2084 986 2164; x_wconf 77' lang='lat' dir='ltr'>perpetuitas</span> <span class='ocrx_word' id='word_1_147' title='bbox 1002 2090 1035 2148; x_wconf 90' lang='lat' dir='ltr'>et</span> <span class='ocrx_word' id='word_1_148' title='bbox 1050 2081 1130 2161; x_wconf 88' lang='lat' dir='ltr'>finis,</span> <span class='ocrx_word' id='word_1_149' title='bbox 1153 2082 1292 2161; x_wconf 83' lang='lat' dir='ltr'>primum</span> 
     </span>
     <span class='ocr_line' id='line_1_19' title="bbox 134 2178 1291 2263; baseline 0.001 -23"><span class='ocrx_word' id='word_1_150' title='bbox 134 2183 207 2240; x_wconf 80' lang='lat' dir='ltr'>dum</span> <span class='ocrx_word' id='word_1_151' title='bbox 228 2182 359 2261; x_wconf 83' lang='lat' dir='ltr'>indicet,</span> <span class='ocrx_word' id='word_1_152' title='bbox 381 2187 460 2262; x_wconf 88' lang='lat' dir='ltr'>tum,</span> <span class='ocrx_word' id='word_1_153' title='bbox 484 2200 581 2263; x_wconf 88' lang='lat' dir='ltr'>quum</span> <span class='ocrx_word' id='word_1_154' title='bbox 597 2183 700 2246; x_wconf 83' lang='lat' dir='ltr'>alteru</span> <span class='ocrx_word' id='word_1_155' title='bbox 714 2200 767 2247; x_wconf 88' lang='lat' dir='ltr'>res</span> <span class='ocrx_word' id='word_1_156' title='bbox 781 2181 952 2246; x_wconf 79' lang='lat' dir='ltr'>exsisteret</span> <span class='ocrx_word' id='word_1_157' title='bbox 975 2181 1024 2245; x_wconf 87' lang='lat' dir='ltr'>vel</span> <span class='ocrx_word' id='word_1_158' title='bbox 1039 2188 1134 2258; x_wconf 91' lang='lat' dir='ltr'>esset,</span> <span class='ocrx_word' id='word_1_159' title='bbox 1157 2178 1291 2242; x_wconf 85' lang='lat' dir='ltr'>alteram</span> 
     </span>
     <span class='ocr_line' id='line_1_20' title="bbox 134 2277 1294 2357; baseline -0.003 -17"><span class='ocrx_word' id='word_1_160' title='bbox 134 2294 262 2356; x_wconf 86' lang='lat' dir='ltr'>qnoque</span> <span class='ocrx_word' id='word_1_161' title='bbox 289 2279 449 2345; x_wconf 82' lang='lat' dir='ltr'>exstitisse</span> <span class='ocrx_word' id='word_1_162' title='bbox 477 2280 529 2345; x_wconf 83' lang='lat' dir='ltr'>rel</span> <span class='ocrx_word' id='word_1_163' title='bbox 555 2280 663 2345; x_wconf 82' lang='lat' dir='ltr'>luisse.</span> <span class='ocrx_word' id='word_1_164' title='bbox 716 2278 787 2357; x_wconf 86' lang='lat' dir='ltr'>Quo</span> <span class='ocrx_word' id='word_1_165' title='bbox 815 2277 966 2342; x_wconf 82' lang='lat' dir='ltr'>universe</span> <span class='ocrx_word' id='word_1_166' title='bbox 996 2278 1079 2341; x_wconf 83' lang='lat' dir='ltr'>ratio</span> <span class='ocrx_word' id='word_1_167' title='bbox 1114 2280 1294 2355; x_wconf 86' lang='lat' dir='ltr'>temporum</span> 
     </span>
     <span class='ocr_line' id='line_1_21' title="bbox 133 2372 1294 2458; baseline -0.003 -20"><span class='ocrx_word' id='word_1_168' title='bbox 133 2375 315 2455; x_wconf 73' lang='lat' dir='ltr'>aequalium</span> <span class='ocrx_word' id='word_1_169' title='bbox 344 2379 541 2458; x_wconf 82' lang='lat' dir='ltr'>exprimitur.</span> <span class='ocrx_word' id='word_1_170' title='bbox 589 2378 650 2443; x_wconf 85' lang='lat' dir='ltr'>Est</span> <span class='ocrx_word' id='word_1_171' title='bbox 674 2378 775 2458; x_wconf 85' lang='lat' dir='ltr'>igitur</span> <span class='ocrx_word' id='word_1_172' title='bbox 804 2376 903 2438; x_wconf 76' lang='lat' dir='ltr'>intem</span> <span class='ocrx_word' id='word_1_173' title='bbox 926 2382 960 2439; x_wconf 92' lang='lat' dir='ltr'>et</span> <span class='ocrx_word' id='word_1_174' title='bbox 980 2372 1135 2451; x_wconf 73' lang='lat' dir='ltr'>mittent,</span> <span class='ocrx_word' id='word_1_175' title='bbox 1158 2388 1294 2452; x_wconf 90' lang='lat' dir='ltr'>quorum</span> 
     </span>
     <span class='ocr_line' id='line_1_22' title="bbox 134 2472 1292 2556; baseline -0.001 -20"><span class='ocrx_word' id='word_1_176' title='bbox 134 2472 215 2536; x_wconf 90' lang='lat' dir='ltr'>illud</span> <span class='ocrx_word' id='word_1_177' title='bbox 237 2474 362 2540; x_wconf 90' lang='lat' dir='ltr'>initium</span> <span class='ocrx_word' id='word_1_178' title='bbox 385 2476 529 2556; x_wconf 78' lang='lat' dir='ltr'>aequalis</span> <span class='ocrx_word' id='word_1_179' title='bbox 550 2475 701 2554; x_wconf 84' lang='lat' dir='ltr'>ustionis,</span> <span class='ocrx_word' id='word_1_180' title='bbox 724 2473 784 2539; x_wconf 88' lang='lat' dir='ltr'>hoc</span> <span class='ocrx_word' id='word_1_181' title='bbox 812 2474 845 2538; x_wconf 87' lang='lat' dir='ltr'>in</span> <span class='ocrx_word' id='word_1_182' title='bbox 872 2491 969 2538; x_wconf 88' lang='lat' dir='ltr'>cursu</span> <span class='ocrx_word' id='word_1_183' title='bbox 998 2472 1124 2552; x_wconf 82' lang='lat' dir='ltr'>aequali</span> <span class='ocrx_word' id='word_1_184' title='bbox 1153 2472 1292 2551; x_wconf 83' lang='lat' dir='ltr'>aliquem</span> 
     </span>
     <span class='ocr_line' id='line_1_23' title="bbox 133 2569 1295 2654; baseline -0.001 -21"><span class='ocrx_word' id='word_1_185' title='bbox 133 2579 260 2650; x_wconf 82' lang='lat' dir='ltr'>partem</span> <span class='ocrx_word' id='word_1_186' title='bbox 298 2574 425 2639; x_wconf 83' lang='lat' dir='ltr'>indicat.</span> <span class='ocrx_word' id='word_1_187' title='bbox 479 2575 584 2654; x_wconf 79' lang='lat' dir='ltr'>Atque</span> <span class='ocrx_word' id='word_1_188' title='bbox 614 2574 693 2638; x_wconf 87' lang='lat' dir='ltr'>hnec</span> <span class='ocrx_word' id='word_1_189' title='bbox 715 2570 849 2653; x_wconf 83' lang='lat' dir='ltr'>simplex</span> <span class='ocrx_word' id='word_1_190' title='bbox 884 2576 966 2635; x_wconf 82' lang='lat' dir='ltr'>ratio</span> <span class='ocrx_word' id='word_1_191' title='bbox 996 2570 1182 2652; x_wconf 81' lang='lat' dir='ltr'>temporalis</span> <span class='ocrx_word' id='word_1_192' title='bbox 1212 2569 1295 2633; x_wconf 89' lang='lat' dir='ltr'>indi·</span> 
     </span>
     <span class='ocr_line' id='line_1_24' title="bbox 133 2669 573 2737; baseline 0.007 -3"><span class='ocrx_word' id='word_1_193' title='bbox 133 2669 274 2734; x_wconf 80' lang='lat' dir='ltr'>sativum</span> <span class='ocrx_word' id='word_1_194' title='bbox 297 2671 388 2736; x_wconf 89' lang='lat' dir='ltr'>verbi</span> <span class='ocrx_word' id='word_1_195' title='bbox 409 2671 573 2737; x_wconf 84' lang='lat' dir='ltr'>assumit.“</span> 
     </span>
    </p>

    <p class='ocr_par' dir='ltr' id='par_1_5' title="bbox 129 2767 1298 4414">
     <span class='ocr_line' id='line_1_25' title="bbox 222 2767 1293 2843; baseline -0.003 -15"><span class='ocrx_word' id='word_1_196' title='bbox 222 2785 250 2828; x_wconf 82' lang='lat' dir='ltr'>a.</span> <span class='ocrx_word' id='word_1_197' title='bbox 301 2768 395 2832; x_wconf 89' lang='lat' dir='ltr'>Ennii</span> <span class='ocrx_word' id='word_1_198' title='bbox 410 2774 510 2834; x_wconf 88' lang='lat' dir='ltr'>satnr.</span> <span class='ocrx_word' id='word_1_199' title='bbox 532 2771 554 2835; x_wconf 93' lang='lat' dir='ltr'>l.</span> <span class='ocrx_word' id='word_1_200' title='bbox 571 2770 625 2840; x_wconf 85' lang='lat' dir='ltr'>Vl,</span> <span class='ocrx_word' id='word_1_201' title='bbox 647 2790 676 2834; x_wconf 91' lang='lat' dir='ltr'>v.</span> <span class='ocrx_word' id='word_1_202' title='bbox 693 2774 750 2834; x_wconf 84' lang='lat'>31:</span> <span class='ocrx_word' id='word_1_203' title='bbox 774 2773 831 2832; x_wconf 85' lang='lat' dir='ltr'>iile</span> <span class='ocrx_word' id='word_1_204' title='bbox 854 2771 950 2830; x_wconf 84' lang='lat' dir='ltr'>tristis</span> <span class='ocrx_word' id='word_1_205' title='bbox 972 2770 1069 2829; x_wconf 87' lang='lat' dir='ltr'>eibum</span> <span class='ocrx_word' id='word_1_206' title='bbox 1093 2767 1163 2827; x_wconf 79' lang='lat' dir='ltr'>dem</span> <span class='ocrx_word' id='word_1_207' title='bbox 1185 2770 1293 2843; x_wconf 75' lang='lat' dir='ltr'>servet,</span> 
     </span>
     <span class='ocr_line' id='line_1_26' title="bbox 135 2858 1295 2948; baseline 0.002 -25"><span class='ocrx_word' id='word_1_208' title='bbox 135 2873 171 2924; x_wconf 89' lang='lat' dir='ltr'>tn</span> <span class='ocrx_word' id='word_1_209' title='bbox 194 2868 296 2927; x_wconf 87' lang='lat' dir='ltr'>ridens</span> <span class='ocrx_word' id='word_1_210' title='bbox 319 2887 414 2930; x_wconf 81' lang='lat' dir='ltr'>roras.</span> <span class='ocrx_word' id='word_1_211' title='bbox 466 2867 571 2933; x_wconf 87' lang='lat' dir='ltr'>Plaut.</span> <span class='ocrx_word' id='word_1_212' title='bbox 595 2867 709 2948; x_wconf 80' lang='lat' dir='ltr'>Amph.</span> <span class='ocrx_word' id='word_1_213' title='bbox 739 2868 818 2947; x_wconf 91' lang='lat' dir='ltr'>prol.</span> <span class='ocrx_word' id='word_1_214' title='bbox 842 2887 870 2930; x_wconf 91' lang='lat' dir='ltr'>v.</span> <span class='ocrx_word' id='word_1_215' title='bbox 897 2871 966 2929; x_wconf 83' lang='lat'>114.</span> <span class='ocrx_word' id='word_1_216' title='bbox 991 2864 1054 2942; x_wconf 93' lang='lat' dir='ltr'>lll,</span> <span class='ocrx_word' id='word_1_217' title='bbox 1078 2868 1107 2944; x_wconf 84' lang='lat'>2,</span> <span class='ocrx_word' id='word_1_218' title='bbox 1131 2868 1171 2927; x_wconf 81' lang='lat'>25</span> <span class='ocrx_word' id='word_1_219' title='bbox 1188 2880 1233 2942; x_wconf 85' lang='lat' dir='ltr'>sq.</span> <span class='ocrx_word' id='word_1_220' title='bbox 1257 2858 1295 2938; x_wconf 84' lang='lat' dir='ltr'>V,</span> 
     </span>
     <span class='ocr_line' id='line_1_27' title="bbox 138 2960 1295 3040; baseline -0.001 -17"><span class='ocrx_word' id='word_1_221' title='bbox 138 2967 167 3038; x_wconf 93' lang='grc'>1,</span> <span class='ocrx_word' id='word_1_222' title='bbox 192 2967 243 3026; x_wconf 88' lang='grc'>68.</span> <span class='ocrx_word' id='word_1_223' title='bbox 266 2965 355 3030; x_wconf 79' lang='lat' dir='ltr'>Asin.</span> <span class='ocrx_word' id='word_1_224' title='bbox 378 2987 407 3029; x_wconf 91' lang='lat' dir='ltr'>v.</span> <span class='ocrx_word' id='word_1_225' title='bbox 434 2971 508 3033; x_wconf 88' lang='lat'>531:</span> <span class='ocrx_word' id='word_1_226' title='bbox 538 2970 621 3027; x_wconf 79' lang='lat' dir='ltr'>Dum</span> <span class='ocrx_word' id='word_1_227' title='bbox 651 2969 715 3028; x_wconf 90' lang='lat' dir='ltr'>eius</span> <span class='ocrx_word' id='word_1_228' title='bbox 745 2971 932 3040; x_wconf 65' lang='lat' dir='ltr'>espencaeus</span> <span class='ocrx_word' id='word_1_229' title='bbox 952 2971 1086 3023; x_wconf 87' lang='lat' dir='ltr'>mortem.</span> <span class='ocrx_word' id='word_1_230' title='bbox 1124 2960 1162 3038; x_wconf 89' lang='lat' dir='ltr'>V,</span> <span class='ocrx_word' id='word_1_231' title='bbox 1186 2966 1216 3038; x_wconf 74' lang='lat'>9,</span> <span class='ocrx_word' id='word_1_232' title='bbox 1240 2962 1295 3022; x_wconf 78' lang='lat'>64:</span> 
     </span>
     <span class='ocr_line' id='line_1_28' title="bbox 135 3056 1294 3143; baseline 0 -23"><span class='ocrx_word' id='word_1_233' title='bbox 135 3064 170 3120; x_wconf 94' lang='lat' dir='ltr'>hi</span> <span class='ocrx_word' id='word_1_234' title='bbox 189 3063 260 3121; x_wconf 76' lang='lat' dir='ltr'>deem</span> <span class='ocrx_word' id='word_1_235' title='bbox 284 3064 408 3139; x_wconf 73' lang='lat' dir='ltr'>lilipnnt.</span> <span class='ocrx_word' id='word_1_236' title='bbox 454 3064 524 3130; x_wconf 85' lang='lat' dir='ltr'>Aul.</span> <span class='ocrx_word' id='word_1_237' title='bbox 549 3064 602 3143; x_wconf 92' lang='lat' dir='ltr'>IV,</span> <span class='ocrx_word' id='word_1_238' title='bbox 625 3069 654 3142; x_wconf 83' lang='lat'>2,</span> <span class='ocrx_word' id='word_1_239' title='bbox 680 3070 733 3127; x_wconf 83' lang='lat'>14:</span> <span class='ocrx_word' id='word_1_240' title='bbox 758 3064 828 3124; x_wconf 74' lang='lat' dir='ltr'>dem</span> <span class='ocrx_word' id='word_1_241' title='bbox 851 3064 899 3121; x_wconf 86' lang='lat' dir='ltr'>hic</span> <span class='ocrx_word' id='word_1_242' title='bbox 921 3065 964 3120; x_wconf 76' lang='lat' dir='ltr'>est</span> <span class='ocrx_word' id='word_1_243' title='bbox 985 3068 1158 3135; x_wconf 81' lang='lat' dir='ltr'>occupatus.</span> <span class='ocrx_word' id='word_1_244' title='bbox 1202 3056 1294 3136; x_wconf 74' lang='lat' dir='ltr'>Capi.</span> 
     </span>
     <span class='ocr_line' id='line_1_29' title="bbox 134 3155 1297 3236; baseline -0.004 -16"><span class='ocrx_word' id='word_1_245' title='bbox 134 3156 175 3235; x_wconf 89' lang='lat' dir='ltr'>V,</span> <span class='ocrx_word' id='word_1_246' title='bbox 202 3164 233 3236; x_wconf 92' lang='lat'>1,</span> <span class='ocrx_word' id='word_1_247' title='bbox 257 3166 291 3223; x_wconf 75' lang='lat' dir='ltr'>l:</span> <span class='ocrx_word' id='word_1_248' title='bbox 323 3165 394 3224; x_wconf 81' lang='lat' dir='ltr'>dum</span> <span class='ocrx_word' id='word_1_249' title='bbox 423 3173 454 3225; x_wconf 90' lang='lat' dir='ltr'>te</span> <span class='ocrx_word' id='word_1_250' title='bbox 486 3166 646 3225; x_wconf 78' lang='lat' dir='ltr'>carendum</span> <span class='ocrx_word' id='word_1_251' title='bbox 678 3163 746 3236; x_wconf 77' lang='lat' dir='ltr'>fuit.</span> <span class='ocrx_word' id='word_1_252' title='bbox 797 3158 867 3222; x_wconf 86' lang='lat' dir='ltr'>Ces.</span> <span class='ocrx_word' id='word_1_253' title='bbox 891 3155 939 3236; x_wconf 91' lang='grc' dir='ltr'>ΙΙ,</span> <span class='ocrx_word' id='word_1_254' title='bbox 969 3160 1005 3234; x_wconf 88' lang='lat'>6,</span> <span class='ocrx_word' id='word_1_255' title='bbox 1032 3161 1084 3220; x_wconf 82' lang='lat' dir='ltr'>ld:</span> <span class='ocrx_word' id='word_1_256' title='bbox 1112 3158 1194 3215; x_wconf 70' lang='lat' dir='ltr'>Dee</span> <span class='ocrx_word' id='word_1_257' title='bbox 1223 3156 1297 3215; x_wconf 88' lang='lat' dir='ltr'>mihi</span> 
     </span>
     <span class='ocr_line' id='line_1_30' title="bbox 134 3253 1294 3340; baseline -0.006 -22"><span class='ocrx_word' id='word_1_258' title='bbox 134 3259 228 3326; x_wconf 82' lang='lat' dir='ltr'>volui,</span> <span class='ocrx_word' id='word_1_259' title='bbox 252 3260 320 3320; x_wconf 83' lang='lat' dir='ltr'>hnic</span> <span class='ocrx_word' id='word_1_260' title='bbox 336 3262 405 3338; x_wconf 86' lang='lat' dir='ltr'>dixi,</span> <span class='ocrx_word' id='word_1_261' title='bbox 428 3269 519 3340; x_wconf 86' lang='lat' dir='ltr'>etque</span> <span class='ocrx_word' id='word_1_262' title='bbox 536 3263 620 3339; x_wconf 83' lang='lat' dir='ltr'>edeo,</span> <span class='ocrx_word' id='word_1_263' title='bbox 644 3261 715 3320; x_wconf 88' lang='lat' dir='ltr'>mihi</span> <span class='ocrx_word' id='word_1_264' title='bbox 730 3260 802 3318; x_wconf 80' lang='lat' dir='ltr'>dum</span> <span class='ocrx_word' id='word_1_265' title='bbox 823 3256 917 3330; x_wconf 66' lang='lat' dir='ltr'>euplo,</span> <span class='ocrx_word' id='word_1_266' title='bbox 939 3272 1098 3330; x_wconf 80' lang='lat' dir='ltr'>perperam</span> <span class='ocrx_word' id='word_1_267' title='bbox 1120 3253 1294 3313; x_wconf 79' lang='lat' dir='ltr'>Iamdudum</span> 
     </span>
     <span class='ocr_line' id='line_1_31' title="bbox 134 3350 1296 3436; baseline -0.003 -22"><span class='ocrx_word' id='word_1_268' title='bbox 134 3357 241 3416; x_wconf 87' lang='lat' dir='ltr'>hercle</span> <span class='ocrx_word' id='word_1_269' title='bbox 275 3357 401 3417; x_wconf 78' lang='lat' dir='ltr'>fabulor.</span> <span class='ocrx_word' id='word_1_270' title='bbox 435 3356 473 3436; x_wconf 91' lang='lat' dir='ltr'>V,</span> <span class='ocrx_word' id='word_1_271' title='bbox 491 3363 524 3436; x_wconf 85' lang='lat'>2,</span> <span class='ocrx_word' id='word_1_272' title='bbox 549 3364 581 3422; x_wconf 79' lang='lat'>5:</span> <span class='ocrx_word' id='word_1_273' title='bbox 615 3362 744 3434; x_wconf 78' lang='lat' dir='ltr'>operam</span> <span class='ocrx_word' id='word_1_274' title='bbox 781 3357 865 3428; x_wconf 82' lang='lat' dir='ltr'>date,</span> <span class='ocrx_word' id='word_1_275' title='bbox 898 3353 970 3412; x_wconf 79' lang='lat' dir='ltr'>dum</span> <span class='ocrx_word' id='word_1_276' title='bbox 1002 3369 1069 3412; x_wconf 83' lang='lat' dir='ltr'>mee</span> <span class='ocrx_word' id='word_1_277' title='bbox 1101 3350 1183 3411; x_wconf 81' lang='lat' dir='ltr'>fecte</span> <span class='ocrx_word' id='word_1_278' title='bbox 1213 3350 1296 3410; x_wconf 80' lang='lat' dir='ltr'>itero.</span> 
     </span>
     <span class='ocr_line' id='line_1_32' title="bbox 134 3446 1294 3529; baseline -0.008 -13"><span class='ocrx_word' id='word_1_279' title='bbox 134 3457 171 3529; x_wconf 86' lang='lat'>4,</span> <span class='ocrx_word' id='word_1_280' title='bbox 203 3458 239 3516; x_wconf 81' lang='lat'>7:</span> <span class='ocrx_word' id='word_1_281' title='bbox 270 3457 303 3514; x_wconf 92' lang='lat' dir='ltr'>In</span> <span class='ocrx_word' id='word_1_282' title='bbox 332 3457 480 3517; x_wconf 85' lang='lat' dir='ltr'>adulterio</span> <span class='ocrx_word' id='word_1_283' title='bbox 515 3459 586 3517; x_wconf 78' lang='lat' dir='ltr'>clem</span> <span class='ocrx_word' id='word_1_284' title='bbox 615 3458 789 3516; x_wconf 71' lang='lat' dir='ltr'>excoechissat</span> <span class='ocrx_word' id='word_1_285' title='bbox 816 3453 962 3513; x_wconf 85' lang='lat' dir='ltr'>Cesinsm.</span> <span class='ocrx_word' id='word_1_286' title='bbox 1007 3446 1085 3512; x_wconf 85' lang='lat' dir='ltr'>cist</span> <span class='ocrx_word' id='word_1_287' title='bbox 1113 3446 1147 3525; x_wconf 89' lang='lat'>1,</span> <span class='ocrx_word' id='word_1_288' title='bbox 1173 3452 1206 3523; x_wconf 91' lang='lat' dir='ltr'>l,</span> <span class='ocrx_word' id='word_1_289' title='bbox 1236 3447 1294 3508; x_wconf 81' lang='lat'>92:</span> 
     </span>
     <span class='ocr_line' id='line_1_33' title="bbox 134 3546 1296 3626; baseline -0.009 -15"><span class='ocrx_word' id='word_1_290' title='bbox 134 3554 209 3611; x_wconf 80' lang='lat' dir='ltr'>dum</span> <span class='ocrx_word' id='word_1_291' title='bbox 230 3555 315 3612; x_wconf 83' lang='lat' dir='ltr'>redeo</span> <span class='ocrx_word' id='word_1_292' title='bbox 338 3557 463 3615; x_wconf 89' lang='lat' dir='ltr'>domum.</span> <span class='ocrx_word' id='word_1_293' title='bbox 502 3554 616 3619; x_wconf 83' lang='lat' dir='ltr'>Bacch.</span> <span class='ocrx_word' id='word_1_294' title='bbox 640 3571 669 3614; x_wconf 83' lang='lat' dir='ltr'>v.</span> <span class='ocrx_word' id='word_1_295' title='bbox 694 3557 775 3616; x_wconf 85' lang='lat'><strong>279:</strong></span> <span class='ocrx_word' id='word_1_296' title='bbox 799 3554 883 3610; x_wconf 80' lang='lat' dir='ltr'>Dum</span> <span class='ocrx_word' id='word_1_297' title='bbox 906 3546 979 3626; x_wconf 90' lang='lat' dir='ltr'>[me]</span> <span class='ocrx_word' id='word_1_298' title='bbox 1007 3548 1228 3620; x_wconf 79' lang='lat' dir='ltr'>circumspecto,</span> <span class='ocrx_word' id='word_1_299' title='bbox 1251 3551 1296 3603; x_wconf 77' lang='lat' dir='ltr'>tt·</span> 
     </span>
     <span class='ocr_line' id='line_1_34' title="bbox 137 3644 1297 3728; baseline -0.017 -9"><span class='ocrx_word' id='word_1_300' title='bbox 137 3668 195 3724; x_wconf 73' lang='lat' dir='ltr'>que</span> <span class='ocrx_word' id='word_1_301' title='bbox 227 3647 289 3728; x_wconf 73' lang='lat' dir='ltr'>lis)</span> <span class='ocrx_word' id='word_1_302' title='bbox 317 3670 372 3728; x_wconf 82' lang='lat' dir='ltr'>ego</span> <span class='ocrx_word' id='word_1_303' title='bbox 400 3654 528 3713; x_wconf 85' lang='lat' dir='ltr'>lembum</span> <span class='ocrx_word' id='word_1_304' title='bbox 556 3655 722 3728; x_wconf 86' lang='lat' dir='ltr'>conspicor.</span> <span class='ocrx_word' id='word_1_305' title='bbox 769 3648 824 3726; x_wconf 85' lang='lat' dir='ltr'>IV,</span> <span class='ocrx_word' id='word_1_306' title='bbox 849 3653 878 3725; x_wconf 86' lang='lat'>7,</span> <span class='ocrx_word' id='word_1_307' title='bbox 904 3651 957 3711; x_wconf 84' lang='lat'>19:</span> <span class='ocrx_word' id='word_1_308' title='bbox 988 3647 1081 3719; x_wconf 81' lang='lat' dir='ltr'>Quem</span> <span class='ocrx_word' id='word_1_309' title='bbox 1108 3645 1139 3704; x_wconf 90' lang='lat' dir='ltr'>di</span> <span class='ocrx_word' id='word_1_310' title='bbox 1161 3644 1297 3716; x_wconf 74' lang='lat' dir='ltr'>diligunt,</span> 
     </span>
     <span class='ocr_line' id='line_1_35' title="bbox 134 3741 1297 3827; baseline -0.003 -21"><span class='ocrx_word' id='word_1_311' title='bbox 134 3748 325 3811; x_wconf 83' lang='lat' dir='ltr'>Adulescens</span> <span class='ocrx_word' id='word_1_312' title='bbox 355 3753 496 3827; x_wconf 89' lang='lat' dir='ltr'>moritur,</span> <span class='ocrx_word' id='word_1_313' title='bbox 528 3752 598 3811; x_wconf 78' lang='lat' dir='ltr'>dem</span> <span class='ocrx_word' id='word_1_314' title='bbox 624 3750 704 3810; x_wconf 82' lang='lat' dir='ltr'>valet</span> <span class='ocrx_word' id='word_1_315' title='bbox 730 3750 818 3808; x_wconf 75' lang='lat' dir='ltr'>sentit</span> <span class='ocrx_word' id='word_1_316' title='bbox 843 3747 929 3819; x_wconf 74' lang='lat' dir='ltr'>sapit.</span> <span class='ocrx_word' id='word_1_317' title='bbox 982 3746 1018 3818; x_wconf 81' lang='lat'>9,</span> <span class='ocrx_word' id='word_1_318' title='bbox 1045 3746 1102 3805; x_wconf 80' lang='lat'>27:</span> <span class='ocrx_word' id='word_1_319' title='bbox 1133 3741 1216 3799; x_wconf 80' lang='lat' dir='ltr'>Dum</span> <span class='ocrx_word' id='word_1_320' title='bbox 1248 3754 1297 3797; x_wconf 63' lang='lat' dir='ltr'>ew·</span> 
     </span>
     <span class='ocr_line' id='line_1_36' title="bbox 136 3838 1297 3917; baseline -0.004 -15"><span class='ocrx_word' id='word_1_321' title='bbox 136 3846 258 3917; x_wconf 79' lang='lat' dir='ltr'>puaeril</span> <span class='ocrx_word' id='word_1_322' title='bbox 283 3848 323 3906; x_wconf 86' lang='lat' dir='ltr'>ibi</span> <span class='ocrx_word' id='word_1_323' title='bbox 354 3849 435 3909; x_wconf 79' lang='lat' dir='ltr'>fecte</span> <span class='ocrx_word' id='word_1_324' title='bbox 466 3852 596 3909; x_wconf 84' lang='lat' dir='ltr'>iliorum.</span> <span class='ocrx_word' id='word_1_325' title='bbox 641 3865 670 3907; x_wconf 93' lang='lat' dir='ltr'>v.</span> <span class='ocrx_word' id='word_1_326' title='bbox 700 3850 752 3908; x_wconf 74' lang='lat'>64:</span> <span class='ocrx_word' id='word_1_327' title='bbox 781 3847 943 3916; x_wconf 83' lang='lat' dir='ltr'>Chrnsnle,</span> <span class='ocrx_word' id='word_1_328' title='bbox 972 3841 1043 3900; x_wconf 85' lang='lat' dir='ltr'>edes</span> <span class='ocrx_word' id='word_1_329' title='bbox 1072 3839 1142 3898; x_wconf 82' lang='lat' dir='ltr'>dum</span> <span class='ocrx_word' id='word_1_330' title='bbox 1165 3856 1219 3912; x_wconf 81' lang='lat' dir='ltr'>ego</span> <span class='ocrx_word' id='word_1_331' title='bbox 1243 3838 1297 3897; x_wconf 85' lang='lat' dir='ltr'>hes</span> 
     </span>
     <span class='ocr_line' id='line_1_37' title="bbox 129 3935 1296 4018; baseline -0.006 -18"><span class='ocrx_word' id='word_1_332' title='bbox 129 3944 256 4016; x_wconf 75' lang='lat' dir='ltr'>pellepo.</span> <span class='ocrx_word' id='word_1_333' title='bbox 299 3944 414 4008; x_wconf 77' lang='lat' dir='ltr'>Bacch.</span> <span class='ocrx_word' id='word_1_334' title='bbox 446 3962 472 4006; x_wconf 80' lang='lat' dir='ltr'>v.</span> <span class='ocrx_word' id='word_1_335' title='bbox 502 3948 596 4007; x_wconf 76' lang='lat'>1000:</span> <span class='ocrx_word' id='word_1_336' title='bbox 629 3946 773 4005; x_wconf 80' lang='lat' dir='ltr'>Ausculta</span> <span class='ocrx_word' id='word_1_337' title='bbox 802 3961 907 4018; x_wconf 86' lang='lat' dir='ltr'>porro,</span> <span class='ocrx_word' id='word_1_338' title='bbox 936 3942 1008 3999; x_wconf 79' lang='lat' dir='ltr'>dem</span> <span class='ocrx_word' id='word_1_339' title='bbox 1038 3939 1094 3997; x_wconf 88' lang='lat' dir='ltr'>hoc</span> <span class='ocrx_word' id='word_1_340' title='bbox 1122 3937 1199 4012; x_wconf 87' lang='lat' dir='ltr'>qnod</span> <span class='ocrx_word' id='word_1_341' title='bbox 1223 3935 1296 3994; x_wconf 88' lang='lat' dir='ltr'>scri·</span> 
     </span>
     <span class='ocr_line' id='line_1_38' title="bbox 136 4036 1297 4118; baseline -0.006 -20"><span class='ocrx_word' id='word_1_342' title='bbox 136 4047 251 4115; x_wconf 87' lang='lat' dir='ltr'>ptumst</span> <span class='ocrx_word' id='word_1_343' title='bbox 268 4046 389 4118; x_wconf 77' lang='lat' dir='ltr'>pellcpo.</span> <span class='ocrx_word' id='word_1_344' title='bbox 434 4042 631 4106; x_wconf 73' lang='lat' dir='ltr'>Menaechm.</span> <span class='ocrx_word' id='word_1_345' title='bbox 656 4059 683 4101; x_wconf 81' lang='grc' dir='ltr'>ν.</span> <span class='ocrx_word' id='word_1_346' title='bbox 709 4044 788 4104; x_wconf 75' lang='grc' dir='ltr'><strong>214ε</strong></span> <span class='ocrx_word' id='word_1_347' title='bbox 811 4043 881 4100; x_wconf 82' lang='lat' dir='ltr'>dum</span> <span class='ocrx_word' id='word_1_348' title='bbox 902 4042 1049 4110; x_wconf 73' lang='lat' dir='ltr'>coquetur,</span> <span class='ocrx_word' id='word_1_349' title='bbox 1069 4036 1188 4093; x_wconf 89' lang='lat' dir='ltr'>interim</span> <span class='ocrx_word' id='word_1_350' title='bbox 1212 4042 1297 4108; x_wconf 84' lang='lat' dir='ltr'>pote·</span> 
     </span>
     <span class='ocr_line' id='line_1_39' title="bbox 135 4131 1296 4221; baseline -0.006 -25"><span class='ocrx_word' id='word_1_351' title='bbox 135 4139 242 4199; x_wconf 85' lang='lat' dir='ltr'>bimus.</span> <span class='ocrx_word' id='word_1_352' title='bbox 269 4139 334 4203; x_wconf 85' lang='lat' dir='ltr'>Mil.</span> <span class='ocrx_word' id='word_1_353' title='bbox 360 4142 401 4221; x_wconf 86' lang='lat' dir='ltr'>ll,</span> <span class='ocrx_word' id='word_1_354' title='bbox 426 4146 454 4219; x_wconf 82' lang='lat'>2,</span> <span class='ocrx_word' id='word_1_355' title='bbox 477 4148 536 4205; x_wconf 78' lang='lat'>44:</span> <span class='ocrx_word' id='word_1_356' title='bbox 559 4144 716 4215; x_wconf 82' lang='lat' dir='ltr'>Paulisper</span> <span class='ocrx_word' id='word_1_357' title='bbox 738 4147 816 4212; x_wconf 81' lang='lat' dir='ltr'>tuce,</span> <span class='ocrx_word' id='word_1_358' title='bbox 839 4139 922 4197; x_wconf 82' lang='lat' dir='ltr'>Dum</span> <span class='ocrx_word' id='word_1_359' title='bbox 945 4155 999 4212; x_wconf 83' lang='lat' dir='ltr'>ego</span> <span class='ocrx_word' id='word_1_360' title='bbox 1023 4135 1095 4193; x_wconf 90' lang='lat' dir='ltr'>mihi</span> <span class='ocrx_word' id='word_1_361' title='bbox 1116 4132 1244 4192; x_wconf 86' lang='lat' dir='ltr'>consilia</span> <span class='ocrx_word' id='word_1_362' title='bbox 1266 4131 1296 4189; x_wconf 87' lang='lat' dir='ltr'>in</span> 
     </span>
     <span class='ocr_line' id='line_1_40' title="bbox 137 4226 1297 4312; baseline -0.004 -18"><span class='ocrx_word' id='word_1_363' title='bbox 137 4239 266 4298; x_wconf 85' lang='lat' dir='ltr'>animum</span> <span class='ocrx_word' id='word_1_364' title='bbox 295 4260 416 4303; x_wconf 80' lang='lat' dir='ltr'>convoco</span> <span class='ocrx_word' id='word_1_365' title='bbox 443 4253 474 4300; x_wconf 86' lang='lat' dir='ltr'>et</span> <span class='ocrx_word' id='word_1_366' title='bbox 503 4243 571 4299; x_wconf 67' lang='lat' dir='ltr'>daim</span> <span class='ocrx_word' id='word_1_367' title='bbox 600 4241 717 4300; x_wconf 70' lang='lat' dir='ltr'>censetis</span> <span class='ocrx_word' id='word_1_368' title='bbox 742 4239 819 4312; x_wconf 82' lang='lat' dir='ltr'>Quid</span> <span class='ocrx_word' id='word_1_369' title='bbox 849 4253 942 4309; x_wconf 76' lang='lat' dir='ltr'>egem.</span> <span class='ocrx_word' id='word_1_370' title='bbox 988 4229 1085 4293; x_wconf 77' lang='lat' dir='ltr'>Mers.</span> <span class='ocrx_word' id='word_1_371' title='bbox 1109 4226 1215 4301; x_wconf 70' lang='grc'><strong>1114,</strong></span> <span class='ocrx_word' id='word_1_372' title='bbox 1241 4229 1297 4300; x_wconf 78' lang='grc'>38;</span> 
     </span>
     <span class='ocr_line' id='line_1_41' title="bbox 136 4327 1298 4414; baseline -0.009 -18"><span class='ocrx_word' id='word_1_373' title='bbox 136 4338 242 4397; x_wconf 87' lang='lat' dir='ltr'>Potest</span> <span class='ocrx_word' id='word_1_374' title='bbox 269 4342 386 4401; x_wconf 82' lang='lat' dir='ltr'>interes</span> <span class='ocrx_word' id='word_1_375' title='bbox 413 4340 550 4401; x_wconf 69' lang='lat' dir='ltr'>sturnini</span> <span class='ocrx_word' id='word_1_376' title='bbox 578 4343 701 4414; x_wconf 75' lang='lat' dir='ltr'>poneret.</span> <span class='ocrx_word' id='word_1_377' title='bbox 749 4335 786 4413; x_wconf 90' lang='lat' dir='ltr'>V,</span> <span class='ocrx_word' id='word_1_378' title='bbox 818 4339 852 4411; x_wconf 82' lang='lat'>2,</span> <span class='ocrx_word' id='word_1_379' title='bbox 875 4337 932 4395; x_wconf 85' lang='lat'>83:</span> <span class='ocrx_word' id='word_1_380' title='bbox 964 4334 1064 4392; x_wconf 81' lang='lat' dir='ltr'>Meter</span> <span class='ocrx_word' id='word_1_381' title='bbox 1087 4330 1194 4388; x_wconf 70' lang='lat' dir='ltr'>iratast</span> <span class='ocrx_word' id='word_1_382' title='bbox 1216 4327 1298 4402; x_wconf 81' lang='lat' dir='ltr'>petri</span> 
     </span>
    </p>
   </div>
   <div class='ocr_carea' id='block_1_3' title="bbox 0 0 1570 5075">
    <p class='ocr_par' dir='ltr' id='par_1_6' title="bbox 0 0 1570 5075">
     <span class='ocr_line' id='line_1_42' title="bbox 0 0 1570 5075; baseline 0 0"><span class='ocrx_word' id='word_1_383' title='bbox 0 0 1570 5075; x_wconf 95' lang='lat' dir='ltr'> </span> 
     </span>
    </p>
   </div>
  </div>
 </body>
</html>
