3125 5075
491 376 578 416 CASUS
594 377 860 420 suesu'aurrvottma
874 398 901 407 -
908 379 1072 419 Guuirrvus.
1293 388 1355 444 337

202 548 310 610 laborm
326 553 403 612 cett.
426 548 561 632 Argum.
577 548 692 615 Pseud.
708 550 751 631 11,
768 570 796 616 v.
814 557 847 615 2:
864 573 1048 616 nummorum
1060 555 1187 631 indigua.
1205 551 1319 617 Bacch.
1332 552 1358 624 I,

201 647 308 725 246:
330 649 465 709 vaduam
486 652 602 713 uirium.
647 648 774 714 Terent.
798 651 915 715 Heaut.
938 650 1012 731 1,1‚
1034 655 1089 717 38:
1105 653 1175 713 Sine
1197 670 1254 720 me,
1278 655 1356 713 vaci-

201 761 264 804 vum
293 751 413 820 tempus
441 748 559 823 nequod
585 749 652 808 dam
683 751 756 809 miti
784 752 919 812 Laboris.
965 747 1078 829 Amph.
1109 747 1190 828 prol.
1217 766 1247 812 v.
1279 751 1356 812 105:

201 841 293 914 Quam
317 843 395 904 iiber
416 845 521 905 harum
547 863 648 906 rerum
676 846 745 923 [et]
773 852 932 909 multarum
960 849 1032 922 siet,
1066 870 1109 900 =
1131 863 1225 926 quam
1258 844 1359 911 libere

200 936 397 1005 moechetur.
440 939 557 1005 Bacch.
580 940 635 1022 IV,
652 947 681 1023 8,
698 947 732 1007 8;
750 948 826 1007 Nive
849 947 1028 1007 exheredem
1051 944 1152 1005 fecero
1174 948 1253 1006 vitae
1277 963 1357 1007 suae.

200 1032 297 1100 Stich.
321 1034 378 1117 IV,
405 1043 432 1117 l,
457 1043 511 1102 21:
536 1043 672 1102 Omnium
695 1062 741 1103 me
764 1047 872 1104 exilem
901 1052 990 1119 atque
1014 1046 1131 1102 inanem
1161 1041 1234 1103 fecit
1262 1046 1359 1119 aegri·

204 1136 347 1196 tudinum.
393 1135 489 1200 Ennii
510 1135 721 1202 Eumenidum
751 1138 789 1204 fr.
822 1147 857 1220 5,
881 1159 910 1204 v.
943 1144 1018 1203 187:
1048 1142 1233 1201 Summarum
1260 1159 1360 1201 rernm

205 1235 322 1295 incerti.
359 1231 463 1298 Plaut.
486 1233 568 1298 Rud
591 1234 617 1315 Ι,
641 1242 670 1316 3,
695 1244 749 1303 37:
771 1241 887 1300 incerta
908 1238 998 1316 [suun]
1021 1240 1133 1301 eonati.
1179 1234 1310 1300 Seruius
1329 1236 1363 1301 in

207 1331 280 1394 den.
302 1328 361 1410 IX,
386 1333 471 1396 255:
495 1332 638 1411 „Ennius
661 1336 729 1397 deas
750 1338 818 1397 ueni
843 1339 972 1412 inteproa
993 1335 1079 1415 dicit,
1095 1334 1211 1414 quibus
1227 1332 1361 1398 muitum

210 1429 273 1492 aeui
295 1447 395 1510 super
417 1428 499 1493 est.“
544 1430 647 1495 Plaut
679 1432 771 1497 Truc.
800 1433 830 1512 Ι,
854 1438 887 1513 2,
913 1438 966 1498 30:
995 1434 1192 1494 manufestum
1220 1432 1360 1512 (passive

210 1526 437 1607 accipiendum)
462 1530 607 1600 mendaci,
630 1535 717 1606 mala,
742 1540 771 1592 te
789 1542 886 1592 tenea.
932 1531 1019 1608 Asin,
1043 1529 1080 1610 V,
1105 1535 1133 1609 2,
1158 1535 1190 1594 5:
1220 1534 1245 1592 si
1274 1533 1361 1592 huius

213 1630 250 1686 rei
270 1645 317 1687 me
341 1628 514 1686 mendacem
537 1647 603 1689 esse
627 1632 787 1691 inveneris.
819 1627 1086 1708 captitula:
1111 1632 1241 1704 Quarum
1263 1647 1361 1690 rerum

213 1733 237 1783 te
264 1724 437 1785 falsilocum
460 1728 531 1785 mihi
554 1745 620 1788 esse
645 1732 723 1789 nolo.
767 1726 864 1791 Most.
889 1724 944 1804 IV,
970 1732 997 1806 1,
1023 1731 1075 1790 19:
1098 1730 1201 1788 Peculi
1225 1729 1271 1789 sui
1292 1746 1361 1802 pro·

215 1823 275 1897 digi.
305 1819 387 1885 itud.
404 1820 459 1900 11⁷,
480 1827 509 1902 7,
534 1827 588 1886 21:
612 1827 656 1885 Ne
681 1829 794 1886 conscii
817 1830 875 1887 sint
899 1829 957 1902 ipsi
981 1827 1108 1887 malefici
1132 1828 1201 1886 suis.
1233 1823 1361 1887 Terent.

214 1916 319 1982 Heaut.
344 1917 389 1993 ΙΙ,
417 1926 451 1999 l,
485 1926 519 1986 3:
550 1924 654 1997 Neque
685 1925 805 1983 illarum
832 1925 945 1986 adfines
972 1942 1038 1986 esse
1065 1942 1165 1984 rerum
1197 1941 1269 1998 quas
1303 1921 1364 1983 tert

214 2018 417 2081 adulescentia.

289 2116 466 2190 Ρανίίοὲρία.
502 2115 597 2179 Ennii
620 2115 724 2182 annal.
748 2116 890 2182 incertae
912 2116 996 2183 sedis
1015 2114 1128 2196 fragm.
1148 2121 1220 2180 122:
1243 2120 1362 2179 virtutis

215 2223 352 2291 egentem.
403 2213 626 2279 Andromacha
655 2214 870 2280 Aechmalatis
897 2216 933 2280 fr.
962 2222 1015 2278 10:
1044 2218 1091 2276 Ex
1113 2216 1217 2291 opibus
1242 2220 1363 2278 summis

213 2310 394 2388 optaueris,
417 2315 531 2374 Hector
554 2321 632 2373 tuae.
678 2311 782 2378 Plana.
806 2314 887 2378 Rud.
911 2312 970 2392 ΙΙΙ,
994 2318 1022 2390 2,
1047 2315 1104 2375 28:
1129 2315 1173 2372 tui
1195 2316 1362 2388 indigentes

215 2414 306 2472 auxili.
356 2406 435 2473 cist
450 2408 480 2484 I,
507 2413 539 2488 1,
564 2416 618 2475 31:
643 2413 767 2472 Suarum
791 2433 844 2475 nou
868 2431 956 2490 opum
979 2416 1080 2472 uolunt
1103 2429 1169 2471 esse
1192 2412 1362 2486 indigentis.

214 2507 265 2583 (sic
284 2506 380 2573 Both.
404 2506 498 2589 Vulg.
525 2501 674 2590 ἀμέτρως
697 2529 785 2588 opum
809 2511 893 2588 nos),
924 2536 966 2561 =
988 2509 1100 2574 volunt
1128 2525 1186 2573 nos
1220 2526 1259 2572 er
1285 2507 1364 2590 ipsis

214 2606 359 2686 pendere,
383 2607 470 2686 ipsas
493 2607 662 2687 respicere,
685 2610 753 2673 sine
775 2607 904 2672 illarum
927 2609 1032 2689 gratia
1053 2608 1159 2671 vivere
1182 2624 1244 2670 nou
1261 2625 1361 2688 posse.

212 2701 301 2767 Ennii
324 2703 428 2768 annal.
444 2703 463 2767 Ι.
479 2702 505 2782 Ι,
519 2702 558 2767 fr.
576 2711 633 2769 57:
651 2709 797 2769 Curantes
821 2728 928 2784 magna
950 2727 1016 2769 cum
1039 2725 1111 2768 cura
1133 2712 1194 2766 tum
1216 2710 1365 2780 cupientes

211 2802 304 2877 Repai
327 2800 403 2874 (Cic.
427 2800 467 2864 de
490 2801 550 2866 div.
574 2802 599 2878 Ι,
623 2804 687 2880 48).
733 2804 836 2869 Plaut.
865 2804 930 2868 Mil.
954 2804 1018 2881 IV,
1042 2810 1075 2882 2,
1099 2808 1155 2867 58:
1186 2808 1262 2866 Nam
1285 2809 1364 2866 hunc

211 2905 326 2963 anulum
349 2900 431 2977 [ego]
455 2903 491 2962 ab
515 2902 559 2962 tui
580 2905 708 2976 eripienti
737 2906 805 2964 huic
829 2906 929 2965 detuli.
976 2902 1087 2982 Amph.
1117 2901 1195 2983 prol.
1229 2921 1258 2965 v.
1289 2907 1363 2967 132:

209 3001 309 3074 quoius
341 3002 466 3074 cupiens
493 3011 666 3062 maxumast.
714 2999 842 3064 Terent.
866 3001 943 3067 Hec.
967 3000 996 3077 Ι,
1021 3007 1055 3079 2,
1079 3005 1133 3064 67;
1162 3003 1287 3078 cupiens
1310 3005 1363 3061 tui.

209 3093 307 3160 Puut.
332 3096 420 3160 Asin.
437 3095 475 3175 V,
491 3103 520 3178 2,
538 3102 572 3160 7:
589 3107 736 3160 amantem
759 3103 861 3160 uxoris
884 3118 1028 3160 maxume.
1073 3097 1142 3161 Cas.
1166 3095 1246 3177 prol.
1262 3117 1291 3161 v.
1307 3103 1362 3162 63:

208 3195 310 3257 Sciens
334 3199 399 3256 eius
428 3224 472 3244 =
494 3196 563 3261 eius
591 3195 637 3259 rei
665 3195 791 3260 conscia
822 3215 859 3261 ac
889 3215 999 3276 gnara.
1049 3194 1142 3259 Truc.
1170 3195 1218 3275 11,
1249 3200 1281 3274 1,
1312 3200 1364 3260 13:

209 3295 393 3355 Piaculumst
420 3298 558 3356 misereri
586 3315 639 3356 nus
673 3297 824 3356 homiuum
850 3297 895 3355 rei
922 3298 997 3355 male
1019 3299 1179 3368 parentum.
1225 3292 1366 3371 (Inutilis

207 3396 255 3454 est
275 3390 416 3455 mutatio
430 3391 537 3457 Bothii
560 3393 592 3455 in
614 3413 676 3453 rem
701 3413 737 3455 nu
760 3395 845 3470 ger).
891 3392 1017 3456 Terent.
1039 3390 1165 3454 Phorur.
1189 3389 1242 3470 IV,
1264 3396 1292 3471 3,
1311 3395 1365 3455 18:

209 3488 339 3566 fugitans
365 3492 470 3551 litium.
515 3489 618 3553 Plaut.
643 3490 714 3553 nul.
738 3489 781 3568 V,
811 3497 840 3569 1,
869 3495 918 3554 16:
943 3495 1089 3551 scelerum
1114 3492 1366 3552 cumulatissume.

208 3583 323 3651 caecil.
340 3586 421 3653 Stat.
438 3587 680 3668 Harpazomene
695 3588 733 3652 fr.
750 3593 784 3652 5:
799 3592 849 3665 qui
869 3592 956 3650 homo
970 3589 1175 3664 ineptitudine
1189 3592 1365 3662 cumulatus,

207 3689 319 3747 cultum
341 3686 480 3747 oblitu's?
497 3717 536 3728 -

298 3786 395 3846 Verba
417 3802 483 3844 cum
503 3786 632 3859 panitiae
655 3787 819 3848 coniuncte.
865 3784 962 3847 Naev.
991 3783 1062 3849 beli.
1085 3782 1163 3846 Ptin.
1187 3781 1207 3846 Ι.
1231 3781 1261 3861 Ι,
1284 3778 1321 3845 fr.
1345 3787 1366 3845 4

209 3870 278 3959 ap(
307 3879 458 3946 Priscian.
482 3880 535 3959 vl,
557 3900 587 3961 p.
613 3884 673 3945 679
698 3882 749 3946 Ρ.;
771 3886 810 3943 Ei
832 3886 912 3943 uenit
933 3885 964 3941 iu
985 3887 1107 3943 utentem
1130 3884 1278 3943 hominum
1301 3880 1367 3953 for·

210 3983 305 4042 ianua.
350 3977 479 4043 Terent.
502 3978 628 4043 Pharin.
652 3979 684 4060 Ι,
713 3986 746 4059 3,
771 3985 803 4043 2:
828 3985 877 4042 ubi
900 3986 999 4041 veniat
1020 3985 1051 4040 in
1072 3990 1203 4042 mentem
1226 3983 1289 4040 eins
1312 3979 1365 4039 ad·

212 4081 300 4138 uenti.
344 4075 449 4141 Plaut.
466 4076 552 4142 Trin.
574 4077 629 4156 1V,
655 4084 683 4157 3,
707 4083 761 4142 2οτ
778 4083 968 4141 conmeminit
985 4082 1071 4141 domi.
1102 4077 1231 4141 Terent.
1249 4075 1365 4140 Heaut.

213 4171 248 4250 V,
262 4180 293 4253 4,
317 4180 349 4238 3:
371 4178 447 4238 Eius
469 4185 502 4237 ut
528 4181 698 4240 memineris
721 4189 809 4254 atque
833 4181 929 4252 inopis
946 4197 1023 4237 nunc
1046 4186 1076 4238 te
1099 4179 1275 4237 miserescat
1297 4176 1364 4235 mei.

215 4268 291 4336 Eun.
314 4272 369 4350 IV,
394 4280 421 4352 7,
445 4282 501 4338 45:
526 4277 605 4337 domi
632 4276 748 4352 focique
780 4276 828 4337 iac
850 4278 980 4336 vicissim
1003 4284 1037 4336 ut
1059 4276 1237 4335 memineris.
1282 4271 1365 4335 Eun.

219 4364 268 4447 lv,
283 4376 311 4450 Ι,
327 4377 381 4437 31;
406 4376 527 4435 Faciam
542 4382 576 4436 ut
591 4377 676 4436 huius
691 4377 751 4435 loci
774 4376 891 4450 dieique
914 4376 1029 4450 meique
1053 4391 1169 4449 semper
1184 4373 1364 4433 memineris.

266 4470 346 4520 noun,
361 4473 466 4526 eyumxia
480 4473 498 4512 a
1116 4481 1157 4537 22
