3125 5075
201 327 263 390 130
638 313 766 355 nubit.
794 314 858 354 ΟΑΡ.
871 314 920 354 xu.

199 504 294 585 bobia
318 517 377 575 tto,
400 502 459 568 bib.
482 503 574 583 Epid.
609 502 651 578 V,
678 508 705 582 1,
729 505 787 565 27:
812 505 968 579 Opperire,
991 503 1062 562 draus
1084 504 1182 574 resero
1206 503 1245 562 ad
1268 510 1302 564 te
1323 521 1370 564 ar·

200 614 331 684 gentum.
355 600 472 668 Bacch.
495 599 554 680 III,
571 606 600 676 3,
617 607 674 666 39:
696 603 808 662 Noster
831 602 998 678 astacum
1021 608 1051 660 te
1067 602 1182 675 poteris
1205 600 1369 662 defensare

200 706 318 766 iniuria.
342 699 426 766 Men.
440 698 464 778 Ι,
478 704 507 777 3,
523 704 575 762 ll:
598 700 746 762 Meretrix
761 701 909 773 tantisper
925 699 1085 769 blanditur,
1108 698 1178 758 dum
1195 701 1266 759 illut
1290 700 1369 775 quod

200 799 301 877 rapiat
329 799 416 859 uidet.
461 794 559 862 Merc.
589 795 654 875 III,
682 802 720 872 4,
749 799 807 858 72:
837 794 921 855 Adeo
943 796 1015 855 dum
1042 798 1122 857 illius
1153 798 1311 871 cupiditas
1339 803 1368 857 tc

201 907 291 974 atque
325 914 408 957 amor
440 898 560 956 missum
594 895 687 968 facit?
720 890 967 962 Poen.act.11‚
996 910 1023 954 v.
1052 896 1112 953 44:
1146 896 1227 968 nge,
1263 911 1368 955 eamus

201 998 290 1071 intro,
313 994 384 1053 dum
407 1002 475 1054 exta
497 994 679 1066 reseruntur.
703 989 752 1054 Sc.
776 988 834 1053 ult.
851 1007 879 1051 ν.
898 994 952 1053 36;
976 991 1059 1048 Dum
1082 992 1259 1051 auctionem·
1278 992 1368 1064 facio,

202 1094 252 1154 bio
275 1110 350 1166 opus
373 1098 419 1150 est
447 1092 560 1165 aliquot
585 1098 618 1151 ut
644 1107 766 1149 maneas
790 1090 863 1148 dies.
900 1086 981 1149 Rud.
1006 1085 1063 1162 Ill,
1088 1095 1123 1165 4,
1148 1092 1204 1151 69:
1229 1090 1272 1150 Ut
1297 1092 1367 1149 illas

202 1206 314 1262 serves,
337 1191 393 1248 vim
418 1187 571 1261 defendas,
594 1187 664 1247 dum
687 1204 742 1261 ego
764 1204 848 1246 erum
871 1185 985 1245 adduco
1007 1204 1113 1245 meum.
1159 1188 1189 1259 6,
1213 1190 1274 1248 42:
1299 1187 1365 1247 dun

202 1288 323 1360 recipis,
347 1283 377 1347 b.
401 1303 428 1347 e.
452 1284 525 1347 dum
549 1283 634 1349 redis
656 1300 719 1347 sec.
743 1280 871 1357 Pistor,
894 1298 966 1345 nam
988 1284 1134 1356 recipcre,
1163 1289 1200 1345 ut
1223 1282 1364 1362 saepius,

203 1377 432 1462 significatione
456 1379 604 1444 reflexion
626 1386 814 1460 usurpatum
838 1383 898 1443 est.
928 1378 982 1453 IV,
1000 1383 1027 1454 3,
1048 1386 1077 1441 l:
1103 1382 1180 1453 Quid
1205 1382 1364 1441 maneam?

202 1478 458 1545 taceamne
482 1480 551 1551 tibi,
582 1496 669 1554 quam
693 1479 799 1551 trahis,
823 1479 977 1538 rudentem
1006 1481 1144 1551 ampl-uo.
1190 1475 1287 1542 Truc.
1312 1476 1364 1555 lv,

202 1581 233 1657 4,
257 1579 314 1638 21:
338 1577 408 1637 dum
430 1580 515 1637 miles
531 1579 630 1652 aliquo
653 1576 895 1636 circumducitur.
925 1573 1054 1638 Terent.
1080 1575 1176 1637 Andr.
1201 1573 1245 1652 ΙΙ,
1268 1581 1296 1653 l,
1310 1580 1362 1638 29:

204 1675 315 1737 Saltem
340 1678 453 1750 aliquot
468 1674 544 1762 ‘dies
568 1673 674 1734 Profer
699 1670 865 1751 (nuptias),
888 1672 958 1731 dum
975 1675 1147 1746 moriamur
1171 1675 1284 1748 aliquo.
1310 1671 1362 1751 lv,

204 1775 235 1850 2,
260 1775 315 1835 31:
338 1773 396 1844 iu,
425 1772 535 1846 Mysis,
566 1770 636 1831 dum
662 1787 748 1847 ecco,
771 1788 933 1845 parumper
960 1773 1099 1845 opperire
1131 1773 1187 1831 bie.
1234 1769 1317 1833 Eun.
1340 1768 1364 1847 I,

204 1871 235 1947 2,
263 1871 337 1931 126:
361 1870 535 1943 expectabo,
558 1868 627 1927 dum
649 1869 738 1929 verrit.
769 1860 812 1943 V,'
825 1872 854 1943 2,
876 1870 1010 1928 bbz'Vin
1033 1870 1159 1941 interea,
1182 1868 1254 1940 ulum
1276 1869 1364 1936 aurit,

204 1968 293 2029 Domi
316 1951 507 2043 opperiamur
530 1969 638 2040 potins.
683 1963 800 2027 Heaut.
824 1963 849 2041 I,
879 1970 912 2041 l,
938 1967 1081 2039 cuziago
1108 1977 1137 2024 te
1167 1982 1263 2025 meum
1297 1984 1363 2025 esse

204 2064 264 2127 dici
287 2066 435 2139 tantisper
456 2065 539 2135 volo,
570 2064 655 2122 Dum
676 2064 753 2138 quod
777 2071 806 2122 te
831 2064 979 2137 dignumst
1001 2061 1102 2133 focica
1148 2060 1279 2123 Phorm.
1305 2058 1362 2138 ΙΠ,

203 2164 234 2240 2,
258 2163 314 2223 28:
338 2163 460 2236 Nequeo
484 2178 617 2233 exorare,
642 2170 675 2219 ut
697 2178 742 2219 mc
764 2166 885 2219 maneat
905 2168 936 2219 et
959 2179 1024 2220 cum
1047 2162 1100 2221 illo
1116 2168 1148 2219 ut
1164 2169 1259 2219 mutet
1275 2160 1363 2219 fidem

203 2260 344 2321 Triduom
375 2262 443 2332 boc,
470 2258 541 2317 dum
570 2260 600 2317 id
627 2258 705 2333 quod
735 2267 782 2319 est
809 2259 986 2332 promissum
1010 2260 1047 2317 ab
1075 2259 1177 2317 amicis
1206 2268 1364 2332 argentum

206 2358 320 2429 aufero.
365 2354 403 2432 V,
427 2359 456 2433 7,
479 2356 534 2417 89;
557 2356 742 2429 Adsequere,
764 2356 871 2425 retine,
895 2354 965 2414 dum
988 2372 1042 2429 ego
1059 2357 1116 2415 hnc
1139 2374 1244 2417 servos
1267 2372 1363 2416 evoca

204 2451 264 2517 Ad.
288 2451 330 2530 ΙΙ,
356 2457 384 2530 1,
400 2455 458 2515 42:
483 2453 625 2512 Delibera
641 2453 706 2526 hoc,
732 2452 803 2512 dum
818 2469 872 2527 ego
888 2451 983 2519 redeo,
1005 2468 1034 2515 v.
1050 2452 1205 2531 lirueger.
1231 2469 1365 2531 gramm.

204 2550 259 2616 lat.
284 2547 301 2629 ἕ
325 2554 396 2613 633.

293 2648 323 2712 d.
369 2645 571 2725 Coniunctio,
596 2663 687 2725 >quae
720 2646 874 2724 temporis
903 2647 1062 2709 terminati
1095 2648 1251 2711 rationem
1285 2649 1368 2712 desi·

206 2750 292 2825 gnat,
320 2741 460 2807 retertur
487 2742 526 2805 ad
556 2742 778 2821 conditionem,
809 2760 872 2821 qua
905 2743 1011 2821 aliqua
1039 2745 1198 2807 sententia
1226 2744 1278 2808 vel
1314 2764 1365 2809 res

207 2845 382 2908 coercetur.
428 2840 488 2903 Est
511 2839 592 2902 enim
616 2839 745 2919 proprie
767 2841 808 2904 ad
835 2840 919 2904 bunc
948 2842 1119 2904 terminum
1142 2860 1256 2921 usque,
1281 2845 1366 2908 intra

206 2934 266 3004 hos
283 2936 470 3001 conditionis
486 2938 648 3015 terminoS,
672 2934 732 2999 nic
754 2955 795 3019 qu
819 2938 983 3013 metuam
1000 2933 1158 3014 tacete,
1181 2941 1269 3019 quod
1285 2941 1366 3005 Ger·

206 3035 292 3101 mani
316 3034 411 3098 etiam
435 3034 544 3098 dicunt
564 3032 744 3114 iniciata.
791 3035 859 3099 Hoc
887 3035 980 3098 modo
1011 3037 1200 3115 exprimitur
1223 3039 1365 3103 conditio

207 3132 428 3200 concedendae
466 3132 512 3195 rei
550 3132 762 3212 restringens,
799 3152 892 3213 quam
925 3134 1104 3212 germanice
1132 3151 1189 3197 nos
1219 3134 1365 3213 dicimur,

207 3242 310 3296 maun
339 3246 424 3300 nar,
461 3246 531 3292 nur
565 3225 645 3306 bai.
679 3227 797 3308 (Hand.
827 3248 855 3309 p.
886 3234 969 3305 324.)
1025 3230 1222 3310 Quamquam
1256 3239 1364 3298 autem

206 3327 352 3394 Handius
378 3325 530 3404 affirmat,
568 3326 627 3391 hac
654 3323 885 3407 significatione
921 3327 1058 3407 positum
1086 3332 1155 3388 dum
1180 3331 1364 3395 necessario

209 3424 410 3491 coniunctivo
434 3425 531 3505 iungi,
553 3424 743 3489 indicativus
759 3428 866 3488 tamen
889 3426 1013 3504 positus
1036 3430 1086 3489 est
1107 3425 1258 3490 uPlauto
1274 3427 1364 3493 Pers.

207 3521 268 3602 Ill,
295 3528 320 3600 l,
346 3527 399 3586 59:
427 3524 509 3582 Dum
531 3525 583 3583 doe
605 3528 654 3597 eet,
679 3525 790 3584 nullum
814 3526 916 3584 vitium
940 3528 1011 3584 vitio
1035 3528 1170 3585 vortitur.

296 3624 324 3682 8.
368 3618 418 3682 De
441 3617 596 3698 particula
619 3621 708 3679 donec
730 3637 799 3683 cum
825 3620 994 3683 indicativo
1018 3620 1126 3684 iuncta
1140 3621 1212 3684 vide
1234 3631 1365 3701 praeter

206 3714 366 3782 Handium
396 3716 426 3779 in
456 3715 634 3780 Tursellino
663 3715 707 3793 ΙΙ,
735 3735 766 3796 p.
796 3722 857 3781 295
903 3717 1193 3782 Weissenbornium
1220 3720 1254 3783 in
1282 3725 1363 3802 synt

207 3812 263 3877 lat.
287 3831 317 3892 p.
343 3818 403 3876 344
428 3819 462 3877 et
484 3812 678 3893 Madvigium
707 3813 741 3877 iu
764 3831 893 3894 gramm.
923 3815 976 3878 lat.
1000 3833 1029 3894 p.
1055 3820 1125 3880 321.
1171 3817 1277 3898 Leges
1301 3817 1363 3882 xii

210 3909 297 3976 taba
320 3908 382 3987 VI,
406 3916 440 3975 9:
469 3913 559 3972 donec
586 3913 707 3988 dempta
729 3918 824 3974 eruut.
859 3911 937 3977 Cato
960 3913 996 3976 R.
1020 3915 1056 3978 R.
1080 3932 1105 3978 c.
1131 3920 1188 3978 67:
1212 3935 1362 3978 amurcam

208 4016 486 4083 commutatusque
515 4009 598 4078 odeo,
625 4011 715 4070 donec
742 4013 772 4071 in
795 4013 890 4072 lacum
916 4044 954 4056 -
973 4015 1148 4087 peruenerit.
1191 4011 1254 4078 Ib.:
1276 4016 1366 4074 donec

208 4109 240 4170 in
264 4108 372 4168 dolium
390 4107 566 4181 pervmmt.
619 4104 653 4169 O.
685 4110 741 4170 86:
766 4111 859 4169 Lacte
882 4110 974 4170 addat
1001 4115 1144 4186 paulatim
1166 4129 1261 4185 usque
1283 4113 1364 4180 adca

207 4206 298 4267 donoc
329 4221 445 4265 cremor
472 4222 591 4265 crassus
614 4206 672 4264 crit
698 4205 805 4267 iactus.
856 4203 889 4269 C.
913 4210 968 4270 88:
1004 4209 1037 4266 ld
1067 4211 1224 4284 aliquoties
1255 4212 1286 4270 iu
1317 4212 1363 4270 die

208 4299 369 4380 [quotidie]
393 4301 494 4375 tacito,
516 4318 609 4375 usque
627 4302 702 4363 odeo
724 4302 816 4363 donec
831 4308 876 4365 sal
894 4305 1034 4367 dempera
1054 4309 1209 4368 tabescere
1233 4309 1362 4369 biduum.
