3125 5075
388 331 412 369 ν.
441 331 611 370 ΡΒΟΝΟΙΙΙΝΑ
627 331 799 370 tuenstuens
815 332 851 369 ET
866 329 1043 369 nunnnsnts.
1230 342 1292 399 407

136 507 208 568 cier
227 505 340 568 homo?
383 498 447 572 ibo
477 500 514 578 ili
541 520 602 568 aar
629 502 722 574 einer,
755 501 807 566 bet
828 501 851 566 t.
874 501 969 568 Most
992 503 1035 581 V,
1061 507 1093 581 l,
1117 507 1172 569 24:
1207 506 1295 568 Alter

137 603 200 672 hcc
220 603 350 666 Athenis
370 621 458 667 nemo
480 605 597 666 doctior
618 603 677 664 dici
699 608 809 679 potest,
834 598 984 679 butmsad
999 597 1095 664 {tinet
1110 606 1185 668 cett.
1212 602 1295 668 Item

138 697 257 780 Amph.
286 697 347 780 IV,
376 704 411 780 3,
442 702 496 766 12:
535 703 593 776 Qui
621 719 666 761 me
689 702 799 762 Thebis
826 702 902 760 ater
922 702 995 762 vivit
1015 702 1172 763 miserior?
1217 699 1295 767 cns.

138 795 197 878 lv,
223 802 253 877 l,
275 800 313 862 8:
349 799 559 862 Scelestiorem
582 802 611 860 iu
634 807 717 860 terre
738 801 850 860 unllam
871 816 937 860 esse
960 799 1093 863 cimam.
1134 796 1223 863 Pers
1238 797 1295 879 lv,

139 902 170 974 4,
205 899 262 960 16:
294 901 394 960 uellus
422 901 492 962 leue
519 907 550 960 tc
577 900 652 961 cler
679 898 738 957 erit
766 899 943 972 opulentior.
987 894 1082 960 Poen.
1105 893 1166 976 IV,
1203 901 1236 976 2,
1260 900 1294 963 3:

137 997 247 1072 neque
276 997 426 1072 periurior
453 1014 548 1074 ueque
578 998 665 1072 peior
692 995 767 1054 aibr
790 1003 942 1071 usquamst
963 996 1101 1070 gendum.
1146 991 1211 1057 Mil.
1235 992 1294 1074 111,

141 1098 169 1174 l,
202 1097 262 1158 65:
306 1097 348 1155 st
380 1095 498 1170 quidem
524 1097 596 1156 illuc
624 1095 732 1154 aetatis
762 1094 812 1167 qui
840 1094 893 1160 sit,
923 1110 982 1152 nen
1009 1093 1141 1153 invenies
1168 1094 1295 1153 dimam

139 1191 336 1270 lepidiorem
358 1193 397 1252 ad
418 1192 514 1253 omnis
536 1192 617 1252 res.“
638 1189 727 1254 Hsec
746 1188 879 1270 Lingius
900 1186 1034 1253 addens:
1057 1187 1110 1268 „iu
1131 1186 1181 1253 his
1197 1190 1294 1255 omni-

141 1289 203 1356 bus
224 1287 317 1354 notio
338 1290 476 1368 modi,
498 1306 594 1369 quam
615 1286 795 1369 Wagnerus
817 1285 900 1364 vult,
930 1303 1062 1366 prorsus
1083 1285 1193 1367 inepta
1212 1285 1296 1353 ieret

143 1387 187 1454 ud
198 1385 420 1454 sententiam.“
456 1385 547 1451 Adde
562 1384 633 1450 Aut.
649 1383 695 1461 Π,
712 1389 741 1454 2,
758 1389 812 1450 29:
835 1388 939 1461 Neque
955 1387 1006 1446 ille
1022 1388 1205 1462 quisquamst
1219 1389 1295 1450 alter

147 1486 231 1548 hedis
260 1503 299 1547 ex
325 1493 503 1562 paupertate
530 1488 658 1562 parcior.
703 1481 768 1545 lilil.
794 1480 841 1559 ll,
872 1486 907 1560 3,
940 1486 992 1545 17:
1036 1487 1134 1562 Atque
1166 1503 1220 1561 ege
1249 1489 1294 1548 illi

146 1587 257 1662 espicio
292 1585 495 1645 auscultantem
522 1584 767 1645 Philocomasium
797 1600 862 1642 cum
888 1583 981 1643 attero
1006 1582 1116 1643 Nescio
1139 1602 1197 1659 quo
1223 1586 1295 1648 adu·

141 1687 290 1757 lesceute,
323 1681 365 1746 ad
400 1697 430 1760 q.
463 1678 484 1744 1.
512 1679 651 1746 Gronov.
679 1676 774 1743 affert
803 1677 897 1742 Truc.
923 1675 954 1757 l,
982 1681 1011 1756 2,
1040 1680 1095 1742 58:
1137 1684 1187 1755 qui
1222 1682 1296 1748 alte

138 1801 209 1844 Μ
229 1783 351 1843 incusat
382 1781 495 1858 probri.
538 1775 606 1841 Mil.
632 1775 680 1853 11,
712 1782 745 1855 3,
775 1780 834 1841 42:
868 1777 933 1853 quis
960 1775 1047 1838 hume
1071 1778 1101 1837 iu
1131 1782 1221 1842 terris
1252 1783 1296 1843 cl-

138 1885 185 1942 ter
206 1878 298 1958 [test]
319 1878 481 1942 audacior?
508 1904 552 1925 =
573 1873 654 1939 allus
676 1874 789 1955 quivis.
833 1874 882 1940 De
909 1871 1128 1938 coniunctione
1149 1877 1199 1939 ille
1220 1882 1296 1944 alter

138 1993 168 2042 r.
191 1975 222 2056 ὅ.
246 1979 299 2040 21.

226 2073 258 2140 b.
281 2073 331 2138 Ab
353 2075 429 2134 alter
450 2070 609 2136 diversum
634 2078 685 2137 est
705 2075 793 2142 atim,
815 2071 899 2152 quod
922 2070 1062 2151 ponitur,
1086 2075 1139 2140 ubi
1162 2074 1201 2140 de
1224 2075 1297 2157 plu·

138 2171 231 2238 rubus
253 2172 371 2252 egitur,
393 2168 445 2235 cui
467 2187 505 2234 er
528 2169 664 2235 adverso
686 2169 816 2250 ponitur
831 2187 913 2233 uuus
928 2173 1065 2251 quidam.
1101 2174 1171 2239 Une
1188 2180 1294 2238 mmeu

139 2269 212 2335 luco
235 2267 350 2344 Plauti,
373 2267 465 2349 capt
486 2266 566 2349 prol.
589 2287 619 2332 v.
642 2273 661 2332 8
684 2266 777 2349 plene
801 2285 859 2347 pre
882 2271 957 2331 citer
977 2272 1117 2351 pesitum
1137 2276 1196 2350 est,
1219 2288 1296 2351 quo-
1392 2307 1394 2311 ·

139 2368 224 2434 niam
252 2366 444 2432 initantum
468 2367 508 2430 de
529 2365 653 2432 dnobus
671 2366 793 2446 agitur:
831 2369 902 2428 Seni
923 2371 991 2430 huic
1015 2371 1134 2432 inerunt
1155 2372 1209 2432 filii
1232 2372 1296 2431 uati

139 2470 213 2545 duo,
250 2465 357 2527 Alium
383 2467 564 2543 quadrimum
594 2484 717 2543 puerum
753 2483 856 2526 serves
886 2472 1011 2545 surpuit.
1057 2467 1106 2532 sd
1134 2466 1296 2548 vulgarem

139 2583 234 2631 usum
264 2563 344 2629 hsec
371 2568 518 2644 spectant
547 2561 704 2642 exempla:
740 2560 820 2627 Ceto
847 2562 884 2627 R.
913 2564 950 2629 lt.
985 2585 1011 2631 c.
1042 2569 1075 2631 d:
1112 2571 1194 2644 Ager
1215 2571 1295 2631 clete

140 2664 343 2739 conserendo,
380 2665 431 2740 qui
457 2665 487 2723 iu
514 2671 631 2724 ventum
662 2664 823 2722 Farouiuru
853 2668 1002 2740 spectabit
1030 2674 1061 2728 et
1082 2669 1138 2729 soli
1160 2674 1296 2728 ostentus

141 2766 213 2837 erit,
242 2762 323 2822 alies
344 2763 439 2822 bouus
460 2763 558 2822 sullus
581 2762 647 2820 erit.
692 2758 786 2823 Ennii
808 2758 1008 2827 Euhemerus
1031 2767 1061 2842 3,
1083 2767 1138 2828 20:
1162 2766 1218 2824 clii
1239 2767 1295 2827 Or·

140 2879 206 2921 eum
247 2865 364 2945 vocant.
408 2855 514 2921 Pleut.
551 2855 664 2937 Amph.
695 2855 745 2936 ΙΙ,
773 2861 806 2936 2,
838 2862 914 2924 196:
959 2864 1017 2924 uisi
1053 2865 1079 2925 si
1116 2865 1291 2939 quispiamst

142 2959 321 3035 Amphitruo
351 2958 439 3018 alios.
483 2954 581 3020 Merc.
605 2953 634 3033 Ι,
660 2960 694 3024 1,
716 2960 771 3020 99:
810 2974 881 3018 ecce
905 2960 942 3019 ad
963 2978 1010 3021 me
1033 2961 1153 3022 sdveuit
1174 2963 1292 3034 Mulier,

142 3073 201 3133 qus
223 3057 348 3116 muliere
370 3055 435 3113 alic
457 3055 568 3114 nullast
589 3057 730 3130 pulcrior.
776 3053 826 3117 nd
853 3055 1044 3136 singularem
1067 3075 1159 3122 usum
1178 3073 1295 3137 prone·

140 3151 261 3217 minum
288 3154 369 3215 atius
395 3155 428 3215 et
457 3152 534 3210 ater
566 3154 704 3230 spectat,
734 3149 819 3230 qued
841 3169 936 3234 saepe
959 3154 992 3219 iu
1014 3155 1124 3220 eadem
1147 3155 1294 3219 enuncie-

141 3250 228 3314 tione
254 3248 473 3330 duplicantur,
501 3247 531 3312 h.
554 3265 580 3312 e.
604 3255 661 3312 aut
682 3248 751 3328 ipse
773 3247 822 3312 bis
844 3259 1006 3329 ponuntur
1027 3257 1084 3317 aut
1106 3250 1204 3317 semel
1226 3256 1294 3315 tan-

138 3352 206 3412 tum
234 3352 391 3428 sequente
413 3346 563 3411 edverhie
591 3345 663 3410 inde
685 3345 838 3410 derivato.
882 3348 964 3413 Item
985 3349 1018 3414 in
1038 3348 1121 3414 binis
1142 3348 1294 3414 membris

140 3445 296 3511 orationis
313 3448 477 3525 ponuntur
498 3444 545 3507 its
561 3451 599 3507 ut
619 3443 788 3508 disiunctio
810 3440 875 3508 fiat.
913 3444 965 3511 Sic
988 3444 1067 3511 Cato
1090 3447 1127 3512 R.
1150 3445 1188 3511 R.
1211 3464 1236 3510 e.
1258 3450 1291 3510 6:

137 3546 182 3605 Ibi
209 3546 315 3605 oculos
341 3544 494 3605 arundinis
520 3545 613 3618 pedes
641 3551 742 3604 ternos
771 3544 865 3603 adum
893 3547 930 3607 ab
953 3548 1013 3606 alio
1035 3550 1136 3609 serito.
1188 3544 1292 3609 Plaut

139 3639 202 3706 llil.
226 3640 283 3720 lv,
307 3646 336 3720 l,
362 3646 393 3704 1:
430 3640 535 3702 Alium
556 3642 617 3701 ctio
628 3646 715 3715 pecto
730 3649 856 3717 propter
870 3661 1000 3705 amorem
1016 3646 1047 3705 ui
1062 3647 1153 3707 sciam
1169 3645 1291 3706 Fecisse

137 3744 243 3817 uultu,
281 3737 311 3803 h.
340 3757 369 3805 e.
392 3737 488 3801 elium
513 3737 588 3817 hoc,
611 3737 708 3802 alium
730 3739 786 3803 illo
809 3739 910 3804 modo.
956 3739 1054 3806 Stich.
1076 3739 1125 3820 11,
1163 3744 1197 3818 2,
1233 3743 1290 3804 46:

138 3836 225 3900 snas
246 3838 343 3903 mium
362 3845 582 3915 percontamur.
627 3837 719 3901 True.
743 3836 786 3916 ΙΙ,
810 3844 840 3916 4,
863 3843 921 3903 49:
948 3847 1045 3901 mater
1059 3842 1183 3901 ancillas
1199 3840 1290 3914 iubet,

139 3964 174 3981 ·-
195 3936 306 3997 Attum
327 3936 471 3997 cbormm
493 3937 548 3998 ire.
593 3933 683 4015 Gapt.
706 3934 772 4014 ΙΙΙ,
799 3940 832 4016 1,
855 3940 905 4001 28.
950 3936 1077 4002 Terent.
1099 3935 1224 4001 Pherm.
1247 3934 1290 4015 Il,

136 4034 245 4112 2,19:
281 4031 363 4095 Aliis
383 4034 535 4095 utendos
551 4037 706 4110 periclum,
728 4036 805 4095 uude
828 4037 939 4112 aliquid
962 4037 1066 4097 abradi
1087 4042 1195 4111 petest.
1240 4030 1292 4099 Sic

136 4131 231 4195 etiam
258 4132 336 4193 atter
355 4128 461 4195 Pleni„
484 4128 597 4209 Amph.
621 4129 665 4209 V,
698 4136 728 4210 l,
763 4137 818 4197 64:
854 4134 991 4195 lteram
1012 4134 1110 4193 sltem
1129 4132 1291 4210 prehendit

136 4247 187 4293 ces
214 4248 304 4291 mauu
330 4231 508 4308 perniciter,
538 4227 569 4290 h.
597 4246 623 4293 e.
652 4247 750 4293 uuum
773 4229 893 4308 dextra,
916 4228 1053 4295 alterum
1074 4228 1182 4308 laeva,
1205 4227 1292 4293 etin

137 4326 259 4393 duabus
289 4325 563 4393 enuntiationibus
593 4325 861 4406 Au1.11,2,1s:
897 4329 1004 4391 Altero
1023 4346 1111 4389 mauu
1133 4328 1192 4389 tert
1212 4329 1291 4405 lupt-
