3125 5075
198 375 267 438 278
492 368 557 409 (idl’.
570 367 616 408 KV.
651 367 796 408 omenta
824 365 1075 408 tonsurandum

369 557 422 619 Aa
442 561 513 635 qnia
535 559 777 636 latrocinamini,
803 559 992 619 arbitramini

367 657 491 731 Quidvis
514 658 608 718 lieore
631 655 732 717 faeere
760 658 859 733 robis,
883 655 1036 718 verbero?

198 754 328 819 Terent.
353 753 432 817 Eun.
456 751 495 832 V,
518 755 552 829 2,
577 756 634 817 18:
664 754 731 814 Eho
754 755 927 829 ‘paululum‘
956 754 1126 830 inpudens?
1155 750 1210 812 A»
1240 751 1355 826 pruina

199 854 256 915 hor
278 871 346 915 assa
368 853 423 913 tibi
446 854 573 927 videtur,
599 852 742 928 virginem
759 853 875 912 Vitiare
892 852 1009 913 eirsmi
1032 850 1110 915 liee-
1127 847 1184 927 IV,
1200 852 1233 925 4,
1248 851 1293 911 40
1307 863 1356 925 soe

199 953 318 1013 censen
340 959 371 1012 te
394 967 486 1026 posse
508 950 644 1026 reperire
674 952 765 1009 altam
797 950 966 1028 mutierem,
1003 951 1087 1024 Quae
1116 954 1224 1009 eareat
1252 943 1358 1022 culpat

199 1065 243 1110 ott
270 1050 320 1125 qni
348 1065 408 1109 non
438 1048 592 1107 detineant
615 1046 694 1109 viri?
737 1042 873 1125 Adelph.
897 1045 952 1125 lv,
976 1052 1009 1126 5,
1033 1049 1088 1110 27:
1121 1047 1260 1108 Obsecro
1284 1041 1358 1103 non?

200 1163 241 1208 ott
263 1150 344 1209 illum
368 1145 438 1207 hino
462 1147 599 1218 abderet,
623 1143 732 1219 puter?

287 1242 317 1306 ir.
366 1241 400 1307 tn
428 1241 581 1322 bipartita
610 1241 864 1322 interrogatione
894 1255 993 1321 saepe
1025 1238 1155 1320 negatio
1190 1238 1360 1320 opponitur

203 1357 263 1419 per
284 1340 383 1405 verba
407 1360 449 1403 er
470 1358 531 1400 non
554 1345 712 1420 streone,
741 1338 780 1403 de
809 1353 947 1421 qnorum
976 1338 1148 1403 verborum
1179 1334 1359 1402 discrimine

200 1454 230 1501 u.
255 1435 356 1501 Hand.
381 1456 411 1517 p.
443 1441 505 1503 sto
528 1455 574 1517 so.
598 1436 700 1500 Plaut.
727 1434 840 1517 Amph.
871 1434 951 1516 prol.
978 1451 1008 1500 v.
1033 1439 1086 1500 ὅθι
1122 1433 1237 1498 Utrum
1264 1439 1304 1497 sit
1325 1454 1358 1495 ar

200 1552 261 1596 oon
291 1536 404 1600 voltis?
446 1534 520 1599 Aul.
544 1534 598 1613 lV,
630 1536 748 1613 4,16:
782 1537 910 1597 Faeisrre
939 1536 1076 1595 iniuriam
1110 1533 1184 1594 mini
1211 1549 1257 1594 oo
1285 1531 1358 1596 aar?

202 1649 231 1693 v.
257 1637 311 1697 33:
343 1636 438 1712 rugia
461 1636 531 1695 hine
554 1636 591 1695 ab
614 1631 732 1695 oeulis?
760 1635 832 1694 odio
853 1631 923 1693 hine
951 1648 992 1691 aa
1020 1632 1100 1692 noni
1144 1627 1240 1712 Gapt-
1265 1631 1358 1710 11,t‚

205 1735 265 1794 55:
289 1733 492 1793 Emittaresor
512 1747 602 1792 neena
622 1747 691 1792 enm
713 1747 829 1791 servom
851 1729 961 1792 maon?
985 1725 1099 1794 Pseud.
1124 1728 1155 1807 Ι,
1179 1735 1209 1807 5,
1234 1734 1292 1795 35:
1314 1748 1358 1791 er·

204 1847 367 1906 quaerere,
400 1827 872 1905 maritumamque
899 1831 954 1890 tibi
977 1832 1157 1890 renuntiant
1205 1825 1246 1907 V,
1274 1832 1308 1906 l,
1332 1833 1357 1891 l:

203 1929 307 2003 pedes,
331 1930 426 1989 statio
447 1946 489 1989 on
510 1927 595 1994 ooo?
615 1930 669 1992 Ao
690 1928 721 1987 id
743 1930 833 1988 voltis
855 1936 891 1990 ut
911 1931 985 1991 cett.
1010 1925 1091 1990 Rud.
1116 1923 1155 2002 V,
1171 1931 1201 2004 4,
1225 1930 1284 1990 43:
1307 1930 1358 1988 Tr·

204 2042 259 2085 een
287 2042 325 2086 an
352 2026 437 2091 nou?
480 2024 578 2092 Stich.
610 2026 639 2106 Ι,
669 2029 704 2103 3,
731 2027 809 2087 107:
844 2027 920 2100 Quid
950 2024 1051 2087 nnnc?
1075 2023 1185 2086 itsru'o
1213 2042 1256 2086 aa
1284 2023 1358 2086 nori

97 2186 110 2196 ,
204 2118 298 2187 Truc.
322 2121 402 2203 prol.
426 2143 454 2189 v.
476 2131 517 2189 4:
548 2124 676 2187 daturio’
698 2128 773 2186 estis
798 2141 839 2182 ar
859 2123 944 2182 oon?
985 2120 1040 2201 IV,
1065 2126 1099 2199 3,
1124 2123 1179 2185 51:
1209 2124 1303 2184 Dicin
1323 2137 1359 2182 att

204 2223 284 2282 ooo?
327 2220 455 2288 Terent.
480 2222 576 2287 Andr.
599 2221 626 2303 1,
649 2227 680 2302 2,
707 2228 761 2286 ld:
784 2223 967 2298 Hortnagis
990 2222 1134 2280 maor?
1179 2218 1237 2298 IV,
1262 2222 1358 2294 dit:

206 2320 271 2380 Tibi
294 2338 349 2397 ago
371 2322 443 2385 dico
471 2341 512 2386 on
537 2323 619 2383 noa?
661 2320 778 2384 Heaut.
802 2316 848 2394 ΙΙ,
871 2323 908 2388 4,
939 2321 995 2382 25:
1019 2320 1136 2381 Videor
1166 2321 1296 2381 Oiinism
1325 2333 1361 2377 ar

204 2418 287 2477 aaa?
322 2415 446 2483 Phorm.
472 2419 501 2499 Ι,
528 2424 561 2499 2,
588 2425 646 2485 97:
675 2422 766 2481 Pater
795 2421 859 2479 eins
881 2420 973 2478 rediit
1000 2431 1046 2478 aro
1066 2418 1146 2479 nori?
1193 2411 1232 2495 V,
1258 2419 1288 2493 6,
1314 2417 1359 2477 rt:

205 2517 264 2578 Sed
287 2518 351 2578 istra
367 2529 412 2580 est
435 2539 521 2597 quem
544 2538 657 2597 quaero
678 2534 721 2577 an
738 2518 819 2578 noo?

292 2614 312 2677 i.
358 2615 446 2682 liaeo
468 2617 596 2696 quidem
620 2615 659 2679 de
682 2613 950 2694 interrogatione,
977 2613 1010 2676 in
1042 2626 1105 2691 otia
1127 2611 1193 2674 duo
1223 2611 1362 2675 membra

208 2713 315 2776 verbis
339 2715 568 2793 exprimuntur.
614 2712 674 2778 Sed
699 2711 805 2776 omitti
829 2717 935 2791 potest
957 2711 1060 2792 prima
1083 2724 1162 2790 pers
1183 2710 1363 2774 disiunctio

207 2810 265 2871 nis.
298 2811 378 2874 ltine
403 2812 511 2876 existit
533 2811 744 2891 interrogatio
767 2828 826 2890 per
847 2828 942 2873 unam
960 2808 1148 2889 particulam
1165 2829 1208 2869 an
1221 2805 1363 2872 formato.

210 2905 394 2972 'i'enendum
418 2915 468 2973 est
490 2909 574 2973 enim
598 2908 743 2988 quamvis
766 2907 1049 2988 interrogationem
1067 2924 1125 2986 per
1140 2905 1364 2970 diainnetivnn

209 3002 438 3071 reformatam
462 3006 595 3072 alteram
625 3022 697 3072 esse
725 3011 851 3087 partem
882 3004 1141 3086 interrogationis
1174 3003 1365 3075 binominis,

209 3103 299 3168 auius
324 3105 426 3184 prima
455 3122 530 3186 pars
559 3111 617 3170 aut
643 3120 797 3185 expressa
825 3109 877 3168 est
906 3100 938 3166 in
962 3102 1125 3167 sententia
1147 3101 1364 3176 antecedente,

208 3204 350 3280 quaein
381 3203 667 3286 interrogationem
699 3202 835 3279 transit,
870 3205 928 3266 aut
961 3199 1156 3282 intelligitur
1191 3217 1234 3265 er
1266 3195 1368 3264 verbio

208 3300 289 3379 aliis,
313 3319 396 3380 qnae
418 3302 623 3382 arrteeedunt,
646 3302 698 3366 vel
721 3319 760 3366 ex
782 3300 884 3364 totius
906 3299 1062 3364 orationis
1077 3315 1268 3381 progressu.
1302 3291 1369 3359 Vel·

207 3398 254 3460 uti
285 3400 371 3479 rond
393 3401 504 3466 -Pleut
541 3401 627 3466 Asin.
650 3398 692 3478 V,
719 3405 750 3476 1,
778 3403 829 3463 10:
858 3401 986 3460 Credam
1009 3403 1102 3476 istro,
1133 3401 1159 3460 si
1182 3407 1213 3460 tr
1238 3413 1309 3458 esso
1329 3393 1367 3454 li-

209 3500 303 3558 iarum
334 3502 443 3561 videro.
491 3499 556 3563 Ali.
586 3500 639 3560 Aa
666 3505 698 3559 tn
726 3516 772 3558 me
802 3501 919 3558 tristem
949 3496 1061 3572 putas?
1104 3492 1271 3560 sententis
1298 3491 1369 3556 horr

208 3598 277 3656 este
300 3593 481 3661 hilarumne
501 3615 552 3661 ma
575 3597 674 3668 uides,
698 3613 739 3660 au
762 3613 813 3660 me
835 3596 963 3658 tristem
991 3593 1113 3672 putas?
1159 3591 1272 3669 Quare
1287 3588 1370 3677 ¹desi·

209 3689 343 3757 deretur
369 3711 497 3775 semper
523 3694 643 3776 aliquid
671 3693 854 3775 oppositum
889 3689 941 3754 vei
974 3690 1191 3769 eontrarium,
1222 3688 1314 3769 qnod
1342 3685 1371 3750 ir

208 3787 442 3872 interrogantis
460 3793 571 3857 arrimo·
591 3791 811 3872 supprimitur.
836 3788 921 3852 Nam
941 3788 1038 3868 quod,
1061 3804 1159 3868 quum
1183 3787 1370 3868 interrogat,

208 3890 375 3970 proponit,
410 3890 488 3955 itind
511 3895 576 3967 est,
610 3890 696 3970 quod
719 3907 758 3952 ex
789 3886 893 3952 aliena
921 3885 1082 3951 sententia
1109 3884 1171 3949 dici
1196 3883 1373 3964 rogitante

211 3987 323 4064 possit.
369 3988 462 4065 Qoae
486 3990 595 4053 eodem
620 3993 670 4052 est
694 4004 800 4065 eausa,
825 4004 883 4051 eur
905 3985 1095 4066 plerumque
1118 3983 1308 4063 requiratur
1320 3996 1370 4046 nr-

208 4087 318 4162 gativa
352 4086 529 4166 responsio.
584 4085 667 4149 Nam
703 4085 788 4149 inest
820 4083 932 4148 ironia.
985 4079 1037 4145 Sic
1070 4079 1157 4159 apud
1191 4080 1371 4146 Terentium

210 4181 289 4245 Eun.
314 4182 368 4253 lv,
393 4189 421 4263 5,
446 4190 481 4248 7:
506 4186 564 4247 Sed
588 4188 681 4247 Thais
705 4188 819 4245 multon
843 4189 913 4244 anta
936 4180 1040 4243 venit?
1063 4177 1126 4243 PY.
1150 4179 1204 4240 Aa
1227 4182 1303 4241 abiit
1318 4184 1370 4240 ian

210 4282 356 4346 anitite?
371 4282 497 4363 plenam
513 4282 668 4349 habemns
684 4281 766 4346 hane
782 4279 989 4344 senteutiam:
1009 4282 1199 4359 ponteseram
1226 4276 1373 4343 Thaidem

210 4394 281 4441 esse
305 4380 388 4459 apud
412 4381 567 4446 militem:
584 4396 695 4447 nonne
715 4379 819 4460 igitur
839 4377 925 4458 apud
949 4374 1082 4440 militam
1105 4373 1215 4441 adhue
1243 4381 1311 4453 est,
1340 4389 1376 4436 an
