3125 5075
558 1136 734 1237 Sectio
770 1136 947 1236 altera.

398 1345 593 1451 Syntaxis
625 1346 838 1426 notionum
869 1346 1104 1449 praedicati.

648 1639 827 1646 —----—.—--
837 1641 840 1644 .
852 1639 866 1645 ..

273 1888 503 1966 Praedicatum
527 1899 765 1979 enunciationis,
790 1900 930 1981 pendens
953 1920 991 1965 ex
1013 1903 1111 1968 verbo
1127 1903 1327 1971 substantivo

183 2021 246 2072 sse,
263 2001 343 2065 duas
359 1999 556 2080 potissimum
574 1997 795 2078 complectitur
810 2001 919 2077 partes
935 1998 1088 2065 orationis
1099 2002 1328 2083 (annuemus),

183 2100 310 2166 eerbum
335 2103 368 2161 et
390 2097 591 2175 aelicctivum,
615 2095 799 2161 adverbium
823 2094 905 2158 enim
921 2096 1024 2162 minus
1040 2116 1136 2179 saepe
1152 2100 1328 2180 praedicati

183 2197 249 2262 uice
271 2195 423 2277 iungitur.

674 2481 745 2557 Cap.
770 2481 834 2541 v11.

234 2614 465 2680 Praedicati
494 2614 679 2678 notiones
707 2614 744 2677 in
771 2613 1001 2678 universnm
1030 2620 1273 2696 spectantur.

269 2806 293 2864 l.
340 2799 440 2863 Omne
472 2799 687 2881 praedicatum
723 2798 858 2863 includit
883 2798 915 2862 in
939 2817 973 2863 se
995 2802 1116 2861 vebum
1148 2805 1329 2882 existentiae,

183 2899 265 2980 quod
287 2904 345 2962 aut
366 2915 424 2978 per
446 2916 481 2962 se
505 2896 606 2961 solum
628 2902 685 2960 ant
707 2915 778 2962 oum
801 2896 967 2960 adiectivis
984 2896 1185 2963 coniunctum
1202 2902 1330 2981 ponitur

183 3004 236 3063 eut
259 2996 290 3060 in
307 2995 404 3060 verbo
421 2994 607 3060 continetur.
652 2994 885 3079 Nonnunquam
900 3001 1016 3075 tamen,
1038 2998 1066 3061 si
1089 3000 1210 3074 copulem
1226 2998 1329 3065 locum

183 3099 280 3174 mmet,
315 3093 482 3170 omittitur,
517 3092 601 3172 quod
635 3091 750 3172 quibus
785 3088 841 3155 fiat
870 3093 955 3173 apuel
985 3093 1128 3175 singulos
1159 3097 1330 3175 scriptores

183 3190 417 3261 conditionibus
454 3209 537 3255 nunc
568 3207 731 3270 exponam.
787 3189 1049 3273 Antiquissimum
1083 3191 1178 3256 huius
1211 3191 1330 3273 ellipsis

183 3289 371 3368 exemplum,
395 3288 421 3352 si
445 3288 538 3361 modo
560 3287 603 3367 id,
626 3288 741 3367 quibus
764 3280 871 3353 verbis
884 3286 1037 3368 scriptum
1054 3295 1114 3367 est,
1136 3289 1176 3353 au
1192 3294 1330 3355 aetatem

183 3393 323 3453 nostram
347 3385 499 3465 pervenit,
524 3392 612 3450 extat
639 3384 671 3449 in
693 3386 764 3467 lege
779 3384 1010 3466 Numac'apnd
1023 3385 1153 3451 Festum
1180 3405 1208 3450 v.
1233 3390 1332 3464 opima

183 3489 281 3564 spolia
305 3483 437 3564 (Egger.
453 3501 484 3562 p.
501 3486 570 3547 uel:
605 3487 709 3545 Tertia
731 3488 827 3561 spolia
842 3486 925 3546 lauui
950 3487 1074 3560 Quirino
1097 3505 1203 3562 agnum
1221 3505 1332 3549 marem

183 3587 310 3657 caedito,
339 3584 362 3644 C
393 3585 442 3658 qui
471 3585 585 3657 coperit
615 3602 652 3644 ex
682 3602 761 3660 aere,
790 3585 872 3655 dat03
902 3586 986 3645 euius
1008 3585 1141 3660 auspicio
1163 3590 1251 3659 capra
1272 3581 1331 3664 (sc.

183 3681 281 3760 sunt),
305 3683 350 3742 dis
372 3683 519 3757 piaculum
543 3681 623 3742 dato.
667 3678 808 3745 Naevius
830 3679 930 3745 Arioli
953 3680 990 3744 ir.
1013 3685 1045 3744 2:
1070 3683 1142 3757 Quis
1165 3685 1232 3743 heri
1254 3684 1331 3759 apud

184 3782 230 3844 tc?
256 3780 313 3857 (sc.
337 3775 417 3852 init).
464 3773 644 3843 Infinitivus
667 3778 803 3843 omissus
826 3783 877 3843 est
897 3779 983 3858 apud
1006 3777 1158 3844 Catonem
1181 3780 1218 3843 R.
1244 3778 1282 3842 R.
1306 3796 1332 3844 e.

183 3883 214 3943 l:
245 3880 325 3939 illem
354 3895 455 3951 agrum
487 3878 565 3951 qnod
593 3879 738 3938 hominem
769 3875 837 3952 (int.
862 3879 950 3951 esse),
978 3881 1109 3953 quamvis
1137 3886 1333 3955 quaestuosus

183 3981 247 4052 siet,
280 3978 306 4037 si
334 3980 522 4050 sumptuosus
550 3978 617 4050 erit,
646 3978 815 4052 relinquere
845 3995 902 4037 non
930 3979 1064 4051 multum,
1091 3974 1119 4039 si
1140 3973 1235 4038 lectio
1257 3991 1334 4038 vera

183 4081 231 4139 est
265 4090 304 4139 ae
337 4088 400 4134 non
434 4071 540 4151 potius
569 4089 640 4136 cum
667 4070 858 4138 Schneidero
889 4070 1090 4136 scribendum
1120 4077 1190 4135 item
1219 4106 1262 4116 —
1291 4082 1333 4135 nt.

183 4169 452 4250 tulupensem
481 4169 652 4250 singularis
679 4175 720 4231 est
748 4168 835 4248 apud
857 4169 1059 4250 participium
1082 4169 1200 4235 omissa
1223 4174 1274 4234 est
1295 4172 1333 4233 ab

183 4267 286 4335 Ennio
308 4266 412 4332 annal.
436 4264 455 4329 l.
478 4264 504 4347 I,
527 4265 564 4332 fr.
581 4272 630 4347 34,
653 4285 683 4331 v,
700 4270 755 4332 40:
778 4271 854 4329 Nam
877 4287 924 4331 mc
946 4271 1026 4331 vices
1041 4271 1184 4330 homo-
1199 4276 1333 4346 raptare.

233 4367 316 4415 nonu,
331 4367 442 4418 synaxis.
470 4366 502 4405 n.
1111 4377 1121 4433 l
