3125 5075
564 347 603 385 Ill.
632 347 790 388 I‘llOb'OilEN
806 347 980 389 substruunt.
1292 359 1352 417 385

208 515 320 598 gressis
347 516 393 582 sit
419 517 689 601 coniungendum,
725 521 786 587 hac
817 521 990 588 sententis:
1026 526 1104 597 quod
1124 524 1165 587 ad
1188 524 1223 584 id
1243 526 1354 589 ouium

209 612 306 679 Plnnt
329 611 421 697 Cept
445 615 505 696 ΙΙΙ,
526 622 555 697 5,
579 622 637 683 96:
660 622 745 698 Quod
765 639 875 695 apsque
895 622 952 682 hoo
975 629 1064 686 esset.
1109 620 1233 686 Terent
1257 621 1356 686 Andr.

201 710 280 792 Li,
306 715 364 778 23:
397 716 484 794 Qrwd
510 718 538 778 si
564 736 619 794 ago
648 721 836 782 rescivissem
863 722 894 781 id
922 721 1014 796 prins.
1058 717 1185 784 Phorm.
1208 718 1234 799 1,
1264 724 1294 800 3,
1321 724 1354 785 3:

202 811 348 890 Quodsi
374 812 498 875 fuissem
527 817 705 892 incogitaus,
737 819 781 878 ita
808 817 901 894 [eum]
923 824 1126 895 expectarem,
1156 826 1190 879 ut
1210 837 1266 894 par
1287 818 1353 880 fuit.

204 927 228 970 r.
252 913 291 973 5:
313 912 402 988 Quod
419 914 535 972 uticam
553 932 590 974 ne
606 916 777 975 Phormioni
796 917 826 976 id
846 916 971 978 suadere
991 919 1170 979 inurentem
1191 918 1353 979 incidisset.

200 1006 352 1087 Denique
379 1025 555 1088 pronomen
580 1010 749 1076 relativum
780 1030 882 1093 genus
916 1031 1007 1077 snum
1041 1030 1264 1093 nonnunquam
1292 1031 1355 1078 non

199 1105 346 1172 subiecto
369 1105 533 1188 orationis,
554 1106 612 1173 sed
632 1108 817 1189 praedicato
839 1111 1063 1186 accommodat,
1087 1114 1124 1174 ut
1138 1109 1233 1174 Ennii
1250 1111 1354 1176 annal.

199 1200 267 1282 ll,
291 1200 334 1267 ir.
359 1207 414 1267 21:
438 1208 496 1267 Est
515 1209 598 1268 locus
620 1211 799 1284 Hesperiam
821 1227 912 1283 quum
933 1211 1074 1270 mortales
1096 1210 1302 1286 perhibebant

283 1319 312 1366 c.
361 1304 512 1364 Numerus
522 1323 608 1378 prore.
624 1307 754 1366 relatiui-
797 1305 1013 1370 Memorabilis
1034 1311 1083 1371 est
1097 1305 1267 1386 singularis
1282 1311 1356 1387 post

205 1399 406 1466 ccdectivum
430 1419 527 1463 omnes
542 1400 646 1466 Plaut.
663 1401 752 1483 Capt
768 1402 794 1482 1,
818 1408 846 1480 2,
870 1410 910 1468 53
927 1420 988 1482 su:
1010 1404 1138 1481 fugitant
1160 1423 1257 1466 omrtec
1278 1408 1355 1466 hanc

206 1500 398 1575 provinciam,
426 1501 502 1576 Quoi
520 1504 680 1578 optigerat,
703 1510 773 1577 post
787 1504 1005 1578 Philopolemus
1028 1521 1116 1579 quam
1138 1509 1257 1577 captust
1278 1512 1355 1578 tuns,

204 1593 286 1676 prod
308 1599 402 1660 recte
425 1597 563 1676 explicat
584 1598 772 1664 Lambinus:
803 1616 941 1677 „omnes
967 1598 1100 1679 quisque
1123 1616 1181 1663 suo
1203 1599 1282 1677 loco,
1305 1600 1356 1665 cui

202 1693 370 1776 prouincia
394 1694 593 1775 obtigisset.“
637 1698 850 1777 Frequentior
880 1702 929 1761 est
951 1715 1030 1762 usus
1046 1700 1178 1772 pluralis
1200 1696 1294 1761 relati
1315 1696 1357 1763 ad

203 1809 434 1876 praegressum
457 1793 665 1874 singularem,
699 1794 727 1858 si
754 1802 812 1860 aut
838 1787 916 1856 κατὰ
937 1788 1051 1857 σύνεσιν
1077 1794 1186 1875 plnres
1212 1794 1356 1860 eiusdem

203 1891 333 1973 generis
368 1909 423 1955 res
451 1892 633 1971 cogitantur
659 1898 716 1957 aut
742 1898 866 1973 parteS,
899 1910 936 1956 ex
970 1892 1086 1971 quibus
1113 1892 1205 1972 quasi
1232 1897 1357 1958 constet

205 1989 313 2070 eliqua
335 2006 399 2064 res,
423 1988 655 2055 describuntur.
701 1988 779 2054 Cato
803 1990 839 2054 R.
863 1989 900 2053 R.
925 2007 950 2053 c.
976 1995 1032 2054 20:
1053 1992 1144 2053 tacito
1168 1994 1290 2061 labeum,
1311 1994 1356 2054 bi·

207 2088 312 2150 lariam
340 2089 485 2163 habeant,
508 2107 583 2162 quos
604 2090 677 2163 figas
701 2092 793 2151 clavis
817 2091 1000 2166 duplicibus,
1023 2108 1060 2150 ne
1083 2091 1200 2164 cadent,
1221 2089 1262 2154 ad
1284 2106 1312 2168 q.
1335 2088 1355 2152 l.

209 2183 436 2250 Schneiderus:
473 2184 672 2264 „l'rouomen
694 2205 769 2260 onus
791 2190 898 2265 potest
919 2184 959 2248 ad
982 2200 1110 2250 sensum
1131 2184 1261 2261 reterri,
1296 2186 1357 2250 etsi

211 2301 343 2348 numero
366 2284 573 2363 praecedenti
596 2302 658 2348 uon
681 2282 858 2350 convenit.“
901 2282 1004 2347 Plaut.
1027 2282 1139 2362 Amph.
1162 2281 1221 2363 lll,
1246 2290 1274 2361 3,
1299 2288 1353 2348 ll:

210 2382 270 2458 Ego
293 2400 357 2442 rem
381 2384 508 2444 divinam
531 2387 611 2445 intus
634 2384 755 2459 faciam,
785 2392 1049 2458 voluptuosum,
1072 2381 1113 2445 ud
1134 2398 1163 2461 q.
1186 2381 1207 2444 l.
1231 2380 1355 2445 tamn:

210 2476 336 2558 „llutat
357 2498 541 2560 numerum,
572 2498 661 2547 more
683 2481 792 2561 solito,
818 2497 893 2562 pro:
929 2498 1012 2559 rem,
1042 2496 1124 2559 quae
1147 2484 1222 2544 vota
1243 2484 1300 2545 est.
1324 2478 1357 2544 id

211 2575 404 2657 est,faoian1
427 2597 495 2642 rem
518 2579 654 2645 divinam
679 2588 712 2644 et
733 2598 816 2662 quae
838 2579 908 2656 diis,
930 2579 958 2644 si
974 2577 1081 2643 salvus
1096 2577 1243 2657 redirem,
1266 2597 1285 2643 a
1307 2597 1357 2644 me

211 2678 283 2739 sota
304 2680 388 2756 sunt,
411 2694 450 2740 ea
471 2677 681 2757 persolvam.·‘
727 2679 811 2744 Trin.
835 2678 889 2757 lV,
913 2684 942 2756 2,
966 2683 1019 2743 93:
1054 2681 1110 2752 Qui
1140 2685 1258 2752 egomet
1279 2682 1356 2738 nudo

210 2775 330 2835 redeam
352 2777 429 2836 huno
446 2780 581 2852 rogitem,
605 2796 680 2851 quac
703 2797 757 2854 ego
781 2781 872 2839 seiam
895 2785 983 2853 atque
1006 2779 1055 2837 hic
1077 2779 1201 2850 nesciat,
1224 2775 1264 2839 ad
1287 2792 1316 2855 q.
1336 2775 1357 2839 l.

207 2868 365 2935 Lindum:
399 2871 663 2952 ,‚Exspectasses=
688 2878 767 2950 qood
788 2895 838 2950 epo
860 2879 965 2943 soom,
988 2890 1085 2953 quum
1114 2891 1210 2937 unum
1233 2878 1357 2938 tantum

209 2967 259 3048 sit,
281 2968 368 3048 quod
389 2970 519 3050 rogitet,
541 2990 654 3053 nempe
677 2973 759 3037 unde
781 2972 923 3037 redeat.·‘

291 3072 342 3131 24.
366 3067 396 3132 d.
421 3071 576 3132 collocutio
592 3074 778 3146 proconisis
799 3073 925 3133 relativi.
949 3068 1127 3133 Relativum
1150 3070 1177 3133 si
1197 3070 1360 3150 coniungit

210 3163 292 3229 inter
316 3183 351 3229 se
375 3166 454 3230 duas
477 3169 715 3234 enuntiationes
736 3169 776 3233 ab
793 3168 880 3231 initio
896 3166 1029 3230 alterius
1044 3166 1118 3246 poni
1133 3185 1192 3247 per
1208 3186 1243 3231 se
1259 3172 1359 3247 patet,

207 3261 250 3325 sic
276 3262 387 3327 Plaut.
417 3263 498 3329 llud.
522 3264 585 3342 111,
614 3274 649 3347 4,
674 3274 728 3331 54:
773 3285 848 3341 ques
871 3269 896 3327 si
919 3268 1071 3340 attigeris,
1110 3269 1210 3326 oculos
1234 3269 1359 3340 eripiam

207 3363 267 3425 tibi.
312 3360 396 3426 Ruti.
421 3360 468 3441 ΙΙ,
497 3369 531 3440 4,
566 3369 619 3428 18:
663 3369 704 3427 At
735 3385 789 3443 ego
817 3367 958 3426 basilicus
982 3381 1060 3423 sum:
1088 3379 1172 3434 quem
1199 3365 1255 3424 nisi
1279 3381 1356 3437 oras,

207 3467 319 3533 puttam
353 3480 411 3521 non
441 3462 529 3524 feres.
575 3461 677 3542 Saepe
705 3463 874 3527 relativum
896 3464 970 3524 ante
993 3457 1151 3522 notionem
1175 3458 1359 3548 collocatur,

208 3557 245 3619 ed
260 3576 358 3638 quarn
381 3558 532 3638 pertinet,
555 3577 617 3639 quo
640 3561 741 3641 magis
764 3561 887 3624 animus
910 3557 1092 3622 intendatur
1106 3555 1145 3619 ad
1162 3556 1242 3620 hauc
1257 3556 1360 3621 notio·

208 3671 275 3718 nem
307 3673 432 3736 quoque
459 3659 562 3739 magis
588 3659 680 3737 quasi
707 3659 739 3723 in
761 3666 932 3737 conspectu
954 3663 1101 3737 ponatur.
1147 3653 1197 3719 Sic
1221 3653 1300 3718 Cato
1323 3653 1360 3718 R.

211 3748 244 3816 R
268 3771 295 3817 c.
321 3758 377 3819 33:
421 3758 463 3815 Et
485 3775 560 3830 quae
581 3762 639 3818 iam
662 3761 692 3818 in
713 3761 857 3834 perticam
883 3759 954 3831 ibit,
977 3759 1040 3816 cius
1062 3757 1216 3830 pampinos
1239 3761 1359 3815 teneros

209 3853 330 3929 alligato
363 3857 438 3916 cett.
486 3852 519 3918 Ο.
551 3859 587 3918 6:
631 3859 727 3934 Qrtam
754 3875 855 3916 earum
881 3858 912 3914 in
934 3858 980 3915 his
1002 3857 1076 3915 loeis
1100 3855 1239 3930 optimam
1262 3853 1362 3912 dicent

210 3964 288 4027 esse,
320 3967 385 4011 cam
406 3955 531 4014 maxime
555 3957 657 4017 serito.
702 3952 806 4017 Plout.
851 3952 931 4016 Rud.
957 3951 1015 4029 lv,
1049 3956 1087 4030 3,
1125 3954 1178 4015 23:
1224 3951 1362 4011 Vidulum

213 4047 301 4108 istum
323 4050 428 4121 pomus
455 4061 501 4112 est
523 4056 592 4114 novi
613 4071 668 4130 ego
690 4055 846 4114 homiuem.
881 4050 962 4114 Rud.
984 4048 1063 4129 prol.
1087 4068 1114 4111 v.
1142 4051 1280 4112 13-15:
1304 4049 1364 4125 Qui

210 4143 299 4207 falsas
327 4148 389 4208 litis
424 4147 508 4210 islsis
536 4153 715 4212 testimoniis
749 4153 858 4210 Petunt
882 4153 989 4225 quique
1012 4151 1042 4208 in
1065 4150 1128 4208 iure
1152 4147 1289 4206 abiurant
1309 4163 1361 4220 pe-

211 4246 333 4319 cuniam,
356 4249 472 4307 Eorum
495 4247 651 4309 referimus
673 4251 792 4309 nomina
815 4252 950 4325 exoripts
972 4249 1009 4308 ad
1031 4249 1138 4308 lovem.
1184 4241 1296 4321 Amph.
1319 4240 1362 4321 ΙΙ,

213 4340 239 4417 2,
260 4345 316 4404 55:
350 4345 430 4404 licut
452 4362 577 4420 aequom
599 4347 681 4421 facit,
708 4350 764 4422 Qui
787 4349 864 4420 quod
885 4348 989 4407 didicit
1010 4346 1043 4405 id
1063 4346 1197 4406 dediscit.
1233 4339 1361 4405 Terent.

260 4440 344 4491 utun,
362 4444 465 4495 syntaxis
480 4442 497 4481 r.
1114 4451 1153 4508 25
