3125 5075
295 343 355 403 192
646 331 692 372 DE
713 330 814 372 ΙΙΟΙΙΙΙγ
829 350 853 359 -
870 327 1089 370 corrosorum·

292 541 530 599 quaequamquae
551 528 636 596 optes.
663 526 692 599 3,
715 524 764 585 33.
788 519 831 591 11,
848 524 876 598 2,
895 523 969 583 102:
993 521 1060 581 dom
1078 552 1115 564 -
1134 518 1267 580 dierat.
1286 514 1448 594 1V‚1,u:

294 623 388 697 Quom
413 628 524 697 surgat,
547 638 575 683 v.
601 623 656 683 32:
681 638 768 696 quom
792 620 963 695 descendat,
986 638 1013 682 r.
1038 622 1092 681 35:
1119 620 1217 692 Quom
1241 619 1348 688 iaciat,
1378 625 1448 692 qnae

293 718 532 783 enunciationes
560 733 668 780 omues
696 718 771 779 suut
804 714 1009 780 secundariae
1040 719 1138 794 aptae
1170 731 1213 778 ex
1244 704 1449 780 coniunch‘ria

291 814 515 896 imperatoriis.
559 814 598 892 V,
621 818 651 891 2,
675 816 728 875 63:
752 815 893 875 mandata
914 816 1010 875 dicam
1033 812 1117 876 facta
1137 818 1174 874 ui
1195 813 1343 874 acherii
1388 801 1448 871 hni-

292 911 372 992 prol.
394 931 422 974 v.
450 917 504 977 12:
529 916 708 989 Inopemque
732 914 847 986 optavit
868 913 967 985 potins
983 929 1049 971 euru
1065 914 1250 988 relinquere,
1275 912 1448 988 Quatenus

293 1012 486 1070 thensaurum
514 1014 758 1071 commonstraret
785 1007 845 1080 (sic
859 1006 944 1087 vulg.
972 1013 1007 1071 et
1034 1011 1090 1089 Ag.
1114 1009 1163 1088 Ap
1195 1001 1447 1072 commonstrare)

292 1109 364 1170 filio.
389 1105 542 1171 Similiter
559 1105 649 1185 Capt.
675 1105 731 1183 111,
755 1110 784 1181 5,
811 1108 851 1169 29
882 1121 944 1183 sq:
975 1110 1135 1184 Meumqne
1160 1109 1266 1183 potina
1292 1122 1343 1165 me
1371 1107 1450 1177 ceput

295 1210 431 1283 periculo
454 1205 540 1282 [iiic]
560 1206 789 1282 praeoptavisse
812 1220 901 1277 quam
924 1207 949 1266 ia
967 1205 1086 1279 periret
1112 1221 1238 1280 ponere.
1288 1199 1366 1266 Aut.
1381 1195 1451 1280 proh

292 1322 321 1366 v.
350 1308 401 1366 17:
425 1305 519 1379 Coepi
542 1306 711 1373 observare,
736 1304 821 1377 ecqui
846 1303 986 1363 maiorem
1012 1303 1091 1364 iilius
1120 1303 1196 1362 Mihi
1224 1302 1378 1362 honoram
1404 1299 1449 1357 ha·

293 1405 387 1475 heret,
412 1420 498 1476 qnam
522 1404 585 1461 eius
609 1401 759 1460 habuisset
781 1406 877 1473 puter.
904 1397 946 1474 ΙΙ,
974 1405 999 1479 l,
1024 1402 1079 1463 32:
1108 1405 1141 1459 ut
1162 1399 1289 1474 quidem
1314 1398 1451 1462 emoriar,

287 1502 466 1575 priusquam
488 1501 603 1561 dacaru.
628 1501 657 1566 2,
680 1501 736 1560 34:
762 1500 837 1556 Dum
861 1500 979 1573 quidem
1003 1516 1039 1558 ne
1062 1498 1266 1573 perconteris,
1297 1494 1379 1569 quod
1399 1510 1448 1551 non

291 1600 390 1659 tatem
413 1599 557 1672 proloqui.
582 1601 609 1669 3,
634 1600 667 1655 o;
691 1596 803 1654 Currite
836 1595 883 1654 iac
915 1597 983 1668 siut,
1017 1612 1104 1668 quom
1126 1613 1144 1655 a
1165 1592 1233 1653 iero
1256 1593 1384 1652 redeam
1405 1591 1450 1650 do·

292 1715 380 1757 mum.
423 1712 452 1756 v.
478 1698 530 1756 ll:
555 1696 607 1753 Iho
631 1697 719 1765 intro,
744 1698 867 1752 uterus
891 1712 966 1768 quae
990 1689 1263 1768 imperauitiartu,
1298 1704 1449 1764 quoram

292 1795 367 1869 uiui,
391 1796 480 1853 sieut.
502 1788 560 1865 ΙΙΙ,
585 1796 613 1860 5,
640 1795 676 1852 17
684 1809 691 1851 :
714 1791 778 1866 Quo
802 1792 909 1863 lubeat,
934 1793 1053 1850 nubent.
1077 1786 1167 1867 Capi„
1179 1785 1240 1861 ΙΙΙ,
1269 1792 1300 1865 l,
1330 1791 1366 1849 7:
1401 1802 1449 1845 uec

291 1895 360 1966 quoi
383 1892 478 1949 minus
501 1889 646 1964 procedat
668 1889 812 1962 quidquid
842 1888 942 1948 iacere
972 1888 1123 1962 occeperit.
1168 1901 1198 1944 v.
1224 1887 1287 1948 35:
1323 1894 1355 1945 ut
1384 1884 1448 1943 mihi

292 2006 382 2049 cenas
405 1989 507 2047 decem
531 1987 600 2045 Meo
623 1989 769 2046 arbitratu
793 1988 873 2058 dent,
896 2004 983 2059 quom
1005 2003 1076 2045 cars
1099 2002 1218 2045 annona
1244 1985 1300 2045 sit.
1334 1978 1393 2059 ΙΙΙ,
1420 1986 1446 2055 i,

294 2090 347 2149 16:
371 2087 415 2145 Ne
440 2094 471 2143 tn
493 2084 571 2157 quod
592 2085 660 2143 istic
681 2083 834 2155 fabuletur
856 2086 936 2145 auris
959 2086 1090 2143 inmittas
1118 2091 1194 2142 tuns.
1241 2078 1320 2144 Cas.
1351 2077 1394 2156 ΙΙ,
1420 2082 1443 2154 3,

289 2189 346 2249 49:
370 2186 415 2243 Ne
438 2183 606 2258 quaestioni
629 2184 698 2242 ruihi
723 2186 770 2253 sit,
794 2184 892 2256 siquid
915 2200 981 2242 eum
1004 2183 1099 2241 veiim.
1123 2178 1182 2256 ΙΙΙ,
1200 2184 1230 2256 5,
1247 2183 1308 2243 37:
1333 2182 1442 2239 deiura-

291 2285 341 2357 rit,
366 2282 539 2347 Occisurum
566 2298 642 2348 eum,
673 2283 728 2339 hac
757 2287 843 2345 noctu
871 2282 988 2353 quicum
1017 2282 1145 2340 cubaret.
1175 2275 1254 2341 cist
1288 2274 1314 2348 Ι,
1345 2281 1372 2351 l,
1395 2278 1442 2338 to:

294 2371 353 2432 Ubi
374 2377 447 2435 istas
466 2377 568 2438 uideas
590 2396 702 2437 summo
724 2395 832 2452 genere
858 2385 952 2437 natas.
998 2394 1025 2440 v.
1056 2381 1130 2441 104:
1159 2381 1268 2438 iratast
1302 2408 1347 2418 —
1372 2375 1444 2451 Quis

289 2487 348 2531 non
372 2474 511 2534 redierim
533 2507 589 2544 -,
609 2481 764 2550 postquam
786 2494 851 2534 eam
875 2494 937 2536 rem
959 2477 1137 2539 resciverit».
1163 2480 1191 2551 3,
1218 2481 1278 2540 35:
1307 2477 1394 2538 lubet
1413 2476 1443 2533 ii·

291 2572 350 2629 lum
374 2577 497 2633 eundem
521 2577 670 2649 persequi,
694 2577 781 2647 siqua
803 2579 892 2646 queat
914 2576 1068 2650 Reperire.
1092 2571 1132 2640 ΙΙ,
1159 2579 1185 2651 Ι,
1215 2579 1271 2637 21:
1304 2577 1444 2650 quodm-

290 2685 345 2740 que
367 2675 454 2742 optes,
486 2675 537 2730 tihi
563 2675 648 2731 veiim
672 2675 855 2745 contingere.
900 2671 992 2749 Epid.
1017 2669 1058 2748 ΙΙ,
1083 2677 1111 2748 2,
1127 2676 1182 2735 94:
1207 2674 1248 2734 Ut
1265 2677 1347 2733 euim
1363 2688 1442 2749 prae·

291 2770 383 2826 stines
406 2779 539 2844 argento,
559 2772 736 2843 priusquam
758 2772 859 2829 ueniat
879 2771 966 2829 iilius.
991 2776 1021 2846 4,
1044 2772 1099 2831 65:
1124 2772 1283 2831 Conducta
1311 2775 1388 2843 verri,
1413 2777 1442 2829 ut

290 2863 397 2922 fidibus
421 2880 572 2926 ‹raritarem
597 2873 670 2939 soni,
694 2869 775 2926 Dum
793 2887 853 2926 rem
878 2869 1004 2928 divinum
1028 2869 1147 2940 faceret.
1175 2866 1235 2946 Ill,
1270 2872 1302 2946 2,
1328 2873 1382 2931 20:
1406 2868 1441 2928 Ut

287 2979 376 3033 quom
398 2963 530 3032 redisses,
553 2985 589 3026 ne
613 2968 666 3026 tibi
690 2971 754 3026 eius
777 2969 864 3039 copia
887 2975 977 3028 esset.
1001 2971 1030 3042 3,
1054 2969 1108 3029 35:
1142 2969 1184 3026 Te
1219 2986 1277 3042 pro
1307 2970 1368 3028 tilio
1390 2968 1440 3025 Fr·

288 3072 404 3121 eturum
429 3064 503 3122 dixit
525 3082 586 3123 rem
611 3083 676 3124 esse
701 3066 827 3123 diuinam
852 3065 940 3137 dumi,
961 3067 1040 3141 Quia
1062 3067 1172 3124 Thebis
1195 3068 1297 3126 salros
1320 3065 1439 3127 redierit

287 3155 342 3234 IV,
367 3164 395 3235 2,
423 3164 474 3223 18:
499 3164 563 3221 Non
587 3172 702 3237 patrem
726 3181 781 3236 eqo
804 3172 833 3221 te
858 3166 1013 3238 nominem,
1036 3163 1141 3223 uhi-tu
1158 3179 1238 3224 tuom
1256 3184 1304 3224 me
1321 3163 1439 3240 appellet

288 3256 401 3320 filiam?
432 3257 546 3321 Bacch.
571 3257 596 3329 Ι,
630 3264 654 3336 l,
682 3263 735 3322 24:
769 3269 814 3320 set
837 3278 891 3334 epo
914 3273 985 3335 aput
1008 3281 1053 3321 me
1077 3271 1106 3322 te
1130 3280 1196 3321 esse
1221 3265 1259 3323 oh
1284 3282 1350 3323 eam
1374 3278 1437 3333 ren,

288 3358 371 3415 miles
394 3375 481 3429 quom
503 3359 610 3430 ueniat,
634 3361 709 3420 voto.
744 3374 772 3417 v.
795 3362 851 3420 43:
876 3362 960 3419 miles
982 3377 1069 3432 quom
1085 3361 1141 3419 huc
1157 3360 1311 3435 caveatur,
1336 3368 1365 3422 te
1380 3362 1437 3419 nola

288 3455 335 3512 Me
359 3458 532 3529 amplexari.
577 3453 690 3518 Buccis,
715 3473 742 3519 v.
771 3462 829 3521 lus
853 3472 937 3535 sqq:

457 3555 521 3612 Non
545 3571 600 3626 pur
622 3556 739 3614 videtur
763 3574 857 3630 neque
881 3559 920 3614 sit
943 3563 1184 3627 consentaneum,

456 3652 549 3726 Quom
572 3653 619 3709 hic
643 3654 722 3711 intus
742 3653 784 3710 sit
807 3660 838 3712 et
861 3651 945 3728 [urin]
969 3673 1034 3713 curu
1057 3656 1152 3712 amica
1175 3655 1304 3714 adeuhet

456 3750 606 3824 Quoruque
630 3750 802 3809 auscuIeiur
824 3756 856 3809 et
877 3754 1018 3811 convivus
1041 3755 1092 3812 nlii
1114 3751 1272 3828 adcuhm,

456 3849 617 3906 Prueseute
641 3850 705 3907 ihus
729 3866 787 3908 una
809 3849 996 3924 paedagogus
1020 3857 1053 3909 ut
1075 3852 1140 3910 siet

283 3938 325 4011 ΙΙ,
354 3945 379 4016 l,
404 3945 436 4003 6:
459 3945 503 4003 Ne
527 3946 701 4004 Nicobulum
735 3964 779 4004 me
810 3949 891 4006 sines
928 3959 1060 4006 uestrum
1088 3965 1189 4009 senem
1216 3949 1312 4015 Prius
1338 3969 1436 4015 conre-

283 4040 348 4097 nire
371 4057 460 4112 quam
487 4044 617 4102 sodnirm
646 4043 779 4104 uiderim.
808 4047 837 4115 3,
861 4048 915 4107 51:
943 4046 1037 4120 Quom
1066 4045 1105 4107 mi
1128 4049 1223 4122 ipsum
1248 4053 1435 4113 nomenoius

283 4138 510 4199 Archidemides
534 4142 684 4200 Cimnnret
708 4145 893 4216 dempturum
917 4161 984 4203 esse
1017 4145 1117 4218 siqaid
1141 4145 1298 4209 medum».
1328 4145 1435 4213 Buech-

283 4249 311 4291 v.
335 4236 412 4298 653:
437 4236 484 4311 [ut
506 4237 631 4312 copias]
656 4241 858 4313 Ubiquomquc
880 4260 965 4301 ussus
987 4243 1052 4303 siet.
1076 4254 1199 4316 pectore
1227 4252 1353 4319 prorum
1378 4264 1433 4308 sno.

282 4347 312 4391 v-
335 4336 413 4394 550:
439 4336 494 4396 lile
518 4338 595 4411 quod
618 4341 648 4399 io
672 4358 703 4399 se
728 4339 785 4398 iuit
811 4339 984 4399 adcuraturu
1014 4341 1116 4400 hahuit
1142 4343 1222 4415 quod
1239 4351 1346 4421 posset
1371 4344 1432 4407 mali
