3125 5075
503 344 593 380 (tusus
610 343 877 381 st'lts'l‘ntl‘llt'ottt'lt.
896 365 915 370 —
937 347 1039 384 nitunt.
1292 361 1349 414 103

213 520 300 587 ade,
331 526 365 579 at
381 519 547 592 postridie.
594 515 627 581 C.
653 522 727 581 150:
752 517 800 580 dic
822 522 921 580 lanam
943 529 974 581 et
995 538 1083 598 agros
1111 525 1233 597 vendat,
1266 523 1350 604 quod

210 613 401 682 memus
416 613 570 696 explieat:
598 625 731 692 tempore
749 625 834 678 certo
850 626 881 678 et
896 619 1012 691 idoneo,
1035 616 1168 685 Boetius
1184 626 1350 685 comment.

208 711 284 780 Μ.
311 731 346 795 p.
370 716 456 778 238:
481 716 563 776 insto
585 723 617 774 et
636 715 790 775 commodo
812 716 870 777 die.
916 713 949 779 O.
971 721 1004 780 3:
1027 716 1134 777 Ρνίηια
1156 719 1352 779 cdokscnttr'a

205 825 295 889 petrem
310 812 450 874 familias
467 830 572 890 agrurn
589 829 747 873 conserere
764 813 896 873 studiose
914 821 1041 888 oportet.
1077 812 1111 878 C.
1128 820 1183 880 33:
1207 818 1350 878 Salictum

202 917 387 987 mtmpore
412 912 541 973 caedito.
574 908 608 973 C.
627 915 659 973 5:
683 912 888 973 autumnitate.
920 907 953 973 C.
972 915 1011 974 50
1028 916 1061 974 et
1076 917 1130 974 54:
1153 931 1254 989 verno,
1278 911 1307 976 h.
1322 932 1349 978 e.

202 1026 280 1073 terno
303 1013 468 1090 ternpore.
504 1005 592 1073 359
615 1007 664 1072 bis
686 1006 805 1086 legitur
827 1010 951 1071 alternis
975 1012 1068 1071 annis.
1109 1006 1141 1071 C.
1158 1013 1216 1074 157
1236 1010 1285 1074 bis
1305 1009 1350 1076 le·

201 1105 273 1187 gitur
291 1110 341 1169 bis
366 1110 430 1182 die,
457 1102 558 1169 semel
578 1108 624 1168 bis
647 1109 676 1166 in
701 1109 757 1167 die.
796 1102 830 1168 C.
843 1110 897 1168 43:
922 1110 1021 1182 capita
1037 1109 1173 1182 oleagina
1188 1115 1350 1181 quotmen-

201 1206 265 1267 ou
285 1224 385 1283 usque
419 1206 516 1266 donec
543 1206 649 1265 trimae
677 1214 782 1276 erunt,
821 1204 923 1264 fodere
946 1214 1080 1279 oportet,
1114 1202 1145 1267 h.
1169 1222 1195 1267 o.
1219 1205 1352 1285 singulis

203 1302 365 1381 demtus,
402 1299 489 1381 qnod
518 1300 628 1365 eodem
657 1298 751 1365 modo
775 1305 824 1364 est
846 1300 981 1380 dictum,
1010 1310 1046 1365 ut
1072 1303 1276 1374 puell-alemus
1298 1320 1350 1383 ap.

208 1397 290 1465 luet
300 1399 409 1465 Stich.
425 1398 453 1478 I,
471 1404 501 1478 2,
518 1403 552 1463 3:
576 1402 636 1461 Vos
651 1402 828 1460 meministis
843 1399 1047 1472 quotkolendis
1060 1410 1164 1475 petere
1180 1402 1352 1462 demensum

210 1500 293 1560 mm.
341 1498 442 1562 Ennii
465 1496 666 1562 Euhemerus
689 1495 727 1559 tr.
754 1501 768 1559 1
794 1513 843 1574 ap.
867 1494 999 1559 Vahlen.
1024 1514 1055 1576 p.
1075 1500 1148 1560 169:
1171 1499 1265 1557 Initio
1287 1502 1349 1574 pri-

207 1614 253 1658 nus
272 1601 303 1658 in
328 1600 425 1658 terris
449 1598 606 1671 imperium
629 1614 771 1657 summum
796 1596 903 1655 Caelus
927 1596 1039 1655 habuit.
1084 1592 1285 1658 Euhemerus
1313 1593 1349 1658 11.

206 1698 231 1757 3:
247 1698 291 1756 Ee
314 1705 512 1771 tempestate.
555 1690 658 1755 Plaut.
674 1690 790 1756 Bacch.
814 1710 842 1753 1.
867 1693 900 1753 6:
926 1694 982 1766 Qui
1005 1694 1112 1767 oipinti
1134 1695 1224 1753 annis
1246 1712 1351 1755 errans

205 1797 328 1870 :patria
350 1795 439 1855 afuit.
474 1790 572 1856 Mero.
589 1790 614 1869 Ι,
633 1796 659 1866 1,
683 1792 738 1853 oo:
762 1793 825 1850 Nec
850 1792 906 1850 nisi
928 1792 1046 1863 qrrt'neto
1068 1809 1147 1850 aneto
1169 1808 1282 1865 quoque
1304 1809 1350 1851 so·

206 1893 273 1953 lituu
296 1896 399 1953 risere
423 1893 545 1954 Urbem.
584 1886 678 1952 Most.
702 1886 745 1966 ΙΙ,
769 1893 798 1963 2,
823 1893 877 1950 74:
901 1906 986 1948 anno.
1025 1885 1110 1951 Trin.
1134 1889 1159 1965 I,
1184 1892 1213 1968 2,
1238 1893 1270 1952 5:
1293 1891 1350 1950 Hic

205 1990 271 2051 llest
291 1995 414 2052 senecta
436 1993 532 2048 aetate
553 1991 603 2065 qui
626 1988 737 2047 tactust
759 2006 843 2062 puer.
888 1984 981 2048 Most.
1003 1983 1041 2062 V,
1064 1990 1093 2062 2,
1113 1990 1168 2054 27:
1202 1991 1278 2049 istac
1301 2005 1350 2047 ae-

206 2097 264 2149 tate.
286 2086 389 2151 Mero
407 2106 435 2149 v.
450 2091 525 2150 982:
549 2090 624 2147 istnc
636 2119 678 2128 —
690 2095 798 2147 aetate.
823 2103 850 2145 v.
864 2087 940 2147 985:
964 2093 1087 2145 senecta
1102 2094 1210 2147 aetate.
1237 2082 1349 2164 Amph.

205 2181 224 2258 l,
242 2190 270 2261 2,
295 2189 344 2249 19.
371 2189 427 2249 2οε
459 2189 547 2247 Alter
569 2185 687 2244 decrrmo
709 2193 777 2260 post
800 2201 896 2243 mense
918 2194 1058 2243 nascetur
1086 2201 1161 2258 puer
1186 2185 1279 2257 Quam
1303 2202 1349 2243 se·

206 2286 342 2359 minatust,
368 2289 449 2345 alter
471 2302 567 2343 mertse
588 2288 726 2357 septumo.
759 2280 800 2357 ΙΙ,
817 2284 846 2357 2,
864 2283 917 2344 38;
942 2281 1048 2340 adveni
1072 2280 1198 2355 domum,
1221 2282 1351 2340 Decumo

207 2391 261 2455 post
282 2401 391 2443 mense.
436 2369 531 2444 Truc.
555 2379 595 2457 II,
620 2384 648 2456 6,
677 2386 728 2442 ltl:
752 2381 871 2439 decumo
894 2396 991 2439 mense
1013 2386 1090 2453 post.
1135 2375 1221 2441 Pers.
1244 2376 1298 2455 IV,
1323 2383 1352 2456 3,

208 2481 249 2542 35:
268 2484 376 2559 Neque
400 2484 478 2543 istoc
501 2481 600 2541 redire
624 2480 670 2540 lis
692 2484 753 2539 octo
775 2496 896 2554 possum
920 2479 1075 2541 neerteibns.
1121 2473 1202 2539 Ruti.
1223 2474 1303 2556 prol.
1325 2494 1352 2539 v.

207 2580 233 2637 l:
261 2581 384 2655 Signum
409 2579 488 2655 qnod
511 2597 628 2655 semper
656 2585 781 2652 tempore
809 2578 943 2637 exoritur
965 2594 1027 2636 suo.
1073 2574 1169 2639 More.
1193 2573 1217 2650 Ι,
1245 2580 1271 2652 l,
1297 2578 1351 2638 33:

208 2677 318 2739 rlrorso
343 2688 491 2753 ternpore.
537 2674 668 2756 Spectat
682 2674 744 2740 huc
760 2675 854 2739 ctiam
874 2673 1007 2753 antiqua
1026 2672 1127 2737 torma
1144 2676 1265 2748 temperi
1286 2673 1352 2737 sive

207 2778 323 2849 tmperi.
370 2772 449 2838 Cato
472 2773 508 2837 R.
532 2773 568 2837 R.
592 2793 616 2838 c.
641 2779 673 2838 2:
705 2783 854 2850 roget-
877 2775 988 2834 satisne
1012 2775 1134 2847 tempori
1157 2792 1248 2848 opera
1277 2775 1353 2834 sient

207 2875 340 2935 contecta
377 2870 411 2936 C.
430 2878 462 2938 3:
487 2891 522 2934 ex
546 2877 648 2950 quavis
668 2875 735 2932 olea
758 2875 855 2932 oleum
879 2871 1002 2931 viridius
1025 2881 1054 2930 ct
1076 2873 1183 2931 bonum
1204 2872 1271 2931 fieri
1286 2882 1352 2947 pot·

206 2981 249 3044 est,
270 2976 296 3033 si
319 2975 444 3045 tempon'
467 2971 569 3033 iacias.
601 2969 703 3033 Plaut.
722 2967 813 3049 Capt.
831 2967 856 3044 1,
882 2972 910 3044 2,
935 2970 990 3030 88:
1013 2970 1161 3046 Numquid
1186 2970 1250 3030 vis?
1282 2968 1351 3032 HE.

208 3069 304 3131 lenias
328 3073 452 3144 temperi
476 3068 535 3146 (sit
558 3069 628 3148 Ap).
677 3069 701 3143 1,
727 3072 755 3144 2,
780 3071 836 3131 8οε
865 3069 917 3128 Set
942 3070 967 3128 si
991 3065 1201 3141 ventnrn's²⁴),
1225 3072 1353 3143 temperi

208 3163 405 3242 (intrenias).
450 3167 546 3231 Mero.
560 3165 598 3246 V,
621 3172 650 3244 4,
674 3169 731 3228 29:
751 3169 879 3241 temperi
901 3183 963 3228 see.
985 3164 1042 3244 Op.
1067 3163 1148 3227 itud.
1165 3162 1219 3241 IV,
1244 3169 1273 3240 2,
1301 3169 1353 3228 16:

206 3263 325 3341 ligitare
350 3269 479 3328 addecet
503 3267 571 3343 quia
592 3284 645 3326 sua
666 3267 727 3324 volt
743 3266 863 3338 temperi
885 3263 941 3335 (sic
958 3260 1052 3340 Aop)
1077 3264 1223 3323 conficere
1245 3264 1352 3324 officia.

207 3355 280 3427 Pers
303 3363 342 3443 V,
372 3372 397 3442 l,
425 3368 462 3427 16
492 3362 542 3426 bis
569 3361 687 3443 legitur
715 3367 851 3438 temperi.
897 3359 967 3424 Cas.
990 3358 1033 3436 ΙΙ,
1063 3362 1091 3435 6,
1121 3362 1175 3421 6οε
1212 3361 1355 3432 Temperi,

209 3471 349 3538 postquam
373 3472 604 3538 oppugnatumst
625 3482 668 3523 os.
713 3459 828 3524 Pseud.
846 3459 869 3536 1,
894 3463 921 3535 3,
950 3463 1024 3521 153:
1050 3458 1185 3530 Temperi
1208 3476 1262 3532 ego
1286 3458 1354 3518 taxo

212 3561 280 3622 oties.
324 3559 423 3624 Stich.
447 3558 485 3636 V,
511 3564 540 3637 2,
565 3563 597 3622 6;
621 3571 654 3620 ut
677 3578 780 3620 cenam
806 3567 949 3633 coqueret
972 3557 1102 3629 temperi.
1147 3553 1219 3617 Aul.
1242 3552 1301 3632 111,
1325 3558 1353 3633 3,

216 3656 234 3715 1.
261 3656 374 3722 Pseud.
399 3657 454 3735 IV,
479 3663 508 3734 7,
532 3661 581 3721 86.
616 3655 698 3720 Men.
722 3655 762 3732 11,
789 3661 817 3732 3,
842 3659 891 3718 90.
926 3651 1008 3716 Men.
1032 3672 1060 3715 1.
1084 3656 1156 3716 rot.
1191 3650 1250 3728 Ill,
1275 3658 1304 3730 2,
1328 3655 1356 3714 2.

214 3747 242 3828 l'.
261 3763 286 3833 l,
309 3762 359 3821 31.
383 3755 483 3820 Most.
507 3755 531 3831 l,
554 3762 584 3832 4,
608 3759 636 3817 2.
662 3755 747 3819 Pers.
766 3753 807 3830 11,
833 3758 861 3829 2,
885 3758 936 3816 47.
982 3750 1051 3814 Uno
1075 3751 1154 3828 loco,
1182 3749 1272 3830 Epid.
1295 3747 1354 3827 ΙΙΙ,

220 3852 238 3926 l,
256 3857 289 3917 25
317 3856 350 3917 in
372 3857 421 3933 Ap
446 3871 504 3933 pro
528 3871 565 3916 eo
594 3852 712 3932 legitur
736 3860 878 3927 ternpore,
913 3849 970 3914 sed
996 3849 1039 3913 ibi
1062 3867 1188 3929 quoque
1216 3853 1353 3911 metrum

222 3951 338 4024 lostulat
352 3964 388 4017 nt
403 3950 564 4016 scribatur
579 3969 650 4016 cum
666 3950 797 4014 Bothio:
822 3952 939 4025 Edepol
960 3969 997 4009 ne
1019 3953 1105 4010 istam
1123 3949 1244 4022 tempori
1263 3958 1354 4023 gnato

222 4052 368 4114 uosmus
384 4053 598 4128 praemercati.
633 4047 703 4113 Cas.
721 4047 799 4128 prol.
815 4066 844 4108 1.
865 4051 917 4109 18;
942 4051 993 4108 Ea
1016 4051 1182 4120 tempestate
1205 4046 1259 4104 tlos
1282 4062 1353 4119 poe-

240 4196 244 4200 ’
256 4198 393 4208 κζ----

272 4278 301 4339 “l
319 4282 361 4336 Sic
379 4279 557 4337 scribendum
576 4294 631 4333 sec.
651 4287 832 4347 praeceptum
845 4274 988 4328 Bitschelii
1000 4275 1102 4343 proleg.
1117 4271 1152 4326 ad
1166 4271 1240 4325 Trin.
1255 4289 1280 4341 p.
1294 4275 1353 4327 109.

224 4351 289 4425 V‘¹¹3⁰
305 4372 442 4420 emtum.
462 4365 509 4432 Ap
531 4362 557 4416 h.
577 4361 594 4415 l.
614 4361 738 4428 tempori,
759 4357 953 4412 l'leckeisenus
974 4356 1093 4424 temperi.
