3125 5075
483 372 571 411 CASUS
587 370 855 411 sunsnaarlt‘ouuu.
869 391 894 400 -
906 370 1040 413 DATIVUS.
1286 383 1347 442 295

153 599 155 624 ,
205 563 287 626 porco,
307 547 393 625 ouod
418 544 591 610 discrimen
611 542 720 609 dativo
743 561 805 607 non
828 545 933 628 magni
956 551 1007 611 est
1028 545 1199 626 momenti,
1222 563 1293 611 cum
1315 547 1348 612 in

153 629 155 646 '
206 641 357 708 diverbia
374 641 579 709 amusativns
600 641 716 706 obiecti
731 640 874 705 inclusus
897 643 948 722 sit,
970 642 1004 708 in
1022 642 1086 710 illis
1108 661 1171 709 non
1192 643 1348 722 inclusum

203 757 283 820 porro
312 741 347 805 in
382 739 567 818 adiectivis,
603 735 694 803 velut
723 741 882 809 scalaris,
919 743 1091 812 dammas,
1129 743 1348 816 formidolosus,

201 841 300 908 maiae
322 841 453 917 aroldo,
476 839 555 912 fidus
577 840 611 900 et
631 851 715 915 quae
737 842 813 899 sunt
832 836 930 902 huius
953 839 1080 918 generis
1101 838 1174 903 alia.
1218 838 1256 902 ln
1280 844 1349 902 tota

200 937 246 1002 lto
270 935 394 1015 classe,
421 935 514 1001 cuius
535 933 744 1015 praecipuum
768 933 902 998 verbum
925 937 999 996 dore
1020 935 1107 1000 casui
1130 954 1244 1001 nomen
1266 934 1348 999 iudi·

202 1033 246 1099 dit
267 1033 374 1115 prima
393 1031 498 1097 forma
521 1031 614 1096 casus
637 1029 812 1096 clarissime
835 1037 979 1112 apparet,
1012 1050 1084 1097 nam
1108 1033 1268 1099 obiectum
1291 1033 1347 1097 da·

202 1133 249 1197 tivi
269 1131 391 1212 ubique
414 1135 466 1195 est
487 1134 579 1193 entra
600 1128 756 1192 actionem
779 1145 815 1192 se
837 1129 1066 1210 explicantem,
1089 1130 1145 1196 sed
1169 1131 1348 1196 subiectum

200 1230 327 1295 studium
350 1228 470 1310 prodit,
489 1227 581 1291 onius
604 1223 738 1290 effectus
762 1229 833 1290 turn
855 1225 982 1292 demum
1005 1227 1039 1292 in
1061 1226 1186 1293 obiecto
1202 1234 1347 1309 apparet,

199 1347 280 1409 onum
293 1327 381 1394 actio
390 1328 462 1408 ipsa
475 1320 620 1389 adfinem
636 1323 794 1403 peruncto
810 1329 868 1403 est,
888 1342 960 1389 narn
974 1326 1001 1390 si
1013 1326 1097 1390 actio
1110 1325 1206 1390 dandi
1220 1324 1347 1401 desinit,

201 1427 268 1491 sotio
291 1424 442 1492 sumendi
465 1422 497 1487 in
521 1421 647 1486 obiecto
669 1420 795 1501 incipit,
825 1438 908 1501 quae
935 1428 986 1488 est
1009 1421 1141 1489 effectus
1170 1422 1280 1501 dandi,
1308 1440 1347 1486 ex

200 1541 251 1604 quo
272 1531 343 1588 turn
366 1522 492 1600 statim,
520 1520 578 1585 sed
600 1517 762 1599 posterius
793 1525 900 1585 tamen
923 1522 1096 1586 secundum
1128 1539 1167 1586 ea
1189 1537 1271 1601 quae
1295 1537 1347 1583 su·

201 1639 247 1702 pra
266 1619 572 1695 demonstravimus,
611 1615 752 1681 studium
782 1617 880 1681 etiarn
907 1619 939 1682 in
967 1618 1093 1685 obiecto
1130 1619 1281 1684 nascitur.
1304 1651 1347 1662 -

203 1719 386 1802 Singillatim
408 1713 704 1800 commemorandus
727 1719 778 1777 est
792 1722 963 1794 praeterea
985 1717 1113 1783 dativus
1128 1715 1261 1781 aflectus
1278 1732 1345 1778 rem

204 1817 387 1898 exprimens,
419 1806 638 1878 innotescunt
661 1810 760 1876 verbo
789 1831 849 1874 esse
871 1820 904 1878 et
925 1814 1032 1880 verbis
1059 1813 1235 1881 transitivis

203 1917 309 1992 icore,
344 1919 475 1990 vermo,
511 1909 598 1982 aliis,
635 1908 667 1972 in
691 1909 863 1988 phrasibus
885 1912 997 1992 quales
1028 1918 1104 1978 sunt
1136 1915 1248 1989 probro
1277 1929 1346 1981 coac,

203 2014 271 2074 tadi
291 2029 364 2088 esse,
398 2013 506 2072 honori
537 2008 653 2083 dacae,
690 2007 772 2086 aliis,
809 2008 925 2086 quibus
948 2015 1016 2074 tum
1038 2008 1227 2091 plerumque
1250 2009 1347 2073 etiam

153 2103 155 2112 '
207 2109 274 2174 altor
295 2107 426 2175 dativus
449 2105 560 2171 classis
583 2105 770 2186 superioris,
793 2105 952 2171 obiectum
974 2124 1140 2187 personae,
1161 2113 1195 2171 in
1216 2124 1279 2187 quo
1295 2106 1347 2172 hic

153 2201 156 2256 l
208 2205 324 2273 edmtus
346 2208 492 2286 apparet,
515 2202 653 2268 additur.
698 2203 798 2268 Simul
821 2204 854 2267 in
877 2204 936 2268 hac
959 2205 1196 2269 constructione
1220 2204 1346 2285 praedi·

208 2311 305 2382 catum,
334 2302 421 2384 qnod
443 2301 518 2365 addi
539 2306 648 2380 potest
670 2301 813 2365 subiecto
837 2301 1051 2382 perverbum
1073 2321 1148 2379 esse,
1179 2319 1237 2382 pro
1271 2298 1347 2365 elie·

209 2415 247 2464 otu
266 2401 401 2467 actionis
425 2399 581 2479 accipitur
603 2403 637 2462 et
659 2398 690 2462 in
706 2398 766 2464 hac
788 2399 892 2463 forma
914 2399 1032 2463 transit
1051 2398 1285 2479 quodammodo
1305 2398 1347 2462 ad

209 2499 326 2565 alterum
348 2498 448 2563 dativi
471 2497 640 2563 obiectum.
686 2495 738 2562 Sic
760 2497 794 2562 iu
817 2497 977 2563 locutione
1005 2499 1079 2559 dora
1109 2499 1203 2560 olicus·
1232 2498 1348 2573 aliquid

153 2600 155 2605 '
212 2598 270 2659 doro
290 2618 319 2662 v.
341 2600 453 2659 doram
475 2601 525 2660 est
547 2594 766 2675 praedicatum
789 2596 879 2661 verbi
901 2598 1025 2676 aliquid,
1063 2595 1148 2675 quod
1170 2600 1220 2661 est
1242 2596 1347 2661 subie-

153 2732 155 2763 ι
212 2698 278 2759 ctum
299 2696 333 2759 in
356 2692 536 2776 periphrasi
559 2691 647 2757 verbi
663 2696 746 2771 dore,
769 2696 869 2767 focae
890 2700 924 2755 ut
944 2697 1061 2771 olipaid
1081 2697 1128 2772 sit,
1149 2699 1348 2775 quapropter

153 2806 155 2819 ·
214 2792 289 2856 etiam
312 2793 375 2857 dici
397 2796 507 2873 potest
527 2793 600 2853 olore
622 2792 738 2865 alicuid
759 2794 851 2852 otiari
873 2794 1001 2869 donum,
1029 2792 1156 2871 iamque
1183 2791 1238 2855 illa
1259 2790 1346 2855 notio

153 2890 155 2901 '
212 2904 254 2965 pro
275 2908 358 2956 nova
379 2887 491 2963 forma,
513 2905 608 2968 quam
631 2887 750 2967 induit,
777 2889 818 2952 ad
842 2889 941 2953 dativi
963 2889 1123 2955 obiectum
1146 2892 1238 2952 aliare·
1261 2896 1346 2953 tran·

214 2986 249 3065 sit,
269 3004 429 3070 apparens
455 2995 606 3066 tanquam
632 2983 764 3051 effectus
786 2985 928 3051 actionis.
952 2987 1156 3067 -Denique
1178 2988 1241 3053 huc
1262 2986 1314 3051 roi
1332 3021 1347 3035 ·

210 3086 290 3151 tenda
311 3090 363 3150 est
386 3084 579 3149 constructio
602 3083 691 3148 verbi
725 3102 786 3145 ease
802 3084 960 3149 coniuncti
982 3102 1054 3149 oum
1069 3085 1178 3149 dativo
1199 3085 1346 3166 gerundii

212 3182 247 3246 vol
266 3182 428 3265 participii
450 3180 627 3262 gerundivi,
651 3180 734 3244 unde
757 3179 933 3247 locutiones
956 3184 1111 3243 &aemulat
1133 3184 1244 3257 koilas
1269 3185 1342 3244 scri·

213 3278 296 3343 tado
317 3287 353 3344 ct
379 3279 501 3344 similos
522 3284 617 3344 natae
639 3283 728 3356 sunt,
765 3295 785 3340 a
808 3279 923 3359 quibus
946 3298 1006 3341 ease
1033 3297 1104 3343 oum
1127 3279 1266 3359 genitivo
1291 3296 1344 3360 ge·

209 3378 314 3443 nudivi
336 3378 537 3442 coniunctum
560 3376 641 3441 bene
664 3375 921 3456 distinguendum
946 3381 1004 3441 est.

279 3480 381 3552 Quem
405 3479 566 3555 postremo
591 3471 663 3537 loco
684 3474 1001 3539 commemoravimus
1031 3493 1123 3539 nsum
1146 3476 1245 3540 dativi
1275 3493 1346 3539 cunr

212 3574 292 3639 urbo
328 3592 391 3637 essa
417 3570 592 3651 coniuncti,
630 3570 713 3635 viam
748 3573 840 3650 quasi
870 3572 972 3637 munit
1002 3578 1035 3637 et
1062 3572 1165 3654 aperit
1192 3592 1212 3637 a
1239 3572 1345 3653 priore

209 3662 289 3735 huius
317 3688 414 3736 casus
440 3669 543 3734 iorma
570 3670 610 3734 ad
638 3668 783 3734 alteram.
828 3669 995 3735 Transitus
1028 3670 1068 3734 ad
1106 3688 1174 3734 eam
1212 3669 1346 3733 nranimu

205 3772 329 3850 apparet
352 3768 384 3832 in
406 3768 511 3833 altera
532 3767 753 3833 coniunctione
779 3766 874 3833 huius
901 3768 991 3833 verbi
1024 3787 1094 3834 curn
1125 3768 1246 3844 dativo,
1276 3783 1346 3830 eam

204 3860 270 3946 lieo,
294 3866 351 3931 nbi
372 3866 501 3931 dativus
527 3882 747 3946 possessorem
770 3865 856 3944 eius,
885 3868 970 3945 qnod
993 3866 1136 3932 subiecto
1159 3881 1345 3945 expressum

204 3972 251 4043 est,
273 3961 443 4045 significat
492 3963 553 4028 ilic
581 3980 707 4044 quoque
742 3963 855 4040 verbo,
893 3982 954 4027 non
983 3965 1088 4028 minus
1120 3981 1214 4043 quam
1242 3968 1346 4041 antea,

205 4074 380 4141 expressum
404 4061 519 4139 estid,
542 4060 627 4140 quod
650 4079 689 4126 er
711 4060 836 4126 actione
860 4061 987 4140 prodiit,
1011 4061 1194 4141 etquidem
1218 4058 1346 4140 partici-

202 4170 262 4231 pem
285 4158 357 4224 lieri
380 4157 515 4223 alicuius
538 4158 603 4238 rei,
637 4159 683 4223 ita
713 4163 750 4223 ut
782 4161 858 4219 milvi
884 4165 927 4221 est
953 4161 1056 4222 domos
1084 4155 1242 4240 significet
1263 4157 1347 4221 idem

202 4258 274 4333 mod
296 4259 449 4333 particeps
470 4259 569 4331 socom
589 4276 656 4319 som
677 4258 794 4327 domos,
826 4258 903 4318 milri
923 4258 1026 4319 domm
1047 4259 1163 4332 obtlfit,
1192 4272 1269 4336 ergo
1292 4258 1346 4316 lto-

203 4350 244 4413 tao
271 4358 369 4433 mom,
407 4354 465 4419 sed
493 4355 555 4419 iam
592 4355 798 4436 perspicuum
825 4360 887 4433 est,
925 4372 964 4418 er
991 4352 1106 4418 effectu
1137 4358 1243 4418 ortum
1276 4369 1347 4417 esse
