3125 5075
513 344 660 384 nocnnlnn
683 343 916 385 nnnmcnnnnnu.
1230 349 1290 409 351

136 533 181 594 Ut
203 553 288 607 quoru
314 538 408 609 apsim
432 553 476 593 me
502 551 598 605 ames,
623 553 669 592 me
694 541 773 593 tuam
790 542 944 608 apsentem
961 538 1072 609 tomen,
1096 534 1178 608 part.
1196 535 1294 590 wmen

138 646 203 693 non
226 630 267 718 nd
290 651 383 709 ornes,
406 632 461 695 sed
484 630 523 691 ad
548 633 694 690 absentem
717 628 885 693 referenda
907 635 967 707 est,
990 632 1027 691 ut
1049 627 1105 691 sit:
1129 633 1227 686 tomen
1242 629 1293 686 ab

136 734 248 789 mntem
270 731 376 805 etium,
405 727 434 791 h.
458 747 484 791 e.
508 726 652 805 quamvis
673 744 732 806 ego
755 726 866 790 absim.
906 725 995 790 Adde
1011 724 1138 789 Terent.
1158 722 1292 802 Adelph.

135 823 188 901 Π,
217 832 249 903 l,
274 829 323 887 20.
370 824 406 887 ln
428 824 500 887 aliis
524 823 610 898 locis,
634 823 687 886 ubi
710 822 856 886 ultimum
880 822 983 886 locum
1007 819 1185 886 sententiae
1201 837 1298 883 occu·

136 928 196 1001 pat
217 922 280 985 ista
307 920 479 1000 particula,
512 918 571 984 hoo
599 927 770 999 propterea
797 921 915 984 factum
943 920 1086 987 videtur,
1117 916 1200 994 quod
1227 933 1290 978 non

136 1018 178 1082 ad
209 1036 306 1082 unum
337 1018 515 1082 sentcntiae
541 1017 745 1087 vocabulum.
777 1017 833 1081 sed
862 1022 966 1081 totum
993 1015 1194 1080 enuntiatum
1222 1013 1291 1075 eius

135 1116 187 1179 vis
209 1114 377 1180 referenda
401 1121 459 1179 est.
503 1114 669 1179 Interdum
699 1115 795 1179 etiam
824 1115 872 1179 bis
898 1114 1045 1194 ponitur,
1072 1114 1104 1175 in
1133 1110 1294 1191 principio

135 1218 171 1279 et
193 1212 226 1276 in
247 1210 310 1275 fine
334 1212 521 1275 sententiae.
566 1211 670 1275 Plaut.
695 1212 786 1276 Miles
809 1213 888 1292 glor.
912 1211 978 1280 ΙΙΙ,
1001 1216 1034 1289 2,
1058 1214 1094 1273 51
1121 1227 1184 1288 svp:

329 1314 449 1383 Quaeso⁴
469 1315 579 1379 tomen,
600 1318 633 1370 tu
656 1319 771 1386 partem
796 1312 939 1373 infortuni
963 1327 1067 1383 meam,

331 1409 363 1467 Si
387 1408 549 1484 dividetur,
573 1425 619 1467 me
643 1411 766 1468 absente
788 1411 917 1483 accipito
941 1414 1045 1467 tomen.

136 1506 201 1570 Ubi
224 1504 313 1585 prius
336 1510 434 1563 tomen
456 1502 496 1566 ad
519 1522 641 1578 quomo,
664 1504 799 1567 alterum
823 1504 863 1568 ad
886 1507 1011 1578 occipito
1027 1500 1197 1581 pertinet.“
1225 1499 1292 1562 Mil.

135 1603 192 1679 lv,
216 1607 251 1679 8,
276 1606 333 1665 31:
357 1606 438 1663 Bene
462 1621 573 1678 quaeso
596 1605 748 1664 intervos
772 1605 879 1662 dicatis
902 1604 1027 1663 etmihi
1051 1603 1168 1675 apsenti
1184 1605 1292 1676 tomen,

135 1700 191 1764 uhi
215 1702 326 1765 Dousa
347 1700 452 1763 Plaut.
477 1698 570 1778 expll.
594 1697 653 1777 111,
681 1703 718 1763 13
742 1702 857 1761 absenti
879 1706 977 1761 tomen
999 1697 1130 1776 exponit
1158 1698 1294 1770 quamuis

135 1800 262 1859 absenti.
306 1797 387 1859 Rud.
410 1796 466 1874 IV,
484 1802 513 1871 3,
537 1800 592 1859 67:
617 1800 694 1858 hunc
710 1818 767 1858 non
785 1800 917 1858 amittam
935 1803 1042 1856 tamen.
1081 1791 1294 1873 Coniungitur

135 1901 236 1957 tomen
258 1912 330 1959 oum
358 1900 402 1962 ot,
434 1900 490 1961 set,
523 1911 639 1961 cerum,
672 1900 701 1954 et
733 1894 911 1972 particulis.
956 1894 1004 1957 Ile
1038 1898 1071 1952 ot
1098 1898 1196 1952 tamen
1220 1890 1293 1953 vide

135 1989 156 2073 ᾖ
179 1996 221 2056 39
246 1997 337 2068 extr,
362 1992 401 2054 de
424 2010 528 2052 oerum
550 1997 648 2051 tomen
671 1993 690 2068 5
713 1999 763 2055 44.
811 1994 861 2053 Set
883 1998 980 2055 tomen
995 1990 1098 2053 Plaut.
1116 1987 1187 2051 Ges.
1212 1987 1291 2067 prol.

134 2107 164 2152 v.
190 2092 249 2152 20:
275 2089 325 2149 Set
346 2096 442 2150 tumen
465 2092 604 2151 absentes
626 2093 763 2165 prosient
785 2092 1002 2165 praesentibus.
1047 2086 1174 2149 Terent.
1193 2085 1291 2148 Andr.

133 2185 216 2266 proh
240 2204 268 2249 n.
295 2190 350 2249 11:
375 2189 441 2246 Non
463 2189 507 2248 ita
530 2197 599 2248 sunt
622 2189 758 2248 dissimili
781 2195 971 2262 argumento,
998 2186 1049 2245 scd
1071 2188 1167 2243 tamen
1195 2186 1294 2243 Dissi-

133 2286 199 2343 mili
223 2286 358 2345 oratione
381 2291 451 2345 sunt
473 2285 570 2345 iactae
600 2302 635 2344 ac
658 2286 736 2346 stilo.
781 2283 881 2347 Dect
908 2288 1006 2342 tomen
1033 2279 1107 2343 vide
1134 2280 1291 2359 Krueger.

134 2396 269 2460 gramm.
294 2378 349 2444 lat.
372 2397 401 2459 p.
427 2384 498 2443 722.
544 2379 671 2443 Terent.
699 2380 797 2444 Andr.
820 2378 852 2457 1,
880 2386 910 2458 1,
935 2384 991 2443 32:
1024 2382 1135 2440 Horum
1166 2381 1218 2437 ille
1249 2380 1292 2437 nil

134 2482 257 2554 egregie
281 2478 403 2554 praeter
426 2488 530 2543 cetera
552 2480 706 2550 studebat,
730 2484 758 2539 et
773 2485 870 2538 tomen
885 2481 983 2539 omnia
999 2479 1073 2536 haee
1089 2476 1291 2536 mediocriter.

222 2575 350 2639 Dicitur
371 2591 390 2637 a
414 2575 526 2654 priscis
550 2574 761 2655 scriptoribus
792 2576 887 2638 etiam
911 2582 972 2635 tom
999 2591 1057 2654 pro
1088 2579 1194 2636 tomen.
1239 2572 1292 2637 Sio

132 2692 155 2737 a
177 2673 297 2736 Naevio
321 2671 357 2736 ir.
381 2673 439 2736 inc.
465 2690 544 2736 com.
568 2677 654 2746 232„
673 2719 707 2734 ..
731 2675 802 2748 qnid
830 2677 856 2735 si
878 2673 1001 2734 taceas?
1029 2672 1097 2732 dum
1126 2679 1157 2731 ta
1180 2672 1291 2748 vident,
1324 2714 1329 2721 .

133 2776 198 2832 mm
218 2775 306 2830 etiam
331 2774 421 2844 sciat,
447 2772 524 2845 Quid
547 2774 691 2848 scriptum
715 2774 762 2832 sit.
807 2767 938 2849 (Festus
962 2788 991 2850 p.
1014 2773 1076 2834 360
1098 2767 1141 2832 M.
1166 2772 1221 2846 „at
1235 2783 1292 2830 an-

132 2866 216 2945 tiqui
237 2871 298 2929 tam
322 2866 418 2929 etiarn
440 2883 498 2945 pro
523 2872 620 2928 tomen
643 2867 692 2931 usi
715 2867 833 2946 sunt.“)
878 2868 1000 2931 Ennius
1026 2865 1065 2930 ir.
1097 2870 1116 2928 5
1145 2863 1291 2929 Achillis:

131 2982 219 3025 meae
243 2970 302 3023 tom
325 2967 404 3039 potis
427 2966 515 3025 Pacis
537 2966 630 3039 potiri
651 2961 787 3042 (Festus
810 2965 830 3028 Ι.
855 2967 904 3042 a).
950 2963 1053 3028 Plaut
1084 2961 1151 3025 Mil.
1181 2962 1236 3040 IV,
1261 2965 1292 3039 8,

129 3067 189 3125 45:
224 3064 407 3137 Quamquam
437 3064 512 3123 alios
541 3062 693 3122 fideliores
723 3080 842 3137 semper
870 3064 1001 3123 habuisti
1028 3063 1083 3122 tibi
1108 3064 1202 3134 Quam
1234 3076 1290 3132 me,

131 3165 198 3222 Men
219 3161 275 3219 tihi
298 3161 393 3220 habeo
416 3177 551 3234 magnam
575 3159 700 3233 gratiam
723 3177 824 3219 rerum
847 3162 987 3219 omnium.
1032 3155 1114 3219 Rud.
1130 3155 1168 3232 V,
1191 3161 1219 3233 2,
1240 3159 1291 3218 63.

129 3256 184 3320 De
207 3253 322 3319 Plauto
345 3255 417 3319 vide
441 3254 567 3319 omnino
590 3253 788 3318 Fleckeisen.
819 3254 866 3318 ed.
897 3254 1001 3317 Plaut.
1032 3251 1132 3332 prael.
1163 3270 1193 3332 p.
1221 3249 1290 3316 XV.

131 3351 408 3430 Quemadmodum
433 3355 619 3432 tamenetsi,
654 3351 771 3415 dicitur
798 3351 896 3415 etiam
926 3357 987 3412 tam
1014 3354 1085 3428 etsi,
1119 3354 1156 3414 ut
1185 3347 1290 3414 Plaut.

130 3449 251 3514 Pseud.
274 3448 305 3527 1,
330 3453 365 3527 3,
392 3453 447 3512 16:
471 3455 532 3510 tam
554 3453 611 3510 etsi
633 3450 656 3511 ’s
680 3459 852 3525 occupatus.
889 3447 984 3512 Poen.
1002 3446 1075 3526 l‚2‚
1095 3452 1169 3512 129:
1193 3449 1292 3508 Proba

129 3565 218 3609 merx
241 3547 330 3608 facile
354 3557 518 3622 emptorem
541 3551 665 3626 reperit,
689 3552 750 3607 tam
772 3549 827 3607 etsi
849 3549 879 3606 in
903 3549 1041 3608 abstruso
1057 3549 1153 3607 sitast.
1192 3542 1290 3607 Stich.

128 3643 165 3723 1,
193 3648 226 3723 1,
250 3648 307 3707 4οε
329 3649 391 3703 tom
413 3647 467 3704 etsi
490 3643 513 3705 's
536 3647 639 3705 maior.
685 3642 813 3707 Terent.
836 3642 918 3707 Eun.
942 3641 992 3721 II,
1018 3647 1052 3720 l,
1079 3645 1133 3704 10:
1156 3645 1296 3719 Memini,

128 3748 195 3802 tam
217 3743 271 3803 eat
294 3743 393 3802 nullus
416 3760 546 3804 moneas.

218 3843 269 3902 44.
308 3839 357 3902 De
379 3834 610 3917 significatione
631 3837 809 3918 particulae
835 3837 1056 3902 adversativae
1085 3855 1187 3898 naam
1217 3834 1289 3898 vide

128 3935 337 4015 Krnegerum
359 3934 391 3998 in
413 3949 545 4014 gramm.
569 3934 622 4000 lat.
646 3953 676 4015 p.
702 3941 772 4001 720.

219 4049 247 4094 a.
288 4035 397 4095 Venno
411 4037 508 4096 Naev.
530 4031 568 4097 fr.
584 4031 761 4097 Hesionae:
785 4035 830 4093 Ne
847 4033 918 4093 mihi
934 4050 1168 4108 gerere-morem
1186 4032 1291 4092 videar

91 4166 92 4169 κ
129 4133 249 4205 lingna,
273 4149 375 4191 beram
397 4133 520 4206 lingula.
564 4128 645 4194 Cato
667 4129 704 4194 R.
727 4128 763 4193 R.
794 4127 892 4208 praef.
918 4125 935 4208 ᾖ
964 4134 992 4192 3.
1037 4127 1141 4192 Plani.
1173 4125 1293 4206 Amph.

129 4225 214 4309 prol.
249 4243 277 4287 v.
303 4230 359 4290 24:
397 4230 506 4288 Veram
537 4228 675 4304 proiecto
705 4229 763 4287 hoo
792 4234 897 4303 petere
922 4244 967 4286 me
990 4227 1178 4302 precarioA
1205 4227 1288 4286 vobis

129 4327 229 4386 iussit.
274 4321 321 4402 ΙΙ,
345 4328 379 4400 2,
405 4327 483 4389 130:
505 4343 607 4386 omem
634 4328 678 4386 ita
702 4326 851 4386 animatus
877 4323 929 4385 tui.
973 4321 1054 4387 Rud.
1071 4311 1138 4397 TV,
1169 4326 1204 4400 3,
1228 4323 1294 4384 ab:
