3125 5075
272 572 336 636 380
573 565 636 605 (ΞΑΡ.
650 565 696 604 Π.
723 563 868 604 noenum
883 561 1135 604 raulcurtoaun.

448 756 598 833 Sirempae
622 757 718 831 legem
740 758 827 815 iussit
848 772 916 816 eane
941 755 1084 830 luppiter,

445 855 654 929 magistratum
676 854 761 929 quasi
783 854 840 912 eibi
862 854 988 915 alterive
1011 853 1177 913 ambirerit.

273 945 363 1013 Cure.
389 948 422 1025 Ι,
447 954 480 1025 l,
504 957 523 1013 t
546 967 630 1029 equ:
665 949 700 1010 Si
726 951 824 1011 media
853 968 912 1011 nox
940 958 988 1010 eat
1013 950 1075 1010 rire
1103 952 1200 1025 prima
1221 968 1360 1025 verpere,
1398 947 1431 1007 Si

273 1057 369 1109 etatae
401 1050 555 1110 condictus
584 1066 648 1109 cum
677 1049 762 1109 horte
790 1048 951 1109 intercedit
981 1047 1063 1120 dier,
1090 1049 1203 1108 Tamen
1229 1055 1279 1110 est
1302 1046 1430 1109 eundum

273 1163 331 1222 qno
359 1150 498 1221 inperant
523 1148 675 1222 ingratiis,
699 1143 739 1208 ed
763 1161 792 1223 q.
814 1142 834 1208 Ι
858 1142 883 1207 Ι.
899 1140 987 1207 (tole
1016 1142 1250 1222 „Sponsionum
1273 1147 1309 1209 et
1330 1141 1431 1221 stipu-

273 1241 425 1307 lationum
452 1241 605 1307 tonnulae
628 1240 725 1306 certis
750 1241 858 1307 rerbie
880 1239 1100 1321 concipiebant
1120 1248 1155 1305 et
1176 1240 1244 1306 iere
1263 1239 1434 1306 ordieban-

274 1347 328 1405 tur
350 1359 370 1404 a
390 1344 426 1409 ai,
448 1344 519 1409 aiva
540 1343 583 1417 ni,
606 1341 682 1399 nive.
731 1337 802 1403 vid.
828 1338 925 1403 iierc.
950 1337 995 1412 ΙΙ,
1018 1343 1054 1412 2,
1076 1343 1135 1403 to:
1164 1339 1215 1402 Sei
1236 1357 1359 1402 movero
1384 1355 1431 1398 me

271 1457 324 1500 eeu
348 1443 444 1501 secari
467 1456 606 1505 reniero,
629 1469 669 1480 —
694 1456 758 1498 eom
782 1447 887 1498 auctor
908 1447 941 1498 ut
963 1456 1009 1498 me
1032 1440 1157 1499 amando
1179 1441 1229 1500 hic
1251 1441 1372 1513 enices,
1400 1440 1435 1498 et

273 1533 386 1601 Pseud
412 1534 467 1614 IV,
491 1537 521 1615 6,
544 1538 564 1599 8
586 1551 673 1614 equ:
704 1537 788 1612 Roga
810 1555 855 1596 me
879 1537 985 1611 viginti
1006 1539 1116 1608 minas,
1138 1537 1195 1597 itte
1218 1538 1309 1598 hodie
1330 1536 1359 1596 ai
1380 1536 1435 1595 ilia

273 1637 385 1711 potitur
413 1638 536 1696 muliere
565 1633 634 1693 Sive
654 1650 719 1694 earn
747 1642 799 1694 tuo
822 1635 910 1695 hodie
937 1644 1038 1710 gnato,
1060 1642 1094 1694 nt
1119 1635 1287 1709 promissit,
1319 1631 1434 1693 dabit.“

274 1729 472 1796 Menaechrn.
494 1727 543 1809 ΙΙ,
566 1734 595 1804 2,
619 1734 674 1793 21:
703 1730 762 1792 Sea
784 1739 817 1791 to
833 1732 993 1792 coiindme
1007 1747 1060 1792 aere
1075 1731 1268 1807 caliendra,
1290 1733 1432 1806 perieris„

274 1825 372 1894 Mete
396 1826 438 1906 11,
462 1831 491 1907 2,
515 1833 572 1893 35:
596 1829 631 1887 Si
653 1847 774 1906 eanum,
796 1830 841 1890 eei
862 1831 939 1890 istuc
962 1831 1082 1889 rutilum
1104 1830 1165 1890 aiae
1186 1837 1334 1902 ntrumat,
1356 1846 1431 1890 amo.

274 1924 356 1990 und.
379 1922 444 2001 ΙΙΙ,
461 1931 489 2000 2,
511 1931 547 1989 15
570 1943 654 2005 squ:
676 1929 777 2003 Teque
801 1945 855 1988 oro
877 1933 910 1987 et
930 1944 1051 2002 quaero
1073 1928 1100 1987 ei
1122 1945 1227 2002 sperae
1250 1925 1432 1988 tibi—See

273 2025 327 2086 tibi
351 2025 473 2086 contidis
498 2025 561 2085 iore
585 2028 707 2086 multam
729 2026 913 2102 maguderim
935 2027 1010 2088 ceti
1039 2020 1225 2102 sticum,
1251 2027 1338 2101 1,8;
1362 2026 1434 2098 Ere,

271 2123 300 2184 ai
323 2141 377 2198 ego
400 2131 516 2183 taeeem
537 2139 590 2183 aee
611 2126 727 2198 loquar.
758 2121 844 2187 Trin-
866 2124 994 2186 v.183:
1017 2125 1101 2184 Haec
1123 2131 1202 2197 aunt,
1225 2124 1254 2184 ei
1276 2131 1363 2183 reete
1383 2140 1435 2184 aeta

274 2236 416 2297 pervorse
440 2220 520 2280 iacta
542 2229 611 2282 aunt
640 2224 716 2284 cett.
740 2219 834 2286 Truc.
857 2219 913 2296 lv,
937 2225 970 2295 3,
992 2222 1033 2283 58
1055 2235 1101 2298 eq.
1131 2217 1260 2283 Terent.
1283 2218 1385 2283 Andr.
1409 2217 1434 2295 Ι,

274 2319 304 2397 2,
330 2320 382 2382 19;
416 2319 533 2378 Dehinc
556 2319 674 2394 postulo
695 2319 758 2379 aive
778 2326 933 2395 aequomst
954 2326 985 2378 te
1007 2336 1061 2380 oro
1082 2341 1126 2370 =
1147 2315 1293 2396 poemia,
1317 2315 1385 2393 rei,
1407 2315 1434 2379 si

273 2431 410 2494 murrum
434 2421 499 2494 eat,
529 2419 561 2479 te
585 2432 642 2479 oro
670 2413 827 2494 (Vogetm.
851 2414 870 2478 l.
893 2419 940 2490 a),
963 2432 992 2477 v.
1016 2413 1141 2479 Ruhnk.
1166 2421 1203 2491 5,
1227 2418 1265 2478 57
1289 2429 1377 2493 equ:
1401 2415 1435 2474 Si

274 2521 303 2576 te
334 2516 363 2575 in
397 2517 529 2590 germani
564 2514 668 2576 tratrie
702 2516 794 2576 dilexi
827 2519 893 2577 loco
922 2513 991 2576 Sive
1020 2518 1093 2576 haec
1127 2519 1157 2574 te
1188 2515 1284 2576 solum
1316 2530 1434 2590 semper

274 2612 348 2674 iecit
370 2616 497 2673 maxumi
520 2614 579 2674 Seu
607 2614 659 2674 tibi
687 2616 836 2690 morigera
864 2613 920 2673 init
946 2615 976 2673 in
1004 2615 1095 2674 rebus
1125 2613 1281 2680 omnibus,
1317 2614 1360 2672 Te
1383 2614 1432 2673 ieti

275 2714 368 2773 virum
392 2712 441 2772 do.

360 2813 409 2873 61.
456 2810 682 2870 Uoraiuaetionee
710 2810 900 2871 concessivae.
944 2852 962 2878 ,,
970 2811 1040 2871 Etsi
1070 2807 1289 2872 concessivam
1316 2804 1428 2869 format

276 2906 478 2983 sententiam,
502 2922 585 2985 quae
606 2906 655 2968 vel
678 2905 906 2985 praemittitur,
928 2904 978 2969 vel
1000 2904 1105 2969 media
1123 2904 1356 2984 interponitur,
1381 2904 1429 2967 rel

275 3002 424 3067 adiicitur
446 3001 540 3067 altori
563 3002 772 3067 sententiae.“
797 3002 912 3081 (Hand.
937 3001 1071 3066 Tursell.
1094 3001 1137 3080 ΙΙ,
1160 3020 1191 3082 p.
1216 3003 1305 3078 601).
1337 3001 1431 3067 Ennii

274 3100 312 3164 fr.
339 3099 487 3165 Hecubae
510 3105 544 3164 d:
569 3104 651 3162 Haec
667 3109 699 3161 tu
721 3104 775 3162 etei
798 3121 940 3178 perverse
963 3104 1047 3176 dieis,
1071 3102 1159 3163 focile
1184 3104 1317 3163 Achivos
1341 3101 1431 3162 flexe-

274 3200 326 3260 ria.
372 3196 475 3262 l'luut·
501 3196 612 3262 Bacch.
637 3217 664 3261 v.
692 3203 789 3263 1201:
813 3205 876 3274 apa
899 3204 973 3273 iam,
997 3208 1146 3274 mutent,
1170 3201 1254 3261 etsist
1278 3201 1430 3272 dedecori,

274 3300 381 3375 patiar.
426 3295 491 3360 Mil.
516 3297 564 3375 ΙΙ,
587 3306 617 3375 4,
642 3302 695 3361 53;
720 3317 776 3360 non
802 3299 861 3359 vidi
884 3317 962 3366 eam,
984 3300 1038 3359 etei
1060 3300 1127 3359 ridi.
1163 3296 1291 3361 Terent.
1315 3296 1431 3360 Heaut.

275 3392 324 3472 ΙΙ,
347 3399 381 3472 3,
411 3400 451 3459 85
473 3411 537 3474 eq.:
570 3399 680 3457 Harum
709 3397 833 3456 duarum
866 3397 1070 3457 condicionum
1104 3414 1181 3456 nunc
1215 3405 1313 3456 utram
1349 3398 1433 3457 malis

274 3493 349 3570 vide,
372 3495 441 3554 Etsi
463 3497 617 3556 corrsilium
633 3495 711 3569 quod
734 3496 801 3568 cepi
817 3503 930 3555 rectum
953 3512 1020 3556 esse
1044 3504 1074 3555 et
1096 3501 1191 3555 tutum
1215 3495 1289 3556 scio.
1320 3490 1433 3571 Sequi-

274 3594 328 3654 tur
351 3590 379 3653 in
396 3589 547 3670 priumria
565 3590 723 3655 sententia
739 3597 845 3654 torneia.
878 3590 948 3655 Ter.
965 3589 1081 3655 Heaut.
1099 3589 1141 3668 ΙΙ,
1159 3596 1187 3666 t,
1202 3596 1256 3655 13:
1283 3593 1360 3652 Nam
1386 3594 1432 3650 hic

275 3690 387 3766 Clinia,
416 3691 470 3750 etsi
496 3692 521 3751 ia
545 3709 661 3766 quoque
685 3710 803 3751 auarum
826 3707 926 3751 rerum
950 3698 998 3751 eat
1019 3694 1092 3766 agit,
1115 3695 1214 3750 tameo
1237 3693 1329 3750 habet
1352 3693 1432 3750 Beria

274 3796 305 3847 et
331 3788 438 3862 pudice
466 3789 612 3850 eductam.
657 3786 733 3851 Hee.
762 3785 810 3866 ΙΙ,
833 3793 867 3866 2,
902 3794 927 3851 l.
961 3786 1093 3852 Inversa
1126 3795 1291 3852 structura
1328 3786 1433 3850 Plaut.

274 3882 354 3948 litui.
379 3882 415 3957 V,
439 3886 468 3959 2,
491 3889 548 3949 63;
574 3888 648 3945 'l'om
671 3887 732 3963 tiet,
756 3887 811 3947 etei
834 3896 865 3948 tu
886 3889 974 3948 tidem
998 3891 1172 3949 servaveris.
1220 3886 1302 3950 Item
1325 3887 1433 3965 sequi·

274 3986 581 4048 teramnanae.
633 3983 761 4047 Terent.
785 3983 912 4049 Phorm.
935 3983 982 4063 ΙΙ,
1007 3990 1041 4063 3,
1065 3988 1118 4048 6οε
1153 3988 1224 4047 Eat
1253 3989 1326 4047 mihi
1355 3987 1436 4048 iacta

274 4084 427 4156 iniuriam,
461 4100 565 4142 veram
599 4087 696 4144 tanen
723 4087 826 4146 Potina
859 4104 947 4162 quam
981 4087 1043 4146 titia
1074 4094 1173 4146 secter
1202 4095 1256 4145 aut
1284 4105 1374 4161 quam
1405 4095 1433 4147 tc

274 4183 390 4242 audtam
414 4183 488 4243 cett.
513 4176 726 4260 Coniungitur
752 4187 851 4243 iancea
873 4188 906 4246 et
928 4189 988 4243 tam
1017 4182 1049 4245 in
1074 4198 1167 4244 unam
1191 4181 1372 4253 notionem.
1396 4183 1435 4246 de

273 4296 337 4358 qua
361 4296 394 4342 ue
418 4277 488 4342 vide
511 4274 528 4359 ξ
552 4284 603 4343 43.
627 4277 729 4343 Plaut.
756 4278 851 4344 Poen·
876 4278 912 4349 Vt
935 4287 972 4357 4,
997 4286 1053 4346 31:
1084 4284 1149 4343 Non
1181 4300 1217 4343 eo
1240 4301 1342 4344 sumus
1366 4303 1436 4360 pro·

273 4389 381 4454 gnatae
402 4396 521 4454 ponere,
546 4381 663 4441 temetsi
686 4399 786 4441 eumue
809 4399 929 4457 aereae,
952 4400 1047 4442 aoror.

359 4479 408 4541 62.
455 4474 645 4541 Enuneiatio
669 4494 726 4557 per
748 4496 929 4553 pemmonem
952 4477 1036 4544 elata
1058 4477 1134 4542 item
1157 4478 1253 4542 modo
1274 4479 1439 4545 antecedit

274 4590 384 4637 enutio.
411 4574 612 4654 priuatim,
640 4573 733 4638 inodo
764 4577 920 4655 sequitur.
966 4576 1071 4642 Pleut
1101 4576 1218 4642 Pseud.
1245 4574 1278 4657 Ι,
1308 4584 1345 4656 3,
1380 4584 1438 4646 teu
