3125 5075
579 374 683 415 BNUNC.
717 373 982 414 inuuuaoennivau.
1298 383 1358 441 27¹2

202 579 301 643 qnam
324 563 368 628 ibi
391 563 524 628 citerius
548 581 735 644 responsum
759 562 984 642 interpositum
1010 567 1067 626 est.
1099 560 1197 627 Stich.
1215 562 1241 641 Ι,
1258 567 1286 635 2,
1304 567 1361 628 62;

202 679 259 736 nge
291 670 323 724 tu
352 660 460 739 [dicc]:
497 672 594 725 utrast
624 665 757 725 conditio
789 665 924 738 pensior,
961 663 1151 737 virginemne
1178 678 1219 720 on
1246 664 1363 722 viduam

202 759 340 823 habere?
384 764 414 838 3,
437 763 496 825 49:
519 765 701 837 perquirunt
715 793 758 805 -
772 763 887 823 Uxorin
911 761 950 819 sit
971 760 1126 819 reddunda
1141 760 1196 820 dos
1220 762 1363 822 divortio:

200 860 343 920 Alienum
367 876 419 920 nea
442 870 530 935 cogat
551 877 592 918 aa
615 861 732 935 pararit
753 861 917 935 praedium.
949 855 1035 920 Trin.
1058 852 1115 933 IV,
1140 860 1169 935 2,
1196 859 1269 920 143:
1292 858 1365 917 Pro·

194 973 292 1031 puae
313 974 357 1017 on
379 974 440 1016 noa
462 975 590 1032 propere
614 959 697 1017 abire
721 965 854 1018 actutum
877 958 914 1016 eb
931 957 977 1016 his
992 956 1163 1029 regionibus
1179 954 1245 1016 -i
1268 952 1364 1019 Truc.

200 1050 259 1128 lv,
283 1056 313 1132 2,
336 1059 393 1119 41:
415 1056 512 1129 redin,
535 1073 572 1115 nn
597 1073 655 1115 non
678 1056 778 1115 redis?
822 1052 949 1118 Terent.
967 1050 1066 1116 Andr.
1088 1050 1114 1129 1,
1139 1055 1168 1130 2,
1192 1056 1250 1116 30:
1275 1052 1362 1129 Quid,

200 1153 261 1212 hoc
283 1150 477 1214 intellectio?
499 1170 540 1212 on
560 1169 620 1211 noer
642 1154 708 1213 dum
734 1156 824 1214 etiam
848 1171 884 1213 ne
908 1154 964 1213 hoc
987 1149 1128 1227 quidem?
1173 1148 1228 1222 iv.
1254 1155 1283 1227 5,
1310 1154 1363 1214 ll:

202 1250 284 1323 Quid
306 1249 499 1326 Glycerium?
528 1252 586 1311 iam
615 1251 663 1311 hic
687 1269 756 1312 suos
784 1252 918 1327 parantis
940 1249 1091 1323 repperit?
1136 1246 1207 1314 MY.
1230 1251 1361 1311 Utinam.

200 1342 267 1410 CR
291 1348 344 1408 Aa
366 1365 427 1407 non
449 1349 518 1407 dum
540 1344 653 1409 etiam?
695 1346 776 1411 Eun.
801 1346 831 1426 Ι,
858 1352 889 1423 l,
916 1351 929 1409 l
956 1362 1020 1425 sq.:

333 1445 411 1520 Quid
434 1447 524 1520 igiinr
546 1443 761 1507 sociamine»
783 1447 869 1507 eom?
893 1464 930 1506 ne
954 1464 1031 1505 nnnc
1055 1447 1174 1521 quidem

332 1545 586 1617 Quomarceaaor
608 1542 710 1606 uitro?
736 1562 777 1605 cn
796 1547 897 1617 potine
919 1546 962 1603 ita
984 1561 1030 1602 me
1054 1561 1232 1619 comparem.

200 1637 265 1716 111,
286 1645 317 1718 4,
340 1643 377 1703 8:
401 1643 431 1701 Is
454 1658 576 1700 onnon
597 1642 660 1705 eet?
704 1640 760 1719 IV,
784 1646 821 1719 4,
845 1646 899 1705 53:
935 1660 1022 1719 rogas
1044 1673 1088 1685 —
1110 1647 1213 1703 uram
1241 1644 1362 1717 praedi·

199 1755 308 1800 ceurae
329 1756 370 1797 on
393 1739 531 1801 taceam?
576 1738 612 1817 V,
636 1747 668 1818 4,
691 1742 747 1804 46:
777 1741 888 1799 Dicam
916 1742 985 1799 huic
1008 1757 1049 1799 aa
1070 1757 1129 1798 non
1159 1740 1279 1800 dicam?
1327 1738 1363 1808 V,

200 1837 235 1902 6,
262 1838 296 1897 ll
315 1852 376 1914 sq.:
413 1836 513 1910 Quid?
535 1840 644 1899 ilicone
666 1839 790 1898 credere
815 1836 877 1914 [ee]
901 1856 976 1913 qnae
999 1839 1061 1899 dixi
1083 1838 1215 1912 oportuit
1238 1836 1288 1898 ie?
1310 1836 1363 1897 An

200 1935 380 2010 paenitebat
403 1934 507 2009 flagiti.
552 1938 582 2013 8,
609 1939 646 1998 15
677 1950 763 2013 8qu
787 1936 913 1995 liiunrne
935 1940 985 2012 qui
1011 1938 1083 1996 mihi
1106 1937 1189 1996 dedit
1204 1921 1360 1996 consilium

199 2041 233 2092 ut
258 2032 403 2109 iacerem,
426 2050 468 2092 an
490 2051 535 2093 me
558 2036 608 2108 qui
632 2051 720 2094 nasas
744 2034 815 2092 siem
842 2035 989 2110 Incipere,
1013 2051 1054 2094 on
1075 2032 1224 2094 fortunam
1241 2037 1364 2094 conlau-

199 2129 285 2200 dem,
314 2161 355 2172 ·-
390 2129 442 2190 Aa
473 2133 530 2190 mei
564 2134 660 2206 patris
694 2131 886 2191 festivitatem
916 2128 984 2193 -Ι
1029 2129 1143 2194 Heeut.
1174 2128 1208 2207 Ι,
1239 2134 1277 2207 2,
1309 2134 1364 2193 29ε

199 2227 337 2289 Huncine
367 2238 433 2288 erat
461 2245 586 2303 aequom
613 2246 650 2287 ex
677 2229 759 2290 iliius
790 2247 871 2289 more
894 2246 937 2286 on
958 2231 1041 2290 ilium
1069 2246 1107 2288 ex
1130 2230 1216 2290 huius
1240 2224 1362 2289 vivero?

198 2319 324 2402 111‚e,
353 2327 394 2388 34
416 2340 479 2403 em:
514 2328 621 2403 ecquid
650 2329 686 2386 de
714 2327 766 2386 iilo
797 2327 875 2401 qnod
905 2328 1013 2387 dudum
1048 2335 1145 2388 tecum
1184 2329 1232 2401 egi
1264 2328 1362 2403 egisti,

199 2418 300 2498 Syra?
344 2426 405 2483 Ant
431 2428 474 2484 eet
496 2424 550 2484 iibr'
579 2424 657 2500 quod
681 2426 800 2499 placent
831 2442 871 2483 on
897 2442 957 2482 non
986 2420 1190 2485 demetiam?
1236 2421 1362 2486 Phorm.

199 2515 243 2597 II,
270 2522 297 2599 1,
319 2523 376 2584 45:
399 2526 527 2583 metram
548 2524 638 2598 culpa
660 2530 725 2584 ensi
747 2540 789 2582 on
809 2522 943 2583 iudicum
962 2519 1024 2582 -Ι
1068 2527 1097 2600 3,
1122 2524 1180 2585 66:
1206 2522 1275 2583 Iian
1298 2530 1360 2583 ian·

199 2618 269 2679 dem
291 2636 402 2696 quaeso
424 2652 467 2662 —
486 2619 540 2680 An
561 2625 635 2684 cett·
659 2619 696 2698 V,
720 2625 749 2696 9,
767 2624 909 2684 33—35:
933 2628 1035 2682 aetate
1057 2639 1149 2696 porro
1172 2622 1268 2681 minus
1290 2637 1361 2694 pec-

201 2721 339 2778 caturum
370 2723 476 2792 putee
500 2720 566 2778 -i
599 2715 655 2780 Aa
689 2737 754 2780 mea
788 2718 883 2780 forme
916 2751 950 2761 -
976 2737 1054 2780 nnnc
1089 2721 1182 2796 magia
1216 2726 1360 2794 expeten-

199 2814 271 2877 dest
291 2811 356 2874 -Ι
396 2814 473 2879 Heu.
497 2813 544 2897 ΙΙ,
570 2821 604 2893 i,
630 2820 683 2880 12:
713 2819 754 2877 Te
779 2816 941 2877 inmerito?
968 2835 1011 2877 cn
1032 2820 1190 2894 quicquam
1212 2834 1268 2893 pru
1292 2820 1360 2878 istia

197 2910 292 2973 iactis
313 2914 433 2990 dignum
461 2920 492 2974 te
523 2915 583 2974 dici
609 2911 731 2991 potest?
774 2912 830 2988 iv,
857 2920 887 2992 Ι,
910 2919 966 2979 43:
998 2918 1082 2992 Roga
1107 2916 1215 2979 velitne
1236 2932 1279 2976 on
1298 2933 1358 2976 non

195 3027 330 3097 uxorem
374 3008 511 3090 Adelph.
536 3009 579 3090 11,
606 3019 630 3081 1,
654 3016 708 3076 31:
733 3015 821 3088 Egon
842 3015 1045 3077 debacchatus
1069 3034 1132 3076 sum
1156 3022 1255 3076 aurem
1271 3023 1361 3073 anto

194 3111 226 3170 iu
251 3105 324 3169 mc?
368 3105 428 3185 ΙΙΙ,
453 3112 481 3183 2,
507 3113 561 3173 38:
593 3112 781 3172 Patiimnroe
808 3128 849 3170 on
877 3129 1032 3173 narremus
1059 3106 1238 3187 quoipiam?
1265 3109 1307 3174 ib.
1331 3126 1360 3169 v.

198 3208 242 3273 88
264 3222 326 3286 aia:
348 3224 448 3268 aunan
469 3210 520 3269 ea?
544 3209 598 3270 Aa
620 3212 677 3271 hoc
697 3209 908 3285 proferendum
933 3212 988 3270 tibi
1009 3210 1127 3269 oidetar
1148 3205 1295 3283 nagnam?
1330 3211 1360 3283 3,

195 3306 252 3371 283
277 3307 386 3368 Utrum
414 3310 549 3368 studione
578 3311 608 3369 id
632 3311 688 3370 sibi
717 3312 808 3370 habet
830 3326 871 3368 cn
890 3309 973 3369 laudi
1003 3313 1090 3382 putat
1115 3302 1306 3383 Fores-i,
1330 3320 1358 3368 v.

195 3402 313 3470 nome
337 3402 375 3479 V,
399 3408 428 3483 2,
452 3408 470 3468 6
494 3423 555 3485 sep:
579 3409 645 3467 Non
669 3426 786 3467 manum
809 3408 952 3474 abstineo.
974 3403 1131 3482 mastigia?
1153 3401 1206 3463 Aa
1229 3404 1284 3464 ribi
1301 3404 1360 3465 ianr

197 3506 294 3567 maris
316 3505 472 3565 cerebrum
496 3508 664 3582 dispergam
688 3504 759 3566 inici

280 3618 310 3681 g.
355 3599 419 3667 Sed
442 3601 669 3684 distinguenda
691 3609 767 3670 suni
788 3622 827 3669 ee
842 3604 998 3685 exempla,
1020 3603 1183 3684 inquibus
1199 3624 1241 3665 cn
1262 3621 1355 3684 pree-

193 3696 296 3763 nriesn
316 3697 381 3764 alia
407 3699 660 3782 interrogatione
682 3703 865 3784 anaphoras
886 3702 1028 3769 inservit„
1060 3702 1130 3768 Hoc
1151 3701 1235 3767 enim
1260 3702 1353 3767 ruodo

193 3794 279 3861 duae
302 3814 356 3862 ree
377 3797 519 3881 disiungi
540 3809 684 3879 possunt,
707 3819 791 3883 qnae
812 3820 876 3865 nou
901 3801 962 3866 sibi
984 3801 1170 3866 contrariae
1193 3806 1276 3866 sunt.
1309 3799 1363 3866 Sic

190 3892 684 3978 Pinna.nsin.111‚1‚4sq.:
719 3904 862 3963 Hocinest
884 3904 1028 3976 pietat-em
1057 3903 1173 3996 colgre,
1209 3901 1358 3975 inparium

190 3996 297 4055 matris
326 3993 482 4057 minuere?
526 3997 579 4058 Aa
611 4000 782 4061 decorumst
817 4002 970 4060 advorsari
999 4002 1074 4062 meis
1104 4007 1134 4061 te
1161 3993 1358 4075 praeceptis?

188 4088 254 4155 iiii.
281 4089 329 4167 ΙΙ,
351 4095 389 4170 6,
416 4097 551 4173 liena:

363 4290 552 4367 Expurigare
576 4297 643 4355 vnio
658 4313 714 4355 me.
762 4291 824 4356 PE.
848 4296 914 4355 Tun
935 4302 966 4355 te
989 4297 1185 4372 expurigce„

362 4388 418 4460 Qui
442 4389 557 4450 inciens
583 4399 696 4455 tantum
721 4401 840 4468 umque
862 4393 1014 4470 indignum
1037 4393 1167 4457 iecoris?
