3125 5075
228 555 268 612 98
655 543 810 583 SUBSTANT.
835 543 898 583 CAP.
913 541 953 580 ΙΙΙ.

223 724 250 793 Ι,
277 719 323 794 l):
355 721 475 795 Optime
497 738 563 779 cum
580 722 717 793 pulchris
741 721 850 779 animis
874 720 1008 779 Romana
1036 715 1181 774 inventus.
1228 707 1339 774 Annal

219 817 259 895 X,
282 814 319 880 fr.
346 822 380 895 ὃ,
402 836 430 879 v.
455 821 530 880 342:
566 820 621 879 Ille
649 822 694 878 vir
719 820 792 878 haut
819 833 930 890 mopsus
952 831 1019 874 cum
1039 832 1072 874 re
1099 817 1146 871 set
1172 810 1281 884 plenus
1304 807 1339 868 fid

219 913 324 979 Plaut.
349 912 448 978 Mero.
472 914 497 993 1,
527 920 555 991 2,
580 919 634 979 33:
671 919 772 991 Apage
797 913 963 976 istiusmodi
987 914 1127 983 sulutem,
1161 930 1227 971 cum
1251 911 1339 971 erucii

221 1032 295 1090 quae
318 1015 451 1073 udvenit.
491 1011 576 1075 Trin.
592 1011 647 1089 IV,
664 1018 693 1091 4,
709 1019 746 1076 4;
769 1014 866 1075 Probo
889 1018 920 1071 et
942 1010 1024 1070 fideli
1047 1017 1078 1068 et
1100 1007 1159 1068 fido
1182 1017 1213 1069 et
1235 1027 1339 1069 cums

221 1130 282 1186 pua
304 1112 368 1184 fide.
414 1110 500 1173 Asin.
525 1109 550 1187 Ι,
575 1115 603 1189 2,
625 1116 659 1173 4:
682 1115 760 1172 mulo
784 1128 849 1170 cum
874 1118 933 1170 tno.
978 1102 1206 1186 Epid.111,4,
1231 1110 1286 1170 79;
1311 1108 1339 1167 F

221 1211 294 1284 pitin
316 1228 382 1269 cum
403 1211 514 1268 miore
535 1219 604 1285 post
624 1209 733 1270 reddes
756 1217 864 1268 tumen.
911 1203 1001 1286 Cept.
1024 1203 1078 1282 IV,
1103 1209 1132 1282 2,
1155 1206 1212 1266 22:
1237 1205 1316 1279 Quin
1338 1209 1339 1214 ’

221 1310 308 1368 homo
333 1315 448 1367 tautum
472 1310 620 1383 incipissit
642 1306 743 1367 ducere
766 1325 833 1366 cum
855 1307 946 1366 tontis
968 1305 1079 1363 minis?
1124 1300 1239 1366 Bacch.
1264 1299 1326 1380 III,

221 1410 256 1468 4:
289 1407 333 1464 Ne
357 1406 410 1464 ills
442 1407 509 1463 illut
531 1406 633 1465 hercle
656 1423 721 1464 cum
743 1406 822 1463 malo
845 1403 917 1463 fecit
939 1420 1000 1462 suco.
1047 1397 1160 1478 Amph.
1185 1416 1213 1461 u.
1239 1404 1339 1463 2448

222 1505 259 1564 eb
282 1504 408 1563 dextere
432 1521 571 1562 moenum
596 1501 670 1562 Cum
691 1503 817 1563 eminere
842 1505 982 1562 involant.
1013 1495 1128 1562 Pseud.
1146 1496 1171 1575 Ι,
1189 1501 1217 1576 3,
1235 1501 1290 1559 76:
1313 1517 1339 1559 m

224 1601 341 1676 quidem
367 1600 504 1676 profecto
527 1601 679 1660 camisiis
700 1600 787 1658 dictis
811 1606 964 1660 mortnost..
1010 1596 1104 1660 Most.
1128 1593 1170 1670 Π,
1204 1601 1230 1672 Ι,
1263 1599 1320 1657 77:

223 1699 318 1774 fugiat
340 1717 407 1758 cum
429 1715 541 1757 susnmo
564 1702 651 1758 metu.
686 1695 745 1773 III,
764 1702 791 1772 l,
812 1700 884 1760 129:
907 1698 1027 1756 Nullum
1053 1696 1158 1769 edepol
1182 1694 1271 1753 hodie
1295 1712 1339 1770 gei

225 1805 272 1858 est
300 1797 426 1856 taetrius
451 1797 516 1854 Nec
544 1798 641 1857 minus
663 1798 737 1856 bono
759 1797 927 1862 comitere,
958 1811 1044 1870 quam
1067 1793 1253 1853 dunistieum.
1299 1788 1339 1855 Pe

226 1912 252 1955 v.
271 1896 348 1958 396:
374 1894 445 1954 Cum
474 1894 530 1952 linc
552 1893 616 1952 dote
638 1896 751 1968 poteris
776 1895 821 1953 vel
845 1893 981 1952 mendico
1004 1892 1125 1950 nubere.
1172 1886 1287 1951 Caecil.
1305 1885 1339 1952 St

225 1991 469 2072 llarpazonene
501 1986 538 2052 fr.
562 1994 597 2052 4:
622 1991 698 2063 Quid
715 2010 831 2065 neriae,
854 1992 981 2050 barbare
1003 1988 1153 2048 indomitis
1168 2006 1234 2046 cum
1248 1988 1339 2047 morel

226 2092 396 2152 Inlitterute
425 2087 527 2147 inlex?
571 2085 635 2151 luc.
656 2086 721 2152 fab.
745 2086 782 2151 fr.
808 2093 862 2151 21:
888 2088 1052 2147 Advehitur
1074 2103 1140 2144 cum
1161 2085 1257 2158 iiipnu
1278 2101 1339 2144 coru

230 2196 260 2249 et
283 2186 443 2260 chlamyde.
490 2182 617 2247 Terent.
632 2184 763 2265 Adelph.
777 2184 832 2263 IV,
854 2192 879 2263 l,
897 2188 929 2247 3:
954 2184 1038 2259 Quod
1053 2200 1119 2242 cum
1132 2183 1228 2242 salute
1243 2181 1339 2244 eiusfi

230 2283 328 2348 Andr.
352 2282 390 2359 V,
415 2289 444 2355 4,
469 2285 525 2346 38;
560 2258 673 2358 Dignius
696 2303 728 2345 es
753 2286 828 2345 Cum
848 2288 902 2345 tuo
923 2284 1077 2356 reiipioue,
1105 2281 1212 2342 odium.
1258 2276 1339 2342 Phol

227 2381 286 2458 Ill,
314 2388 340 2457 l,
365 2386 398 2444 l:
432 2383 519 2441 Enim
548 2399 632 2452 vero,
662 2384 811 2458 Antipho,
842 2382 1023 2443 multimodis
1050 2398 1116 2439 cum
1137 2379 1209 2439 istoc
1231 2378 1332 2437 animo

229 2481 451 2556 vituperandus,
476 2496 557 2557 quiae
572 2476 675 2543 Rudd.
692 2475 734 2557 ΙΙ,
754 2496 786 2558 p.
811 2482 872 2543 266
895 2478 1001 2542 adnot.
1027 2481 1065 2542 15
1089 2473 1239 2556 explicat:
1263 2472 1325 2554 qui

229 2577 292 2642 lem
317 2575 512 2657 religionem,
537 2575 632 2641 telem
657 2578 795 2640 animum
818 2577 926 2642 hebes.

315 2675 343 2737 d.
381 2677 455 2735 dum
479 2673 626 2752 exprimit
653 2676 917 2739 consociationem
941 2680 974 2739 et
996 2672 1248 2737 communionem
1279 2668 1339 2736 tule

230 2790 310 2852 quse
345 2789 407 2835 non
430 2767 564 2833 multum
588 2770 671 2835 absit
693 2771 733 2836 ab
758 2772 979 2850 instrumento,
1003 2788 1066 2851 quo
1089 2769 1231 2835 adhibito
1255 2786 1310 2834 res
1331 2785 1339 2831 u

231 2888 296 2949 qua
318 2866 384 2932 fiat.
432 2869 512 2934 cato
534 2866 571 2931 R.
595 2868 632 2932 R.
658 2886 683 2931 c.
709 2874 765 2932 77:
801 2890 866 2931 cum
888 2873 972 2930 melle
994 2873 1128 2930 oblinito.
1172 2866 1205 2931 Ο.
1232 2871 1285 2931 10:
1319 2869 1339 2928 n

230 2986 296 3027 cum
318 2968 390 3027 eris
413 2974 520 3028 ornatu
542 2969 595 3028 ΙΙΙ.
640 2965 732 3029 Ennii
755 2966 859 3031 annal.
881 2965 919 3031 fr.
937 2971 978 3031 69
1002 2967 1142 3031 incertae
1166 2965 1261 3044 sedis,
1283 2969 1339 3029 ni

232 3076 293 3144 lap.
317 3063 405 3127 Serv.
433 3062 472 3124 ad
503 3063 589 3144 Virg.
619 3063 736 3146 Georg.
761 3064 802 3142 ΙΙ,
830 3084 859 3128 v.
887 3068 976 3142 424):
1015 3066 1127 3127 Effudit.
1155 3082 1244 3126 voces
1263 3081 1339 3139 prop

230 3167 431 3235 conspectore
454 3172 566 3224 saneto.
612 3160 657 3225 lb.
681 3160 700 3226 l.
725 3161 779 3240 vl,
801 3160 839 3226 fr.
865 3168 893 3241 2,
916 3182 944 3226 v.
971 3169 1045 3228 179:

338 3261 410 3318 Tum
433 3277 499 3319 cuim
520 3262 606 3321 corde
628 3279 681 3322 suo
705 3263 801 3322 divum
824 3271 912 3337 pater
934 3271 1022 3339 utque
1046 3264 1195 3323 hominum
1221 3279 1276 3321 rex

338 3358 464 3417 Edatur.

231 3454 334 3518 Plani.
349 3452 441 3517 Most.
455 3453 515 3532 ΙΙΙ,
527 3462 555 3532 2,
572 3461 624 3519 13:
651 3459 742 3530 Quum
767 3460 860 3533 magis
883 3461 982 3534 cogito
1004 3474 1070 3517 cum
1092 3475 1154 3515 meo
1177 3456 1285 3515 anicio.
1318 3452 1339 3516 A

232 3552 285 3630 lv,
310 3558 338 3628 9,
363 3558 397 3617 3;
436 3555 571 3629 equidem
596 3574 652 3630 quo
675 3575 756 3628 eam,
780 3564 832 3615 unt
855 3556 904 3614 ubi
928 3557 992 3627 sim,
1016 3563 1066 3615 eut
1090 3557 1139 3631 qui
1165 3557 1236 3626 sim,
1264 3553 1340 3626 Neqt

230 3671 297 3712 cum
320 3653 419 3710 animo
442 3661 555 3711 centnm
579 3654 768 3728 investigare.
815 3649 896 3714 Men.
920 3650 975 3731 IV,
1002 3657 1028 3725 Ι,
1055 3655 1106 3715 10:
1139 3653 1209 3729 quid
1231 3668 1286 3727 ego
1311 3667 1339 3707 ni

232 3768 298 3810 cum
320 3751 387 3808 illoc
409 3750 515 3824 egum?
559 3747 686 3811 Tenent.
713 3746 844 3827 Adelph.
864 3748 920 3828 ΙΙΙ,
943 3755 974 3827 l,
995 3755 1050 3814 55:
1075 3753 1130 3813 hoc
1154 3762 1185 3809 tu
1209 3748 1339 3808 facitoc

230 3850 330 3907 nnineo
353 3849 475 3921 cogites.

317 3962 343 4006 e.
379 3945 452 4004 Cum
480 3941 607 4005 additur
635 3942 731 4005 etiem
760 3943 914 4022 temporis
942 3944 1123 4010 notionibus
1155 3945 1201 4008 ita
1234 3946 1271 4006 ut
1298 3957 1339 4005 uo

233 4047 302 4106 rute
333 4040 531 4121 exprimatur
561 4038 592 4102 id
620 4039 723 4119 ipsum
756 4049 882 4121 teinpus
904 4042 1048 4123 adeoque
1075 4041 1228 4123 temporis
1250 4057 1339 4104 mom

235 4148 311 4218 tum,
335 4156 397 4218 quo
421 4138 580 4202 incidente
604 4139 687 4202 uctio
709 4138 815 4219 ulique
837 4137 900 4213 fiet.
938 4139 1042 4206 Plani.
1060 4139 1174 4221 Amph.
1193 4138 1233 4217 ΙΙ,
1259 4143 1287 4216 2,
1314 4141 1339 4200 1ἶ

232 4256 327 4314 egone
355 4257 409 4313 eps
437 4245 466 4296 te
496 4239 555 4297 abii
583 4239 651 4298 hinc
682 4240 768 4299 hodie
800 4258 866 4300 cum
893 4240 1044 4300 diluculo?
1088 4237 1184 4303 Merc.
1209 4236 1251 4314 ΙΙ,
1283 4238 1311 4314 l,
1336 4242 1339 4295 :

231 4338 279 4397 Ad
302 4345 419 4411 portum
443 4335 511 4394 hinc
534 4336 593 4395 abii
620 4354 705 4396 mune
729 4355 794 4396 cum
817 4339 877 4398 luci
899 4338 1048 4413 semul.‘¹)
1094 4336 1190 4403 Stich.
1213 4333 1257 4414 ΙΙ,
1280 4337 1311 4411 2,
1333 4361 1339 4395 4

311 4545 347 4610 ¹¹)
366 4563 390 4598 s.
412 4543 526 4599 Ritschl.
546 4543 630 4613 praei.
650 4545 677 4598 iu
697 4545 769 4600 Triu.
788 4565 815 4617 p.
835 4550 877 4602 97.
