3125 5075
217 341 279 400 310
665 332 821 373 suasvanr.
836 333 899 373 cae.
914 332 954 372 ur.

216 507 386 569 nlanufesto
408 506 462 579 for
484 525 513 569 es
534 510 623 585 mihi,
646 507 676 572 h.
700 525 728 572 e.
751 524 824 571 mea
846 504 1021 582 sententia,
1050 504 1277 587 meoiudicio,
1306 506 1368 572 nisi

216 602 323 685 potius
345 602 471 669 dativus
492 604 682 671 incommodi
704 610 762 683 est,
787 618 882 689 pagan
904 599 987 683 mid).
1032 600 1185 668 Similiter
1205 602 1303 670 Poen.
1327 603 1367 684 V,

213 706 244 780 4,
267 705 326 765 58:
372 703 453 764 fures
477 704 550 765 estis
572 707 685 767 ambae.
708 702 776 768 AD.
799 706 900 765 Nosne
924 701 1001 763 tibi?
1045 699 1117 765 Aul
1155 700 1211 783 IV,
1236 707 1286 783 10,
1309 708 1367 771 38:

213 802 343 862 Tametsi
365 798 415 862 fur
436 802 507 862 mihi
529 820 572 882 es,
594 806 737 866 molestus
760 821 819 863 non
842 820 894 863 ero
917 799 985 861 furi.

297 894 402 963 Plaut.
424 897 520 965 Poen.
542 898 581 979 V,
604 905 633 979 2,
660 905 732 964 117:
755 902 868 961 lterum
889 899 964 958 mihi
984 906 1092 975 gnatus
1114 900 1226 962 videor.
1273 898 1366 980 Capt.

213 994 269 1075 IV,
293 1000 322 1075 2,
345 998 400 1060 86:
444 1000 585 1060 Essurire
613 999 686 1058 mihi
711 999 823 1060 videre.
869 994 998 1060 Terent.
1029 994 1128 1061 Andr.
1171 995 1231 1076 ΠΙ,
1256 1001 1286 1077 3,
1309 1003 1365 1063 31:

213 1096 279 1156 Tibi
300 1096 344 1155 ita
366 1096 422 1156 hoc
444 1097 571 1159 videtur.
598 1094 692 1160 Ennii
713 1092 922 1173 Cresphontis
943 1090 980 1155 fr.
1005 1096 1038 1156 8:
1062 1097 1138 1156 Mihi
1160 1097 1254 1158 licuit.
1278 1095 1367 1177 Iphi·

210 1190 323 1273 genine
348 1188 386 1254 ir.
417 1197 468 1256 ll:
512 1196 585 1256 licet
616 1198 782 1255 lacrumare
809 1191 905 1271 plebi,
935 1194 999 1267 rapi
1027 1193 1151 1255 honeste
1188 1213 1247 1256 non
1283 1198 1364 1257 licet.

214 1287 317 1353 Plaut.
341 1288 437 1354 Poen.
475 1289 500 1367 Ι,
525 1295 554 1369 3,
577 1295 611 1357 3;
655 1292 721 1353 Tibi
743 1291 861 1367 quidem
883 1292 986 1352 hercle
1008 1292 1138 1352 vendere
1165 1294 1256 1354 hasce
1280 1295 1364 1357 aedis

213 1392 296 1450 licet
321 1387 414 1470 Epid.
437 1386 497 1469 111,
522 1394 550 1469 1,
574 1393 608 1455 3:
636 1392 694 1451 Per
716 1391 799 1451 illam
822 1390 876 1449 tihi
899 1390 1014 1464 copiam
1037 1392 1152 1467 copiam
1174 1392 1230 1453 tibi
1251 1393 1363 1455 Parare

214 1488 302 1550 eham
325 1490 408 1550 licet.
452 1484 544 1568 Gapt.
582 1486 642 1565 ΙΙΙ,
668 1491 696 1567 l,
719 1492 759 1552 9:
804 1488 892 1548 Ilicet
913 1487 1093 1562 parasiticae
1116 1489 1174 1549 arti
1196 1507 1363 1553 maxumam

215 1583 273 1662 [in]
295 1589 403 1648 mnam
425 1603 553 1663 crucem,
576 1583 608 1650 h.
632 1601 660 1650 e.
682 1584 728 1649 ire
751 1583 837 1648 licet.
882 1582 1009 1647 Terent.
1032 1582 1150 1648 Heaut.
1174 1582 1230 1663 IV,
1253 1590 1284 1664 5,
1303 1594 1361 1653 49:

213 1683 296 1745 Aliis
318 1685 345 1745 si
366 1686 446 1758 licet,
469 1684 524 1744 tihi
545 1701 602 1744 non
626 1685 698 1747 licet.
742 1680 872 1761 Duplex
898 1679 1024 1744 dativus
1045 1678 1149 1745 Plaut.
1177 1681 1270 1763 Epid.
1302 1683 1362 1765 Ill,

212 1785 242 1860 2,
267 1784 301 1845 2:
324 1784 382 1843 Per
404 1784 481 1843 hanc
504 1800 605 1843 curam
628 1784 728 1857 quieto
750 1782 805 1841 tibi
827 1781 900 1840 licet
922 1797 998 1842 esse.
1043 1776 1140 1843 Stich.
1169 1779 1225 1860 lv,
1249 1787 1280 1862 2,
1305 1789 1361 1848 31:

208 1882 265 1942 Per
302 1882 379 1941 hano
419 1881 474 1941 tibi
507 1896 610 1940 canam
651 1882 807 1953 incenato,
845 1878 1013 1956 Gelasime,
1049 1896 1116 1939 csse
1150 1881 1238 1942 hodie
1277 1884 1359 1943 licet.

209 1975 323 2042 Bacch.
347 1975 402 2056 lv,
425 1982 455 2055 4,
480 1981 535 2041 53:
586 1979 664 2053 Quid
686 1978 758 2038 mihi
780 1975 875 2036 refert
898 1974 1043 2037 Chrusalo
1065 1994 1132 2038 csse
1154 1996 1280 2055 nomen,
1303 1984 1361 2042 nisi

208 2078 297 2137 factis
318 2076 437 2151 probo?
478 2074 568 2139 Asin.
589 2073 669 2155 prol.
693 2091 721 2136 v.
741 2077 794 2137 10:
831 2075 900 2133 huic
922 2079 970 2133 est
991 2091 1097 2133 nomen
1117 2076 1233 2138 Graece
1258 2081 1360 2153 Onago

210 2175 338 2235 fabulae.
382 2171 465 2236 Rnd.
488 2170 621 2253 proin.
645 2177 679 2236 5:
704 2190 811 2234 nomen
833 2173 995 2231 Arcturost
1015 2173 1096 2231 mihi.
1141 2172 1256 2253 Amph.
1280 2175 1359 2254 proh

208 2289 235 2334 v.
260 2275 314 2335 19:
336 2290 443 2333 nomen
467 2273 649 2333 Mercuriost
670 2272 751 2331 mihi.
775 2266 861 2330 Men.
877 2265 915 2346 V,
938 2270 968 2346 9,
985 2272 1018 2332 9;
1040 2270 1143 2331 mihist
1164 2274 1360 2336 Menaechmo

204 2388 322 2432 nomen.
350 2366 454 2433 ΜΕΝ.
476 2367 519 2432 Il.
564 2371 656 2430 Immo
679 2368 787 2443 edepol
808 2367 890 2429 mihi.
914 2363 1042 2430 Terent.
1065 2365 1141 2432 Hec.
1164 2369 1246 2449 prol.
1271 2389 1299 2434 v.
1327 2378 1358 2435 l:

206 2470 344 2546 Hecyrae
366 2470 453 2530 hnioo
476 2485 582 2529 nomen
604 2467 762 2527 labalaest.

290 2564 370 2630 Cato
392 2563 431 2631 R.
454 2565 491 2630 R.
515 2584 540 2630 c.
566 2569 620 2629 14:
651 2567 723 2626 borao
745 2565 861 2624 domiuo
883 2583 955 2640 pars
977 2574 1084 2640 quarta
1104 2571 1201 2643 precii
1222 2575 1358 2648 accedat,

209 2662 263 2729 ubi
285 2661 512 2729 Schneiderua:
537 2662 629 2742 „Non
651 2660 776 2725 domino
800 2661 931 2740 accedit,
954 2662 1010 2726 sed
1026 2681 1045 2726 a
1060 2661 1186 2729 domino
1209 2668 1360 2734 adiicitur

209 2780 284 2842 pars
303 2766 419 2841 quarta
440 2759 545 2841 pretii.
568 2759 674 2841 Igitur
695 2759 965 2840 praepositionem
989 2760 1144 2827 excidisse
1161 2765 1273 2844 puto.“
1296 2765 1359 2831 Sed

207 2878 271 2925 non
293 2877 374 2941 opus
397 2864 447 2924 est
471 2857 740 2940 praepositionem
767 2857 877 2938 adiici,
903 2876 977 2922 nam
1005 2858 1132 2927 dativus
1159 2863 1284 2942 positus
1308 2870 1359 2930 est

209 2958 321 3024 eodem
342 2956 436 3022 modo
460 2974 522 3036 quo
550 2955 738 3022 coniunctus
765 2975 837 3021 cum
864 2956 960 3022 verbo
983 2958 1127 3039 passivo,
1161 2979 1220 3042 pro
1243 2982 1264 3023 a
1286 2981 1359 3028 cum

204 3056 270 3122 abl.
293 3055 469 3123 coniuncto.
513 3052 547 3119 C.
568 3059 601 3120 5:
635 3063 669 3116 ut
691 3057 758 3117 aliis
783 3063 866 3117 recte
890 3056 992 3118 iacere
1014 3059 1114 3119 libeat.
1142 3058 1249 3126 Plaut.
1271 3062 1351 3127 Asin

204 3154 233 3237 Ι,
258 3160 285 3236 1,
309 3159 364 3221 97:
400 3157 460 3218 Ubi
480 3156 562 3217 eris?
608 3151 661 3217 LI.
700 3155 906 3230 Ubiquomqae
930 3156 1056 3215 lubitum
1078 3160 1136 3218 erit
1158 3162 1258 3223 animo
1280 3180 1356 3224 meo.

206 3252 281 3320 Gist
306 3252 333 3332 Ι,
358 3258 386 3332 l,
412 3257 486 3318 118:
511 3256 635 3328 Quando
658 3255 702 3314 ita
723 3253 779 3313 tihi
801 3253 893 3314 lubet.
929 3253 990 3333 (Ap
1013 3272 1033 3318 a
1056 3272 1118 3320 sec.
1141 3275 1237 3323 manu
1260 3257 1359 3323 habet

201 3355 288 3430 labec,
305 3355 401 3417 antea
414 3354 505 3416 iavet.
525 3348 577 3433 (ig
587 3354 688 3429 iuvet).
712 3347 860 3431 Aquilius
876 3348 1011 3415 Boeotia
1023 3349 1061 3416 fr.
1081 3358 1107 3432 l,
1124 3371 1152 3419 v.
1167 3361 1201 3419 7:
1224 3360 1284 3419 nisi
1298 3359 1355 3419 sols·

204 3458 266 3523 (nec
289 3444 416 3523 &antici
442 3454 535 3514 lubet.
558 3450 653 3515 Ennii
674 3447 778 3513 annal.
801 3446 821 3511 l.
845 3446 870 3526 Ι,
893 3446 932 3510 fr.
958 3453 1006 3527 12,
1030 3469 1059 3513 v.
1080 3456 1131 3514 11:
1154 3462 1185 3514 et
1200 3463 1271 3530 post
1285 3457 1355 3516 inde

201 3551 284 3610 venit
306 3551 446 3612 divinitus
469 3552 564 3626 pallis
590 3551 661 3624 Ipsa
683 3548 787 3607 anima.
833 3544 1056 3611 Andromacha
1078 3549 1294 3616 Acchmalotis
1317 3551 1355 3618 ir.

204 3649 233 3726 9,
256 3663 284 3710 v.
300 3650 376 3710 115:
400 3648 456 3709 Cui
478 3666 532 3709 nec
555 3665 626 3708 arae
649 3646 765 3721 patriae
789 3644 867 3704 domi
891 3652 981 3705 stant.
1004 3646 1119 3711 Annal.
1143 3647 1162 3712 l.
1186 3647 1213 3728 Ι,
1240 3647 1279 3714 fr.
1304 3657 1356 3730 57,

201 3762 230 3808 v.
253 3748 309 3808 86:
354 3746 495 3808 Omnibus
518 3764 590 3808 cura
611 3746 685 3805 airis
707 3750 775 3802 uter
802 3748 884 3802 esset
910 3745 1114 3821 induperator.
1160 3746 1294 3829 Telephi
1317 3747 1355 3813 fr.

200 3848 236 3906 4:
267 3846 369 3904 Palam
393 3846 500 3905 mutire
517 3845 631 3920 plebeio
654 3843 806 3918 piaculum
828 3847 882 3900 ost.
925 3838 1073 3922 Thyestis
1096 3841 1135 3910 fr.
1160 3853 1194 3924 5,
1223 3865 1252 3911 vr.
1277 3854 1355 3913 394:

201 3946 253 4020 pol
273 3943 346 4003 mihi
368 3941 489 4004 fortuna
510 3946 604 4020 magis
626 3959 705 4002 nunc
727 3938 800 3999 defit
823 3957 909 4013 quam
930 3959 1032 4016 genus.
1065 3942 1212 4026 Thyestis
1233 3943 1273 4008 fr.
1301 3951 1356 4012 13:

198 4060 286 4117 quam
317 4042 390 4102 mihi
418 4043 574 4102 maximnm
601 4043 689 4102 hodie
718 4042 767 4102 hio
795 4039 955 4113 contigerit
977 4045 1095 4106 malum.
1139 4041 1353 4124 stagnare.

198 4128 281 4219 trag.
298 4142 352 4203 20:
376 4157 393 4200 e
412 4157 465 4215 spe
478 4141 595 4215 quidem
610 4142 641 4201 id
657 4146 804 4205 successit
821 4146 883 4204 tibi.
908 4140 1003 4206 Ennii
1019 4141 1203 4222 epigramm.
1220 4146 1250 4222 3,
1265 4160 1294 4207 v.
1316 4149 1354 4209 9:

369 4238 468 4300 Silas
491 4239 568 4299 endo
586 4241 691 4315 plagas
714 4244 877 4303 caelestum
902 4243 1064 4304 ascendere
1085 4242 1224 4315 achsam
1246 4251 1303 4319 est,

372 4340 416 4398 Mi
439 4339 496 4398 soli
517 4340 594 4399 caeli
616 4340 744 4400 maxima
765 4349 854 4416 porta
874 4349 968 4417 patet.
