3125 5075
511 380 550 419 on
566 379 702 424 rioms-
717 365 941 422 coniunctione.
1248 390 1307 451 137

228 570 280 631 30.
324 566 363 633 In
384 572 518 632 renunc
539 571 812 647 monumentum,
835 569 862 633 si
884 568 972 634 nulla
994 570 1059 634 alia
1080 586 1179 635 causa
1199 570 1306 651 poscit

141 663 400 745 coniunctium,
432 666 500 731 sire
523 666 550 732 is
572 674 624 731 est
646 666 845 747 potentialis,
880 667 946 733 sive
970 666 1211 743 conditionalis,
1238 667 1305 733 sine

141 759 388 843 imperatorius,
425 764 492 829 sive
525 783 564 829 er
594 764 739 828 oratione
774 763 905 846 obliqua
933 769 1048 845 aptus,
1079 764 1302 830 coniunctivus

140 858 273 938 ponitur
295 865 352 925 aut
371 861 404 925 in
426 857 513 925 finali
536 862 772 941 cumulatione,
803 870 839 927 ut
862 862 1026 928 consilium
1050 863 1224 942 exprimat,
1247 865 1306 927 aut

140 956 173 1021 in
196 958 411 1040 consecutiva,
433 964 491 1023 ant
512 960 544 1023 in
560 958 691 1033 causali,
714 966 770 1024 aut
787 959 819 1024 in
836 961 1027 1026 concessiva.
1058 960 1180 1040 Negari
1195 966 1304 1025 tamen

141 1073 204 1120 non
227 1061 346 1137 potest,
369 1057 528 1122 internium
551 1056 668 1121 limites
684 1063 780 1137 atque
796 1055 884 1138 fines,
908 1075 1012 1138 neque
1027 1058 1082 1139 qui
1096 1057 1299 1122 intercedunt

140 1151 366 1220 interiinalem
383 1166 416 1220 et
431 1155 666 1221 consecutivam
682 1172 787 1234 neque
811 1156 864 1235 qui
886 1156 972 1220 inter
994 1154 1156 1222 causalem
1171 1162 1204 1221 et
1228 1172 1301 1219 con·

139 1253 297 1327 censivam
319 1253 582 1330 enunciationem,
606 1270 699 1332 posse
722 1258 789 1317 tam
804 1258 952 1319 accurate
976 1253 1202 1332 circumscribi,
1224 1253 1302 1333 quin

138 1366 364 1431 nonnunquam
385 1351 517 1420 dubium
540 1350 582 1414 sit
604 1351 644 1414 ad
660 1358 764 1414 utram
780 1351 915 1430 quisque
931 1350 1022 1417 locus
1038 1352 1080 1417 sit
1100 1350 1297 1416 referendus.

225 1451 258 1524 a)
304 1451 514 1511 Coniunctiona
529 1450 564 1509 dc
578 1451 699 1509 cornilio
710 1447 1019 1527 nominenominee
1032 1451 1155 1523 rimulis).
1190 1448 1303 1513 Naevii

139 1543 325 1623 Triphallus
354 1566 382 1610 v.
415 1551 472 1611 98:
503 1549 662 1623 Extemplo
693 1557 722 1608 te
754 1551 807 1610 ilio
838 1549 951 1623 ducam,
985 1550 1037 1608 nbi
1072 1569 1129 1610 non
1161 1547 1300 1622 despuas.

138 1640 252 1706 Marcii
274 1644 357 1709 vatis
381 1639 508 1709 carmen
531 1641 669 1708 alterum
693 1644 819 1725 OEgger.
842 1663 873 1724 p.
913 1644 1005 1720 lll):
1040 1649 1173 1722 apollini
1189 1665 1301 1708 conseo

139 1742 289 1803 vovendos
319 1744 416 1816 ludos,
447 1742 499 1815 qm·
529 1745 686 1817 quotannis
716 1748 912 1805 communiter
946 1746 1031 1817 fiunt.
1076 1744 1166 1808 Cato
1193 1745 1230 1807 R.
1262 1743 1300 1808 R.

138 1856 163 1902 c.
188 1840 223 1901 ὅτ
252 1843 333 1904 unde
363 1842 503 1916 asparagi
528 1841 612 1911 fiant.
647 1838 701 1904 Ib:
731 1843 859 1903 Salicem
892 1844 1036 1904 Graecam
1071 1846 1181 1904 circum
1211 1862 1300 1904 arnn-

135 1948 270 2006 dinatum
294 1942 396 2016 serito,
419 1940 462 1999 uti
486 1941 544 1999 siet
566 1941 617 2011 qai
639 1942 756 2000 vineam
780 1942 892 2014 anemos.
917 1937 950 2003 C.
981 1942 1140 2004 10:d01ia
1171 1959 1228 2015 qno
1258 1943 1300 2001 ri·

138 2057 248 2105 naceos
271 2037 386 2099 condat.
424 2029 466 2098 Ὀ.
494 2039 545 2097 ll:
576 2037 657 2096 dolia
685 2039 737 2096 nbi
766 2041 908 2100 vinaceos
935 2040 1049 2101 condat.
1101 2036 1135 2102 C.
1168 2043 1221 2101 ta:
1248 2040 1301 2100 uhi

137 2143 224 2219 prela
251 2138 311 2199 sita
337 2136 421 2195 sient.
452 2130 504 2196 lb:
533 2133 697 2195 confibulas
726 2138 854 2211 ligneas,
883 2139 935 2209 qui
970 2139 1094 2199 arbores
1122 2139 1297 2210 conprimat.

137 2238 171 2304 C.
206 2240 261 2302 13:
291 2237 401 2296 lectum
431 2240 566 2303 atratum,
596 2233 647 2290 nbi
673 2232 731 2293 duo
754 2235 894 2295 custodes
909 2235 998 2294 liberi
1021 2237 1133 2295 ament.
1180 2234 1212 2295 0.
1238 2239 1298 2297 59:

134 2335 215 2398 aa&
240 2340 384 2396 centones
407 2332 492 2406 fiant,
516 2355 558 2376 =
582 2334 617 2391 ut
640 2329 724 2392 inde.
749 2328 781 2394 C.
800 2334 863 2394 76:
888 2334 1015 2393 Farinae
1032 2334 1186 2420 siligineae
1203 2328 1236 2391 L.
1255 2328 1296 2395 ΙΙ.

133 2436 213 2499 eade
237 2434 331 2495 solnm
354 2429 460 2501 faciae.
493 2422 599 2489 'Ennii
622 2426 796 2492 Alexandri
818 2427 856 2496 fr.
885 2435 938 2492 ll:
961 2432 1037 2491 Nam
1060 2432 1188 2489 marimo
1218 2431 1296 2489 saltn

135 2532 293 2611 superabit
314 2527 453 2604 gravidus
477 2528 599 2587 armatis
623 2545 726 2603 equus,
750 2529 809 2589 Suo
831 2530 883 2602 qni
905 2539 994 2606 partu
1010 2524 1207 2606 [prodigioso]
1227 2545 1296 2600 per·
1377 2601 1384 2614 .

132 2635 187 2693 ciet
215 2632 362 2703 Pergama
392 2625 494 2686 ardua.
543 2621 647 2687 Plaut.
676 2627 729 2689 As.
758 2624 784 2703 Ι,
821 2632 847 2703 l,
877 2633 932 2691 70:
960 2629 1054 2702 Cupio
1085 2645 1152 2687 ease
1180 2627 1294 2686 amicae

130 2730 211 2804 meod
232 2728 281 2789 det
302 2728 456 2799 argentum
481 2740 560 2782 suae.
605 2720 682 2787 cist.
700 2721 761 2800 iv,
786 2728 815 2801 2,
839 2730 896 2788 48:
921 2728 971 2801 qui
993 2758 1035 2768 —
1058 2734 1161 2801 posset
1190 2747 1233 2775 =
1259 2727 1296 2785 ut

132 2844 181 2891 eo.
229 2821 321 2903 Epid.
345 2816 404 2893 ΙΙΙ,
430 2823 457 2892 3,
484 2824 498 2882 1
524 2836 609 2900 sqq:

304 2922 372 2981 Non
395 2921 455 2978 oris
478 2937 569 2980 causa
590 2923 678 2995 mpdo
702 2923 836 2982 homines
860 2940 982 2996 aequom
1006 2920 1064 2982 luit

301 3019 364 3079 siti
386 3017 496 3076 habere
521 3020 683 3092 speculum,
706 3020 758 3078 eibi
781 3039 813 3080 os
830 3021 1059 3092 contemplarent
1080 3036 1162 3079 suom

306 3116 364 3177 Sed
388 3117 439 3188 qui
462 3119 635 3191 perspicere
653 3122 774 3189 possent
798 3137 850 3178 cor
873 3122 1048 3192 sapientiae.

130 3215 248 3286 Bacch.
272 3212 333 3292 ΠΙ,
358 3214 386 3287 6,
419 3217 474 3276 35;
493 3213 560 3276 ¹tibi
590 3235 647 3277 non
678 3218 868 3276 meretricum
892 3217 1016 3275 aliarum
1040 3220 1106 3273 arat
1128 3245 1171 3256 -
1193 3215 1291 3289 copia,

129 3320 314 3398 Quibuscum
336 3312 460 3372 haema
483 3329 554 3373 rem.
601 3311 655 3390 IV,
680 3317 708 3390 9,
735 3318 809 3377 138:
833 3317 919 3389 proin
944 3322 975 3373 tu
992 3329 1118 3388 quaeras
1134 3312 1185 3384 qni
1200 3311 1291 3382 ferat.

130 3417 171 3481 ib.
195 3433 226 3477 v.
254 3413 330 3474 142:
361 3412 415 3470 Vel
448 3411 485 3470 da
516 3413 643 3486 aliquem
673 3415 724 3486 qni
745 3432 792 3473 me
815 3417 916 3473 seruet.
961 3405 1076 3473 Bacch.
1100 3426 1130 3469 v.
1157 3409 1291 3471 tlelzl

129 3519 188 3576 hac
211 3526 327 3571 mecum
350 3511 439 3584 intro,
462 3510 515 3569 nbi
537 3512 592 3569 tibi
613 3513 653 3571 sit
676 3512 786 3586 lepide,
809 3534 853 3562 =
875 3513 910 3572 ut
933 3507 985 3572 ibi.
1010 3507 1104 3571 Poen.
1129 3503 1167 3586 V,
1183 3512 1212 3581 4,
1230 3510 1288 3570 94:

128 3613 225 3688 magis
248 3609 300 3682 qni
321 3607 456 3676 credatis,
480 3610 584 3670 dicam.
629 3607 720 3671 Pers.
750 3606 787 3678 V,
816 3612 845 3685 2,
875 3611 931 3670 63:
960 3609 1051 3668 certo
1079 3608 1124 3666 illi
1153 3608 1289 3667 homines

130 3712 204 3772 mihi
234 3708 338 3766 nescio
369 3708 438 3782 quid
468 3710 626 3767 consulunt
648 3710 718 3767 mali
749 3708 827 3780 qnod
852 3707 977 3778 sanam.
1001 3703 1082 3766 Rud.
1112 3700 1154 3780 ΙΙ,
1180 3708 1208 3777 7,
1235 3706 1289 3766 13;

129 3812 169 3871 da
198 3807 270 3867 mihi
302 3805 413 3878 aliquid
442 3805 496 3864 nbi
523 3804 754 3866 condormiscam
781 3807 848 3865 loci.
899 3803 991 3868 Truc.
1019 3803 1057 3880 V,
1085 3819 1114 3865 v.
1145 3805 1199 3863 li:
1231 3803 1289 3862 hoc

128 3911 245 3981 accipe,
262 3904 404 3977 qniistuc
421 3903 536 3976 effictae
551 3922 635 3978 opus.
660 3901 775 3966 Caecil.
793 3902 873 3967 sont.
891 3900 1073 3982 Synephebi
1094 3898 1132 3963 fr.
1150 3903 1184 3963 2:
1207 3900 1289 3959 Serit

129 4007 266 4076 arbores,
288 4017 363 4075 qnae
377 4003 467 4061 alteri
482 4006 582 4064 sarelo
595 4002 719 4074 promont.
754 4000 883 4063 Terent.
900 3999 998 4063 Andr.
1013 3998 1095 4081 prol.
1118 4017 1147 4061 v.
1164 4003 1182 4062 δ
1203 4013 1287 4076 sqq:

127 4106 205 4164 Nam
228 4104 259 4162 in
282 4101 414 4177 prologis
436 4101 603 4162 scribundis
626 4117 746 4176 operam
770 4103 912 4172 abutitur,
934 4101 1000 4160 Non
1016 4104 1069 4177 q'm'
1083 4109 1287 4176 argumentum

126 4204 243 4278 narret
271 4199 324 4260 aad
354 4198 406 4270 qai
439 4200 570 4259 malivoli
601 4201 719 4260 Veteris
755 4208 862 4274 poetae
898 4199 1064 4260 maledictis
1099 4199 1288 4276 respondeat,

128 4296 215 4378 quod
237 4313 300 4359 non
323 4298 411 4358 recte
435 4293 676 4361 Westerhovius
697 4314 756 4377 per
776 4302 877 4371 amoto
899 4298 950 4370 qni
976 4294 1122 4377 explicat,
1160 4313 1188 4358 n.
1225 4295 1287 4360 vol.

127 4395 154 4475 Ι,
178 4412 209 4475 p.
233 4397 304 4458 381.
328 4391 425 4455 Andr.
448 4390 491 4471 ΙΙ,
517 4396 544 4472 1,
568 4401 622 4459 34:
646 4395 757 4458 efficite
780 4398 833 4469 qni
853 4395 942 4455 detur
963 4397 1034 4456 tibi:
1058 4397 1123 4474 Ego
1144 4397 1175 4457 id
1190 4412 1301 4476 agam(
