<?xml version="1.0" encoding="UTF-8"?>
<!DOCTYPE html PUBLIC "-//W3C//DTD XHTML 1.0 Transitional//EN"
    "http://www.w3.org/TR/xhtml1/DTD/xhtml1-transitional.dtd">
<html xmlns="http://www.w3.org/1999/xhtml" xml:lang="en" lang="en">
 <head>
  <title>
</title>
<meta http-equiv="Content-Type" content="text/html;charset=utf-8" />
  <meta name='ocr-system' content='tesseract 3.04.00' />
  <meta name='ocr-capabilities' content='ocr_page ocr_carea ocr_par ocr_line ocrx_word'/>
</head>
<body>
  <div class='ocr_page' id='page_1' title='image "./syntaxispriscor00holtgoog_0108.png"; bbox 0 0 3125 5075; ppageno 0'>
   <div class='ocr_carea' id='block_1_1' title="bbox 527 653 1361 732">
    <p class='ocr_par' dir='ltr' id='par_1_1' title="bbox 527 653 1361 732">
     <span class='ocr_line' id='line_1_1' title="bbox 527 653 1361 732; baseline 0.012 -39"><span class='ocrx_word' id='word_1_1' title='bbox 527 653 616 693; x_wconf 70' lang='lat' dir='ltr'>CASUS</span> <span class='ocrx_word' id='word_1_2' title='bbox 630 654 900 696; x_wconf 73' lang='lat' dir='ltr'><strong>sunanauulvouuu.</strong></span> <span class='ocrx_word' id='word_1_3' title='bbox 914 678 939 687; x_wconf 90' lang='lat'>-</span> <span class='ocrx_word' id='word_1_4' title='bbox 953 658 1057 699; x_wconf 68' lang='lat' dir='ltr'><strong>ABLAT.</strong></span> <span class='ocrx_word' id='word_1_5' title='bbox 1321 674 1361 732; x_wconf 75' lang='lat'><strong>89</strong></span> 
     </span>
    </p>
   </div>
   <div class='ocr_carea' id='block_1_2' title="bbox 221 825 1361 911">
    <p class='ocr_par' dir='ltr' id='par_1_2' title="bbox 221 825 1361 911">
     <span class='ocr_line' id='line_1_2' title="bbox 221 825 1361 911; baseline 0.006 -18"><span class='ocrx_word' id='word_1_6' title='bbox 221 826 282 893; x_wconf 74' lang='lat' dir='ltr'><strong>ido</strong></span> <span class='ocrx_word' id='word_1_7' title='bbox 299 825 340 893; x_wconf 84' lang='grc'><strong>11.</strong></span> <span class='ocrx_word' id='word_1_8' title='bbox 362 833 399 892; x_wconf 79' lang='lat'><strong>4:</strong></span> <span class='ocrx_word' id='word_1_9' title='bbox 423 832 530 892; x_wconf 79' lang='lat' dir='ltr'><strong>Facile</strong></span> <span class='ocrx_word' id='word_1_10' title='bbox 554 847 723 892; x_wconf 85' lang='lat' dir='ltr'><strong>aerumnam</strong></span> <span class='ocrx_word' id='word_1_11' title='bbox 745 830 826 892; x_wconf 88' lang='lat' dir='ltr'><strong>ferre</strong></span> <span class='ocrx_word' id='word_1_12' title='bbox 849 851 979 911; x_wconf 92' lang='lat' dir='ltr'><strong>possum,</strong></span> <span class='ocrx_word' id='word_1_13' title='bbox 1003 837 1029 896; x_wconf 84' lang='lat' dir='ltr'><strong>si</strong></span> <span class='ocrx_word' id='word_1_14' title='bbox 1050 837 1120 897; x_wconf 88' lang='lat' dir='ltr'><strong>iuda</strong></span> <span class='ocrx_word' id='word_1_15' title='bbox 1136 835 1222 897; x_wconf 87' lang='lat' dir='ltr'><strong>abest</strong></span> <span class='ocrx_word' id='word_1_16' title='bbox 1240 838 1361 900; x_wconf 88' lang='lat' dir='ltr'><strong>iniuria:</strong></span> 
     </span>
    </p>
   </div>
   <div class='ocr_carea' id='block_1_3' title="bbox 161 929 1361 4731">
    <p class='ocr_par' dir='ltr' id='par_1_3' title="bbox 221 929 1360 1014">
     <span class='ocr_line' id='line_1_3' title="bbox 221 929 1360 1014; baseline 0.01 -26"><span class='ocrx_word' id='word_1_17' title='bbox 221 929 299 988; x_wconf 77' lang='lat' dir='ltr'><strong>dt&#39;mm</strong></span> <span class='ocrx_word' id='word_1_18' title='bbox 320 929 474 1005; x_wconf 86' lang='lat' dir='ltr'><strong>iniuriam,</strong></span> <span class='ocrx_word' id='word_1_19' title='bbox 497 932 556 990; x_wconf 87' lang='lat' dir='ltr'><strong>uisi</strong></span> <span class='ocrx_word' id='word_1_20' title='bbox 578 932 682 987; x_wconf 75' lang='lat' dir='ltr'><strong>coneo</strong></span> <span class='ocrx_word' id='word_1_21' title='bbox 703 936 822 990; x_wconf 85' lang='lat' dir='ltr'><strong>constat-</strong></span> <span class='ocrx_word' id='word_1_22' title='bbox 845 934 1033 992; x_wconf 85' lang='lat' dir='ltr'><strong>contumelia.</strong></span> <span class='ocrx_word' id='word_1_23' title='bbox 1051 938 1053 943; x_wconf 83' lang='lat'>&#39;</span> <span class='ocrx_word' id='word_1_24' title='bbox 1075 930 1140 997; x_wconf 90' lang='lat' dir='ltr'><strong>Inc.</strong></span> <span class='ocrx_word' id='word_1_25' title='bbox 1163 930 1225 997; x_wconf 83' lang='lat' dir='ltr'><strong>fab.</strong></span> <span class='ocrx_word' id='word_1_26' title='bbox 1249 931 1287 996; x_wconf 82' lang='lat' dir='ltr'><strong>fr.</strong></span> <span class='ocrx_word' id='word_1_27' title='bbox 1312 940 1360 1014; x_wconf 75' lang='lat'><strong>15,</strong></span> 
     </span>
    </p>

    <p class='ocr_par' dir='ltr' id='par_1_4' title="bbox 161 1017 1361 1396">
     <span class='ocr_line' id='line_1_4' title="bbox 161 1017 1360 1122; baseline 0.005 -35"><span class='ocrx_word' id='word_1_28' title='bbox 161 1017 165 1122; x_wconf 62' lang='lat' dir='ltr'><strong>&#39;f</strong></span> <span class='ocrx_word' id='word_1_29' title='bbox 220 1042 236 1087; x_wconf 89' lang='grc'><strong>1.</strong></span> <span class='ocrx_word' id='word_1_30' title='bbox 259 1027 339 1089; x_wconf 85' lang='lat'><strong>263:</strong></span> <span class='ocrx_word' id='word_1_31' title='bbox 379 1032 485 1088; x_wconf 76' lang='lat' dir='ltr'><strong>watra</strong></span> <span class='ocrx_word' id='word_1_32' title='bbox 511 1028 615 1087; x_wconf 80' lang='lat' dir='ltr'><strong>amari</strong></span> <span class='ocrx_word' id='word_1_33' title='bbox 658 1023 786 1089; x_wconf 81' lang='lat' dir='ltr'><strong>Terent.</strong></span> <span class='ocrx_word' id='word_1_34' title='bbox 817 1025 897 1090; x_wconf 88' lang='lat' dir='ltr'><strong>Eun.</strong></span> <span class='ocrx_word' id='word_1_35' title='bbox 924 1026 967 1106; x_wconf 90' lang='lat' dir='ltr'><strong>II,</strong></span> <span class='ocrx_word' id='word_1_36' title='bbox 999 1034 1028 1108; x_wconf 92' lang='lat'><strong>3,</strong></span> <span class='ocrx_word' id='word_1_37' title='bbox 1058 1032 1113 1093; x_wconf 81' lang='lat'><strong>64:</strong></span> <span class='ocrx_word' id='word_1_38' title='bbox 1147 1032 1225 1106; x_wconf 88' lang='lat' dir='ltr'><strong>quod</strong></span> <span class='ocrx_word' id='word_1_39' title='bbox 1253 1033 1360 1093; x_wconf 90' lang='lat' dir='ltr'><strong>donum</strong></span> 
     </span>
     <span class='ocr_line' id='line_1_5' title="bbox 219 1123 1361 1199; baseline 0.006 -15"><span class='ocrx_word' id='word_1_40' title='bbox 219 1124 270 1184; x_wconf 78' lang='lat' dir='ltr'><strong>trie</strong></span> <span class='ocrx_word' id='word_1_41' title='bbox 290 1125 373 1186; x_wconf 87' lang='lat' dir='ltr'><strong>douo</strong></span> <span class='ocrx_word' id='word_1_42' title='bbox 396 1132 506 1186; x_wconf 87' lang='lat' dir='ltr'><strong>contra</strong></span> <span class='ocrx_word' id='word_1_43' title='bbox 528 1132 688 1199; x_wconf 82' lang='lat' dir='ltr'><strong>comparet</strong></span> <span class='ocrx_word' id='word_1_44' title='bbox 711 1156 754 1166; x_wconf 94' lang='lat'><strong>—</strong></span> <span class='ocrx_word' id='word_1_45' title='bbox 776 1127 880 1185; x_wconf 81' lang='lat' dir='ltr'><em>Extra</em></span> <span class='ocrx_word' id='word_1_46' title='bbox 903 1123 981 1189; x_wconf 83' lang='lat' dir='ltr'><strong>Cato</strong></span> <span class='ocrx_word' id='word_1_47' title='bbox 1004 1125 1041 1191; x_wconf 75' lang='lat' dir='ltr'><strong>R.</strong></span> <span class='ocrx_word' id='word_1_48' title='bbox 1065 1126 1102 1191; x_wconf 79' lang='lat' dir='ltr'>R</span> <span class='ocrx_word' id='word_1_49' title='bbox 1125 1145 1150 1191; x_wconf 88' lang='lat' dir='ltr'><strong>e.</strong></span> <span class='ocrx_word' id='word_1_50' title='bbox 1178 1131 1252 1191; x_wconf 83' lang='lat'>144:</span> <span class='ocrx_word' id='word_1_51' title='bbox 1275 1135 1361 1190; x_wconf 72' lang='grc'>11111</span> 
     </span>
     <span class='ocr_line' id='line_1_6' title="bbox 218 1223 1359 1302; baseline 0.005 -19"><span class='ocrx_word' id='word_1_52' title='bbox 218 1239 286 1296; x_wconf 75' lang='lat' dir='ltr'><strong>qum</strong></span> <span class='ocrx_word' id='word_1_53' title='bbox 300 1224 329 1284; x_wconf 79' lang='lat' dir='ltr'><strong>ai</strong></span> <span class='ocrx_word' id='word_1_54' title='bbox 347 1240 439 1297; x_wconf 86' lang='lat' dir='ltr'><strong>quem</strong></span> <span class='ocrx_word' id='word_1_55' title='bbox 454 1224 570 1283; x_wconf 74' lang='lat' dir='ltr'><strong>suctum</strong></span> <span class='ocrx_word' id='word_1_56' title='bbox 591 1223 869 1297; x_wconf 77' lang='lat' dir='ltr'><strong>impraesentiarum</strong></span> <span class='ocrx_word' id='word_1_57' title='bbox 885 1225 1002 1286; x_wconf 80' lang='lat' dir='ltr'>dixerit.</span> <span class='ocrx_word' id='word_1_58' title='bbox 1025 1224 1119 1288; x_wconf 86' lang='lat' dir='ltr'><strong>Ennii</strong></span> <span class='ocrx_word' id='word_1_59' title='bbox 1135 1224 1236 1288; x_wconf 89' lang='lat' dir='ltr'><strong>annal.</strong></span> <span class='ocrx_word' id='word_1_60' title='bbox 1253 1225 1274 1288; x_wconf 93' lang='grc'><strong>1.</strong></span> <span class='ocrx_word' id='word_1_61' title='bbox 1291 1226 1359 1302; x_wconf 86' lang='lat' dir='ltr'><strong>XV,</strong></span> 
     </span>
     <span class='ocr_line' id='line_1_7' title="bbox 217 1316 439 1396; baseline 0 -15"><span class='ocrx_word' id='word_1_62' title='bbox 217 1316 240 1381; x_wconf 88' lang='grc'><strong>1.</strong></span> <span class='ocrx_word' id='word_1_63' title='bbox 258 1322 287 1396; x_wconf 86' lang='grc'><strong>2,</strong></span> <span class='ocrx_word' id='word_1_64' title='bbox 309 1336 339 1382; x_wconf 86' lang='lat' dir='ltr'><strong>v.</strong></span> <span class='ocrx_word' id='word_1_65' title='bbox 364 1321 439 1383; x_wconf 86' lang='grc'>391.</span> 
     </span>
    </p>

    <p class='ocr_par' dir='ltr' id='par_1_5' title="bbox 211 1414 1361 2280">
     <span class='ocr_line' id='line_1_8' title="bbox 283 1414 1361 1497; baseline -0.002 -16"><span class='ocrx_word' id='word_1_66' title='bbox 283 1415 433 1496; x_wconf 87' lang='lat' dir='ltr'><strong>Denique</strong></span> <span class='ocrx_word' id='word_1_67' title='bbox 463 1414 525 1481; x_wconf 91' lang='lat' dir='ltr'><strong>huc</strong></span> <span class='ocrx_word' id='word_1_68' title='bbox 554 1415 716 1497; x_wconf 78' lang='lat' dir='ltr'><strong>pertinent</strong></span> <span class='ocrx_word' id='word_1_69' title='bbox 745 1415 896 1480; x_wconf 86' lang='lat' dir='ltr'><strong>adverbia</strong></span> <span class='ocrx_word' id='word_1_70' title='bbox 918 1436 1013 1492; x_wconf 80' lang='lat' dir='ltr'><strong>prope</strong></span> <span class='ocrx_word' id='word_1_71' title='bbox 1041 1422 1073 1481; x_wconf 91' lang='lat' dir='ltr'><strong>et</strong></span> <span class='ocrx_word' id='word_1_72' title='bbox 1090 1437 1221 1493; x_wconf 77' lang='lat' dir='ltr'><strong>perepre.</strong></span> <span class='ocrx_word' id='word_1_73' title='bbox 1266 1422 1361 1495; x_wconf 84' lang='lat' dir='ltr'><strong>Prope</strong></span> 
     </span>
     <span class='ocr_line' id='line_1_9' title="bbox 220 1510 1360 1595; baseline 0.003 -17"><span class='ocrx_word' id='word_1_74' title='bbox 220 1521 260 1578; x_wconf 79' lang='lat' dir='ltr'><strong>aut</strong></span> <span class='ocrx_word' id='word_1_75' title='bbox 275 1513 339 1578; x_wconf 87' lang='lat' dir='ltr'><strong>loci</strong></span> <span class='ocrx_word' id='word_1_76' title='bbox 362 1511 626 1595; x_wconf 82' lang='lat' dir='ltr'><strong>significationem</strong></span> <span class='ocrx_word' id='word_1_77' title='bbox 650 1512 756 1591; x_wconf 86' lang='lat' dir='ltr'><strong>habet,</strong></span> <span class='ocrx_word' id='word_1_78' title='bbox 787 1519 844 1577; x_wconf 85' lang='lat' dir='ltr'><strong>eut</strong></span> <span class='ocrx_word' id='word_1_79' title='bbox 866 1510 1026 1595; x_wconf 78' lang='lat' dir='ltr'><strong>significat</strong></span> <span class='ocrx_word' id='word_1_80' title='bbox 1047 1533 1113 1578; x_wconf 86' lang='lat' dir='ltr'><strong>rem</strong></span> <span class='ocrx_word' id='word_1_81' title='bbox 1135 1515 1274 1594; x_wconf 87' lang='lat' dir='ltr'><strong>aliquam</strong></span> <span class='ocrx_word' id='word_1_82' title='bbox 1297 1534 1360 1581; x_wconf 90' lang='lat' dir='ltr'><strong>non</strong></span> 
     </span>
     <span class='ocr_line' id='line_1_10' title="bbox 222 1610 1360 1693; baseline 0.004 -18"><span class='ocrx_word' id='word_1_83' title='bbox 222 1610 293 1693; x_wconf 72' lang='lat' dir='ltr'><strong>auge</strong></span> <span class='ocrx_word' id='word_1_84' title='bbox 314 1612 434 1677; x_wconf 85' lang='lat' dir='ltr'><strong>abesse</strong></span> <span class='ocrx_word' id='word_1_85' title='bbox 455 1630 475 1675; x_wconf 93' lang='lat' dir='ltr'><strong>a</strong></span> <span class='ocrx_word' id='word_1_86' title='bbox 497 1620 587 1678; x_wconf 87' lang='lat' dir='ltr'><strong>certa</strong></span> <span class='ocrx_word' id='word_1_87' title='bbox 608 1612 744 1692; x_wconf 90' lang='lat' dir='ltr'><strong>quadam</strong></span> <span class='ocrx_word' id='word_1_88' title='bbox 771 1629 881 1676; x_wconf 88' lang='lat' dir='ltr'><strong>rerum</strong></span> <span class='ocrx_word' id='word_1_89' title='bbox 907 1611 1085 1677; x_wconf 90' lang='lat' dir='ltr'><strong>conditione</strong></span> <span class='ocrx_word' id='word_1_90' title='bbox 1108 1612 1158 1676; x_wconf 84' lang='lat' dir='ltr'><strong>vel</strong></span> <span class='ocrx_word' id='word_1_91' title='bbox 1182 1618 1269 1677; x_wconf 88' lang='lat' dir='ltr'><strong>statu</strong></span> <span class='ocrx_word' id='word_1_92' title='bbox 1293 1615 1360 1679; x_wconf 89' lang='lat' dir='ltr'><strong>sive</strong></span> 
     </span>
     <span class='ocr_line' id='line_1_11' title="bbox 221 1708 1358 1786; baseline 0.004 -14"><span class='ocrx_word' id='word_1_93' title='bbox 221 1715 325 1774; x_wconf 76' lang='lat' dir='ltr'><strong>euentu.</strong></span> <span class='ocrx_word' id='word_1_94' title='bbox 358 1708 441 1774; x_wconf 83' lang='lat' dir='ltr'><strong>Cato</strong></span> <span class='ocrx_word' id='word_1_95' title='bbox 462 1710 500 1775; x_wconf 76' lang='lat' dir='ltr'>R</span> <span class='ocrx_word' id='word_1_96' title='bbox 516 1710 553 1774; x_wconf 88' lang='lat' dir='ltr'><strong>R.</strong></span> <span class='ocrx_word' id='word_1_97' title='bbox 570 1727 595 1773; x_wconf 89' lang='lat' dir='ltr'><strong>c.</strong></span> <span class='ocrx_word' id='word_1_98' title='bbox 621 1714 653 1772; x_wconf 92' lang='lat' dir='ltr'><strong>l:</strong></span> <span class='ocrx_word' id='word_1_99' title='bbox 676 1711 817 1786; x_wconf 90' lang='lat' dir='ltr'><strong>oppidum</strong></span> <span class='ocrx_word' id='word_1_100' title='bbox 839 1714 966 1774; x_wconf 85' lang='lat' dir='ltr'><strong>validum</strong></span> <span class='ocrx_word' id='word_1_101' title='bbox 983 1728 1078 1785; x_wconf 80' lang='lat' dir='ltr'><strong>prope</strong></span> <span class='ocrx_word' id='word_1_102' title='bbox 1098 1714 1146 1773; x_wconf 92' lang='lat' dir='ltr'><strong>sit.</strong></span> <span class='ocrx_word' id='word_1_103' title='bbox 1170 1711 1273 1777; x_wconf 89' lang='lat' dir='ltr'><strong>Plaut.</strong></span> <span class='ocrx_word' id='word_1_104' title='bbox 1286 1711 1358 1777; x_wconf 76' lang='lat' dir='ltr'><strong>nul.</strong></span> 
     </span>
     <span class='ocr_line' id='line_1_12' title="bbox 219 1803 1361 1887; baseline 0 -15"><span class='ocrx_word' id='word_1_105' title='bbox 219 1805 278 1887; x_wconf 84' lang='grc'><strong>12,</strong></span> <span class='ocrx_word' id='word_1_106' title='bbox 303 1812 362 1872; x_wconf 83' lang='grc'><strong>24;</strong></span> <span class='ocrx_word' id='word_1_107' title='bbox 386 1811 463 1870; x_wconf 86' lang='lat' dir='ltr'><strong>Nam</strong></span> <span class='ocrx_word' id='word_1_108' title='bbox 485 1811 523 1870; x_wconf 87' lang='lat' dir='ltr'><strong>ad</strong></span> <span class='ocrx_word' id='word_1_109' title='bbox 545 1809 628 1869; x_wconf 90' lang='lat' dir='ltr'><strong>aedis</strong></span> <span class='ocrx_word' id='word_1_110' title='bbox 650 1817 769 1869; x_wconf 88' lang='lat' dir='ltr'><strong>nostras</strong></span> <span class='ocrx_word' id='word_1_111' title='bbox 785 1827 927 1885; x_wconf 77' lang='lat' dir='ltr'><strong>nusquam</strong></span> <span class='ocrx_word' id='word_1_112' title='bbox 945 1810 1029 1882; x_wconf 90' lang='lat' dir='ltr'><strong>adiit,</strong></span> <span class='ocrx_word' id='word_1_113' title='bbox 1052 1803 1227 1886; x_wconf 73' lang='lat' dir='ltr'><strong>quemqnam</strong></span> <span class='ocrx_word' id='word_1_114' title='bbox 1237 1820 1361 1886; x_wconf 78' lang='lat' dir='ltr'><strong>proposi</strong></span> 
     </span>
     <span class='ocr_line' id='line_1_13' title="bbox 220 1904 1357 1987; baseline 0.004 -17"><span class='ocrx_word' id='word_1_115' title='bbox 220 1907 261 1979; x_wconf 77' lang='lat' dir='ltr'><strong>uic</strong></span> <span class='ocrx_word' id='word_1_116' title='bbox 274 1904 475 1970; x_wconf 86' lang='lat' dir='ltr'><strong>Fleckeisen.</strong></span> <span class='ocrx_word' id='word_1_117' title='bbox 492 1922 595 1971; x_wconf 82' lang='lat' dir='ltr'><strong>exerc.</strong></span> <span class='ocrx_word' id='word_1_118' title='bbox 610 1904 715 1970; x_wconf 87' lang='lat' dir='ltr'><strong>Plaut.</strong></span> <span class='ocrx_word' id='word_1_119' title='bbox 738 1923 767 1985; x_wconf 94' lang='lat' dir='ltr'><strong>p.</strong></span> <span class='ocrx_word' id='word_1_120' title='bbox 793 1910 832 1970; x_wconf 84' lang='grc'><strong>32</strong></span> <span class='ocrx_word' id='word_1_121' title='bbox 856 1905 917 1986; x_wconf 91' lang='lat' dir='ltr'><strong>sq.)</strong></span> <span class='ocrx_word' id='word_1_122' title='bbox 949 1904 1043 1970; x_wconf 81' lang='lat' dir='ltr'><strong>Most</strong></span> <span class='ocrx_word' id='word_1_123' title='bbox 1065 1905 1107 1984; x_wconf 89' lang='lat'><strong>11,</strong></span> <span class='ocrx_word' id='word_1_124' title='bbox 1132 1912 1161 1987; x_wconf 83' lang='lat'><strong>2,</strong></span> <span class='ocrx_word' id='word_1_125' title='bbox 1186 1913 1234 1972; x_wconf 88' lang='lat'><strong>16.</strong></span> <span class='ocrx_word' id='word_1_126' title='bbox 1259 1909 1357 1975; x_wconf 89' lang='lat' dir='ltr'><strong>Mcrc.</strong></span> 
     </span>
     <span class='ocr_line' id='line_1_14' title="bbox 215 1991 1359 2082; baseline 0.002 -14"><span class='ocrx_word' id='word_1_127' title='bbox 215 2002 276 2082; x_wconf 81' lang='grc'><strong>12,</strong></span> <span class='ocrx_word' id='word_1_128' title='bbox 299 2009 349 2069; x_wconf 83' lang='lat'><strong>75.</strong></span> <span class='ocrx_word' id='word_1_129' title='bbox 395 2001 511 2067; x_wconf 85' lang='lat' dir='ltr'><strong>Bacch.</strong></span> <span class='ocrx_word' id='word_1_130' title='bbox 534 2001 588 2080; x_wconf 83' lang='lat' dir='ltr'><strong>IV,</strong></span> <span class='ocrx_word' id='word_1_131' title='bbox 620 2007 649 2082; x_wconf 88' lang='lat'><strong>6,</strong></span> <span class='ocrx_word' id='word_1_132' title='bbox 672 2009 706 2068; x_wconf 84' lang='lat'><strong>4:</strong></span> <span class='ocrx_word' id='word_1_133' title='bbox 743 2006 815 2078; x_wconf 83' lang='lat' dir='ltr'><strong>Quis</strong></span> <span class='ocrx_word' id='word_1_134' title='bbox 837 2006 969 2080; x_wconf 84' lang='lat' dir='ltr'><strong>loquitur</strong></span> <span class='ocrx_word' id='word_1_135' title='bbox 985 2006 1100 2079; x_wconf 82' lang='lat' dir='ltr'><strong>prope?</strong></span> <span class='ocrx_word' id='word_1_136' title='bbox 1137 2011 1166 2081; x_wconf 89' lang='grc'><strong>9,</strong></span> <span class='ocrx_word' id='word_1_137' title='bbox 1191 1991 1246 2072; x_wconf 76' lang='lat'><strong>63:</strong></span> <span class='ocrx_word' id='word_1_138' title='bbox 1282 2026 1359 2070; x_wconf 87' lang='lat' dir='ltr'><strong>nuuc</strong></span> 
     </span>
     <span class='ocr_line' id='line_1_15' title="bbox 211 2100 1358 2181; baseline 0.003 -18"><span class='ocrx_word' id='word_1_139' title='bbox 211 2121 285 2177; x_wconf 79' lang='lat' dir='ltr'><strong>prope</strong></span> <span class='ocrx_word' id='word_1_140' title='bbox 308 2104 396 2164; x_wconf 87' lang='lat' dir='ltr'><strong>adest</strong></span> <span class='ocrx_word' id='word_1_141' title='bbox 416 2104 538 2162; x_wconf 86' lang='lat' dir='ltr'><strong>exitium</strong></span> <span class='ocrx_word' id='word_1_142' title='bbox 561 2104 627 2164; x_wconf 92' lang='lat' dir='ltr'><strong>llio.</strong></span> <span class='ocrx_word' id='word_1_143' title='bbox 670 2100 786 2166; x_wconf 84' lang='lat' dir='ltr'><strong>Pseud.</strong></span> <span class='ocrx_word' id='word_1_144' title='bbox 809 2100 834 2181; x_wconf 94' lang='lat'><strong>1,</strong></span> <span class='ocrx_word' id='word_1_145' title='bbox 865 2107 893 2180; x_wconf 91' lang='lat'><strong>1,</strong></span> <span class='ocrx_word' id='word_1_146' title='bbox 922 2106 976 2165; x_wconf 82' lang='lat'><strong>58:</strong></span> <span class='ocrx_word' id='word_1_147' title='bbox 1002 2122 1096 2177; x_wconf 79' lang='lat' dir='ltr'><strong>prope</strong></span> <span class='ocrx_word' id='word_1_148' title='bbox 1122 2107 1208 2166; x_wconf 89' lang='lat' dir='ltr'><strong>adest</strong></span> <span class='ocrx_word' id='word_1_149' title='bbox 1235 2108 1358 2166; x_wconf 80' lang='lat' dir='ltr'><strong>exitium</strong></span> 
     </span>
     <span class='ocr_line' id='line_1_16' title="bbox 215 2198 1358 2280; baseline 0.002 -19"><span class='ocrx_word' id='word_1_150' title='bbox 215 2203 281 2261; x_wconf 82' lang='lat' dir='ltr'><strong>nihi</strong></span> <span class='ocrx_word' id='word_1_151' title='bbox 327 2198 422 2264; x_wconf 88' lang='lat' dir='ltr'><strong>Truc.</strong></span> <span class='ocrx_word' id='word_1_152' title='bbox 446 2198 471 2277; x_wconf 91' lang='grc' dir='ltr'><strong>Ι,</strong></span> <span class='ocrx_word' id='word_1_153' title='bbox 495 2202 524 2276; x_wconf 92' lang='grc'><strong>2,</strong></span> <span class='ocrx_word' id='word_1_154' title='bbox 550 2202 779 2275; x_wconf 65' lang='lat' dir='ltr'><strong>remoropest,</strong></span> <span class='ocrx_word' id='word_1_155' title='bbox 807 2200 946 2276; x_wconf 83' lang='lat' dir='ltr'><strong>profecta</strong></span> <span class='ocrx_word' id='word_1_156' title='bbox 972 2220 1030 2277; x_wconf 92' lang='lat' dir='ltr'><strong>quo</strong></span> <span class='ocrx_word' id='word_1_157' title='bbox 1053 2222 1126 2263; x_wconf 90' lang='lat' dir='ltr'><strong>sum.</strong></span> <span class='ocrx_word' id='word_1_158' title='bbox 1171 2200 1196 2280; x_wconf 91' lang='grc' dir='ltr'><strong>Ι,</strong></span> <span class='ocrx_word' id='word_1_159' title='bbox 1224 2207 1249 2280; x_wconf 93' lang='lat' dir='ltr'><strong>l,</strong></span> <span class='ocrx_word' id='word_1_160' title='bbox 1278 2206 1358 2266; x_wconf 83' lang='lat'>125:</span> 
     </span>
    </p>

    <p class='ocr_par' dir='ltr' id='par_1_6' title="bbox 161 2285 1360 2961">
     <span class='ocr_line' id='line_1_17' title="bbox 161 2285 1359 2374; baseline 0.004 -16"><span class='ocrx_word' id='word_1_161' title='bbox 161 2285 163 2304; x_wconf 88' lang='lat'>&#39;</span> <span class='ocrx_word' id='word_1_162' title='bbox 214 2300 278 2372; x_wconf 77' lang='lat' dir='ltr'><strong>Quid</strong></span> <span class='ocrx_word' id='word_1_163' title='bbox 293 2300 350 2361; x_wconf 89' lang='lat' dir='ltr'><strong>tibi</strong></span> <span class='ocrx_word' id='word_1_164' title='bbox 366 2300 404 2359; x_wconf 84' lang='lat' dir='ltr'><strong>ad</strong></span> <span class='ocrx_word' id='word_1_165' title='bbox 420 2301 510 2359; x_wconf 87' lang='lat' dir='ltr'><strong>hasce</strong></span> <span class='ocrx_word' id='word_1_166' title='bbox 533 2300 665 2359; x_wconf 77' lang='lat' dir='ltr'><strong>accessio</strong></span> <span class='ocrx_word' id='word_1_167' title='bbox 687 2300 771 2360; x_wconf 88' lang='lat' dir='ltr'><strong>aedis</strong></span> <span class='ocrx_word' id='word_1_168' title='bbox 794 2307 841 2359; x_wconf 87' lang='lat' dir='ltr'><strong>est</strong></span> <span class='ocrx_word' id='word_1_169' title='bbox 856 2316 951 2372; x_wconf 80' lang='lat' dir='ltr'><strong>prope</strong></span> <span class='ocrx_word' id='word_1_170' title='bbox 966 2307 1018 2359; x_wconf 88' lang='lat' dir='ltr'><strong>aut</strong></span> <span class='ocrx_word' id='word_1_171' title='bbox 1038 2301 1184 2374; x_wconf 75' lang='lat' dir='ltr'><strong>pultario?</strong></span> <span class='ocrx_word' id='word_1_172' title='bbox 1206 2300 1359 2364; x_wconf 89' lang='lat' dir='ltr'><strong>Nonnun-</strong></span> 
     </span>
     <span class='ocr_line' id='line_1_18' title="bbox 212 2392 1357 2475; baseline 0.002 -17"><span class='ocrx_word' id='word_1_173' title='bbox 212 2410 294 2473; x_wconf 77' lang='lat' dir='ltr'><strong>quam</strong></span> <span class='ocrx_word' id='word_1_174' title='bbox 309 2394 471 2460; x_wconf 86' lang='lat' dir='ltr'><strong>convertit</strong></span> <span class='ocrx_word' id='word_1_175' title='bbox 485 2412 520 2459; x_wconf 87' lang='lat' dir='ltr'><strong>se</strong></span> <span class='ocrx_word' id='word_1_176' title='bbox 535 2394 568 2458; x_wconf 94' lang='lat' dir='ltr'><strong>iu</strong></span> <span class='ocrx_word' id='word_1_177' title='bbox 589 2392 853 2475; x_wconf 82' lang='lat' dir='ltr'><strong>significationem</strong></span> <span class='ocrx_word' id='word_1_178' title='bbox 877 2394 1065 2460; x_wconf 85' lang='lat' dir='ltr'><strong>translatum</strong></span> <span class='ocrx_word' id='word_1_179' title='bbox 1088 2398 1160 2472; x_wconf 73' lang='lat' dir='ltr'><strong>sere,</strong></span> <span class='ocrx_word' id='word_1_180' title='bbox 1184 2402 1221 2460; x_wconf 88' lang='lat' dir='ltr'><strong>ut</strong></span> <span class='ocrx_word' id='word_1_181' title='bbox 1241 2396 1357 2462; x_wconf 86' lang='lat' dir='ltr'><strong>Bacch.</strong></span> 
     </span>
     <span class='ocr_line' id='line_1_19' title="bbox 212 2490 1357 2574; baseline 0 -18"><span class='ocrx_word' id='word_1_182' title='bbox 212 2490 245 2571; x_wconf 82' lang='grc'><strong>1,</strong></span> <span class='ocrx_word' id='word_1_183' title='bbox 274 2499 309 2571; x_wconf 92' lang='grc'><strong>2,</strong></span> <span class='ocrx_word' id='word_1_184' title='bbox 335 2498 400 2561; x_wconf 82' lang='grc'><strong>41;</strong></span> <span class='ocrx_word' id='word_1_185' title='bbox 432 2512 526 2568; x_wconf 79' lang='lat' dir='ltr'><strong>prope</strong></span> <span class='ocrx_word' id='word_1_186' title='bbox 553 2496 630 2556; x_wconf 88' lang='lat' dir='ltr'><strong>scire</strong></span> <span class='ocrx_word' id='word_1_187' title='bbox 658 2503 731 2570; x_wconf 85' lang='lat' dir='ltr'><strong>puto</strong></span> <span class='ocrx_word' id='word_1_188' title='bbox 759 2512 815 2555; x_wconf 90' lang='lat' dir='ltr'><strong>me.</strong></span> <span class='ocrx_word' id='word_1_189' title='bbox 861 2493 910 2557; x_wconf 92' lang='lat' dir='ltr'><strong>De</strong></span> <span class='ocrx_word' id='word_1_190' title='bbox 933 2499 1077 2574; x_wconf 88' lang='lat' dir='ltr'><strong>tempore</strong></span> <span class='ocrx_word' id='word_1_191' title='bbox 1106 2494 1190 2560; x_wconf 83' lang='lat' dir='ltr'><strong>Men</strong></span> <span class='ocrx_word' id='word_1_192' title='bbox 1221 2514 1249 2560; x_wconf 86' lang='lat' dir='ltr'><strong>v.</strong></span> <span class='ocrx_word' id='word_1_193' title='bbox 1278 2499 1357 2561; x_wconf 80' lang='lat'><strong>985:</strong></span> 
     </span>
     <span class='ocr_line' id='line_1_20' title="bbox 210 2590 1358 2672; baseline 0.003 -22"><span class='ocrx_word' id='word_1_194' title='bbox 210 2592 342 2670; x_wconf 72' lang='lat' dir='ltr'><strong>Ptopest,</strong></span> <span class='ocrx_word' id='word_1_195' title='bbox 372 2594 504 2669; x_wconf 90' lang='lat' dir='ltr'><strong>quaudo,</strong></span> <span class='ocrx_word' id='word_1_196' title='bbox 534 2591 610 2656; x_wconf 91' lang='lat' dir='ltr'><strong>item</strong></span> <span class='ocrx_word' id='word_1_197' title='bbox 638 2590 766 2655; x_wconf 85' lang='lat' dir='ltr'><strong>Terent.</strong></span> <span class='ocrx_word' id='word_1_198' title='bbox 802 2591 900 2654; x_wconf 82' lang='lat' dir='ltr'><strong>Andr.</strong></span> <span class='ocrx_word' id='word_1_199' title='bbox 923 2590 949 2669; x_wconf 88' lang='grc' dir='ltr'><strong>Ι,</strong></span> <span class='ocrx_word' id='word_1_200' title='bbox 979 2597 1006 2670; x_wconf 92' lang='lat' dir='ltr'><strong>l,</strong></span> <span class='ocrx_word' id='word_1_201' title='bbox 1032 2597 1108 2656; x_wconf 78' lang='lat'>125:</span> <span class='ocrx_word' id='word_1_202' title='bbox 1144 2595 1240 2666; x_wconf 81' lang='lat' dir='ltr'><strong>Prope</strong></span> <span class='ocrx_word' id='word_1_203' title='bbox 1262 2595 1358 2672; x_wconf 85' lang='lat' dir='ltr'><strong>adest,</strong></span> 
     </span>
     <span class='ocr_line' id='line_1_21' title="bbox 210 2688 1360 2765; baseline 0.001 -14"><span class='ocrx_word' id='word_1_204' title='bbox 210 2709 285 2765; x_wconf 90' lang='lat' dir='ltr'><strong>quom</strong></span> <span class='ocrx_word' id='word_1_205' title='bbox 308 2693 408 2751; x_wconf 86' lang='lat' dir='ltr'><strong>alieno</strong></span> <span class='ocrx_word' id='word_1_206' title='bbox 431 2709 513 2753; x_wconf 87' lang='lat' dir='ltr'><strong>more</strong></span> <span class='ocrx_word' id='word_1_207' title='bbox 536 2692 721 2752; x_wconf 84' lang='lat' dir='ltr'><strong>vivendumat</strong></span> <span class='ocrx_word' id='word_1_208' title='bbox 743 2692 824 2750; x_wconf 90' lang='lat' dir='ltr'><strong>mihi.</strong></span> <span class='ocrx_word' id='word_1_209' title='bbox 851 2723 894 2733; x_wconf 93' lang='lat'><em>-</em></span> <span class='ocrx_word' id='word_1_210' title='bbox 916 2691 1042 2763; x_wconf 79' lang='lat' dir='ltr'><strong>Perepre</strong></span> <span class='ocrx_word' id='word_1_211' title='bbox 1063 2688 1162 2753; x_wconf 85' lang='lat' dir='ltr'><strong>Nuev.</strong></span> <span class='ocrx_word' id='word_1_212' title='bbox 1186 2689 1360 2754; x_wconf 83' lang='lat' dir='ltr'><strong>Tarentilla</strong></span> 
     </span>
     <span class='ocr_line' id='line_1_22' title="bbox 210 2784 1358 2868; baseline 0.003 -20"><span class='ocrx_word' id='word_1_213' title='bbox 210 2784 238 2849; x_wconf 88' lang='grc'><strong>11.</strong></span> <span class='ocrx_word' id='word_1_214' title='bbox 258 2791 292 2865; x_wconf 85' lang='grc'><strong>6,</strong></span> <span class='ocrx_word' id='word_1_215' title='bbox 320 2807 351 2851; x_wconf 90' lang='lat' dir='ltr'><strong>v.</strong></span> <span class='ocrx_word' id='word_1_216' title='bbox 378 2791 429 2851; x_wconf 86' lang='grc'><strong>84.</strong></span> <span class='ocrx_word' id='word_1_217' title='bbox 474 2786 579 2851; x_wconf 89' lang='lat' dir='ltr'><strong>Plaut.</strong></span> <span class='ocrx_word' id='word_1_218' title='bbox 606 2785 718 2868; x_wconf 82' lang='lat' dir='ltr'><strong>fragm.</strong></span> <span class='ocrx_word' id='word_1_219' title='bbox 748 2786 838 2850; x_wconf 81' lang='lat' dir='ltr'><strong>Coeo.</strong></span> <span class='ocrx_word' id='word_1_220' title='bbox 867 2805 896 2867; x_wconf 91' lang='lat' dir='ltr'><strong>p.</strong></span> <span class='ocrx_word' id='word_1_221' title='bbox 924 2793 987 2850; x_wconf 81' lang='lat'><strong>476</strong></span> <span class='ocrx_word' id='word_1_222' title='bbox 1018 2786 1067 2851; x_wconf 91' lang='lat' dir='ltr'><strong>ed.</strong></span> <span class='ocrx_word' id='word_1_223' title='bbox 1096 2785 1232 2852; x_wconf 86' lang='lat' dir='ltr'><strong>Gronov.</strong></span> <span class='ocrx_word' id='word_1_224' title='bbox 1263 2805 1293 2850; x_wconf 87' lang='lat' dir='ltr'><strong>v.</strong></span> <span class='ocrx_word' id='word_1_225' title='bbox 1324 2791 1358 2851; x_wconf 93' lang='lat'><strong>6:</strong></span> 
     </span>
     <span class='ocr_line' id='line_1_23' title="bbox 206 2895 354 2961; baseline 0.007 -16"><span class='ocrx_word' id='word_1_226' title='bbox 206 2895 354 2961; x_wconf 66' lang='lat' dir='ltr'><strong>pecorosa</strong></span> 
     </span>
    </p>

    <p class='ocr_par' dir='ltr' id='par_1_7' title="bbox 206 2981 1359 3257">
     <span class='ocr_line' id='line_1_24' title="bbox 284 2981 1359 3064; baseline 0.001 -18"><span class='ocrx_word' id='word_1_227' title='bbox 284 2988 336 3046; x_wconf 81' lang='lat'><strong>20.</strong></span> <span class='ocrx_word' id='word_1_228' title='bbox 375 2983 469 3047; x_wconf 85' lang='lat' dir='ltr'><strong>Ratio</strong></span> <span class='ocrx_word' id='word_1_229' title='bbox 491 2983 610 3063; x_wconf 85' lang='lat' dir='ltr'><strong>localia,</strong></span> <span class='ocrx_word' id='word_1_230' title='bbox 633 3000 715 3064; x_wconf 90' lang='lat' dir='ltr'><strong>quae</strong></span> <span class='ocrx_word' id='word_1_231' title='bbox 738 2989 789 3046; x_wconf 87' lang='lat' dir='ltr'><strong>est</strong></span> <span class='ocrx_word' id='word_1_232' title='bbox 809 2982 892 3046; x_wconf 90' lang='lat' dir='ltr'><strong>inter</strong></span> <span class='ocrx_word' id='word_1_233' title='bbox 913 2981 1022 3061; x_wconf 86' lang='lat' dir='ltr'><strong>plures</strong></span> <span class='ocrx_word' id='word_1_234' title='bbox 1045 3002 1097 3048; x_wconf 92' lang='lat' dir='ltr'><strong>res</strong></span> <span class='ocrx_word' id='word_1_235' title='bbox 1119 2982 1204 3047; x_wconf 89' lang='lat' dir='ltr'><strong>inter</strong></span> <span class='ocrx_word' id='word_1_236' title='bbox 1227 3001 1261 3047; x_wconf 90' lang='lat' dir='ltr'><strong>se</strong></span> <span class='ocrx_word' id='word_1_237' title='bbox 1285 3001 1359 3048; x_wconf 90' lang='lat' dir='ltr'><strong>con·</strong></span> 
     </span>
     <span class='ocr_line' id='line_1_25' title="bbox 206 3077 1355 3162; baseline 0.005 -21"><span class='ocrx_word' id='word_1_238' title='bbox 206 3077 323 3146; x_wconf 84' lang='lat' dir='ltr'><strong>iunctas</strong></span> <span class='ocrx_word' id='word_1_239' title='bbox 357 3089 391 3145; x_wconf 84' lang='lat' dir='ltr'><strong>et</strong></span> <span class='ocrx_word' id='word_1_240' title='bbox 420 3082 632 3160; x_wconf 77' lang='lat' dir='ltr'><strong>consociatae,</strong></span> <span class='ocrx_word' id='word_1_241' title='bbox 666 3101 731 3142; x_wconf 79' lang='lat' dir='ltr'><strong>eom</strong></span> <span class='ocrx_word' id='word_1_242' title='bbox 757 3079 994 3160; x_wconf 80' lang='lat' dir='ltr'><strong>praepositione</strong></span> <span class='ocrx_word' id='word_1_243' title='bbox 1022 3081 1226 3162; x_wconf 83' lang='lat' dir='ltr'><strong>exprimitur,</strong></span> <span class='ocrx_word' id='word_1_244' title='bbox 1264 3082 1355 3147; x_wconf 90' lang='lat' dir='ltr'><strong>cuius</strong></span> 
     </span>
     <span class='ocr_line' id='line_1_26' title="bbox 207 3177 867 3257; baseline -0.009 -13"><span class='ocrx_word' id='word_1_245' title='bbox 207 3184 306 3244; x_wconf 80' lang='lat' dir='ltr'><strong>tumen</strong></span> <span class='ocrx_word' id='word_1_246' title='bbox 334 3198 411 3244; x_wconf 89' lang='lat' dir='ltr'><strong>usus</strong></span> <span class='ocrx_word' id='word_1_247' title='bbox 435 3186 485 3242; x_wconf 90' lang='lat' dir='ltr'><strong>est</strong></span> <span class='ocrx_word' id='word_1_248' title='bbox 507 3180 614 3243; x_wconf 84' lang='lat' dir='ltr'><strong>varius</strong></span> <span class='ocrx_word' id='word_1_249' title='bbox 636 3185 669 3245; x_wconf 90' lang='lat' dir='ltr'><strong>et</strong></span> <span class='ocrx_word' id='word_1_250' title='bbox 691 3177 867 3257; x_wconf 81' lang='lat' dir='ltr'><strong>multiplex.</strong></span> 
     </span>
    </p>

    <p class='ocr_par' dir='ltr' id='par_1_8' title="bbox 200 3275 1357 4731">
     <span class='ocr_line' id='line_1_27' title="bbox 285 3275 1357 3358; baseline 0.001 -18"><span class='ocrx_word' id='word_1_251' title='bbox 285 3295 315 3343; x_wconf 85' lang='lat' dir='ltr'><strong>e.</strong></span> <span class='ocrx_word' id='word_1_252' title='bbox 358 3280 431 3341; x_wconf 78' lang='lat' dir='ltr'><strong>Gom</strong></span> <span class='ocrx_word' id='word_1_253' title='bbox 454 3278 598 3358; x_wconf 88' lang='lat' dir='ltr'><strong>ponitur,</strong></span> <span class='ocrx_word' id='word_1_254' title='bbox 621 3277 648 3340; x_wconf 87' lang='lat' dir='ltr'><strong>si</strong></span> <span class='ocrx_word' id='word_1_255' title='bbox 671 3278 752 3340; x_wconf 88' lang='lat' dir='ltr'><strong>duae</strong></span> <span class='ocrx_word' id='word_1_256' title='bbox 776 3292 933 3356; x_wconf 87' lang='lat' dir='ltr'><strong>personae</strong></span> <span class='ocrx_word' id='word_1_257' title='bbox 955 3275 1008 3339; x_wconf 80' lang='lat' dir='ltr'><strong>vel</strong></span> <span class='ocrx_word' id='word_1_258' title='bbox 1033 3294 1086 3341; x_wconf 90' lang='lat' dir='ltr'><strong>res</strong></span> <span class='ocrx_word' id='word_1_259' title='bbox 1107 3276 1154 3340; x_wconf 88' lang='lat' dir='ltr'><strong>ita</strong></span> <span class='ocrx_word' id='word_1_260' title='bbox 1176 3284 1250 3341; x_wconf 89' lang='lat' dir='ltr'><strong>suut</strong></span> <span class='ocrx_word' id='word_1_261' title='bbox 1273 3277 1357 3342; x_wconf 88' lang='lat' dir='ltr'><strong>iuter</strong></span> 
     </span>
     <span class='ocr_line' id='line_1_28' title="bbox 202 3372 1352 3454; baseline 0 -15"><span class='ocrx_word' id='word_1_262' title='bbox 202 3391 232 3439; x_wconf 84' lang='lat' dir='ltr'><strong>se</strong></span> <span class='ocrx_word' id='word_1_263' title='bbox 253 3377 457 3454; x_wconf 77' lang='lat' dir='ltr'><strong>comuuotae,</strong></span> <span class='ocrx_word' id='word_1_264' title='bbox 488 3383 525 3439; x_wconf 92' lang='lat' dir='ltr'><strong>ut</strong></span> <span class='ocrx_word' id='word_1_265' title='bbox 548 3382 603 3440; x_wconf 87' lang='lat' dir='ltr'><strong>aut</strong></span> <span class='ocrx_word' id='word_1_266' title='bbox 624 3384 779 3454; x_wconf 86' lang='lat' dir='ltr'><strong>utraeque</strong></span> <span class='ocrx_word' id='word_1_267' title='bbox 795 3373 881 3438; x_wconf 90' lang='lat' dir='ltr'><strong>idem</strong></span> <span class='ocrx_word' id='word_1_268' title='bbox 902 3372 1021 3438; x_wconf 85' lang='lat' dir='ltr'><strong>iaciant</strong></span> <span class='ocrx_word' id='word_1_269' title='bbox 1034 3379 1092 3437; x_wconf 87' lang='lat' dir='ltr'><strong>aut</strong></span> <span class='ocrx_word' id='word_1_270' title='bbox 1108 3373 1251 3453; x_wconf 90' lang='lat' dir='ltr'><strong>utrisque</strong></span> <span class='ocrx_word' id='word_1_271' title='bbox 1267 3374 1352 3439; x_wconf 93' lang='lat' dir='ltr'><strong>idem</strong></span> 
     </span>
     <span class='ocr_line' id='line_1_29' title="bbox 200 3469 1353 3553; baseline 0.001 -18"><span class='ocrx_word' id='word_1_272' title='bbox 200 3469 258 3536; x_wconf 75' lang='lat' dir='ltr'><strong>fuat.</strong></span> <span class='ocrx_word' id='word_1_273' title='bbox 303 3472 406 3553; x_wconf 80' lang='lat' dir='ltr'><strong>Legg.</strong></span> <span class='ocrx_word' id='word_1_274' title='bbox 435 3472 499 3538; x_wconf 90' lang='lat' dir='ltr'><strong>XII</strong></span> <span class='ocrx_word' id='word_1_275' title='bbox 527 3473 624 3552; x_wconf 77' lang='lat' dir='ltr'><strong>tabb,</strong></span> <span class='ocrx_word' id='word_1_276' title='bbox 660 3472 725 3537; x_wconf 82' lang='lat' dir='ltr'><strong>tab.</strong></span> <span class='ocrx_word' id='word_1_277' title='bbox 753 3471 810 3549; x_wconf 91' lang='lat' dir='ltr'><strong>XI,</strong></span> <span class='ocrx_word' id='word_1_278' title='bbox 838 3470 876 3534; x_wconf 85' lang='grc'><strong>11.</strong></span> <span class='ocrx_word' id='word_1_279' title='bbox 905 3475 939 3535; x_wconf 85' lang='lat'><strong>9:</strong></span> <span class='ocrx_word' id='word_1_280' title='bbox 973 3475 1012 3532; x_wconf 95' lang='lat' dir='ltr'><strong>im</strong></span> <span class='ocrx_word' id='word_1_281' title='bbox 1042 3492 1108 3536; x_wconf 83' lang='lat' dir='ltr'><strong>oum</strong></span> <span class='ocrx_word' id='word_1_282' title='bbox 1136 3474 1187 3532; x_wconf 74' lang='lat' dir='ltr'><strong>uio</strong></span> <span class='ocrx_word' id='word_1_283' title='bbox 1215 3477 1353 3548; x_wconf 76' lang='lat' dir='ltr'><strong>sepeIIre.</strong></span> 
     </span>
     <span class='ocr_line' id='line_1_30' title="bbox 201 3567 1353 3652; baseline 0.002 -19"><span class='ocrx_word' id='word_1_284' title='bbox 201 3567 334 3634; x_wconf 78' lang='grc'>111111.</span> <span class='ocrx_word' id='word_1_285' title='bbox 358 3569 396 3634; x_wconf 88' lang='lat' dir='ltr'><strong>R.</strong></span> <span class='ocrx_word' id='word_1_286' title='bbox 420 3588 445 3636; x_wconf 90' lang='lat' dir='ltr'><strong>c.</strong></span> <span class='ocrx_word' id='word_1_287' title='bbox 470 3576 523 3636; x_wconf 92' lang='lat'><strong>10:</strong></span> <span class='ocrx_word' id='word_1_288' title='bbox 547 3580 648 3633; x_wconf 86' lang='lat' dir='ltr'><strong>aratra</strong></span> <span class='ocrx_word' id='word_1_289' title='bbox 669 3591 735 3633; x_wconf 82' lang='lat' dir='ltr'><strong>eum</strong></span> <span class='ocrx_word' id='word_1_290' title='bbox 756 3573 921 3632; x_wconf 76' lang='lat' dir='ltr'><strong>vomeribus</strong></span> <span class='ocrx_word' id='word_1_291' title='bbox 947 3571 999 3631; x_wconf 87' lang='lat' dir='ltr'><strong>VI.</strong></span> <span class='ocrx_word' id='word_1_292' title='bbox 1045 3570 1138 3633; x_wconf 86' lang='lat' dir='ltr'><strong>Ennii</strong></span> <span class='ocrx_word' id='word_1_293' title='bbox 1161 3569 1304 3633; x_wconf 78' lang='lat' dir='ltr'><strong>ennodi.</strong></span> <span class='ocrx_word' id='word_1_294' title='bbox 1327 3572 1353 3652; x_wconf 94' lang='lat' dir='ltr'><strong>l,</strong></span> 
     </span>
     <span class='ocr_line' id='line_1_31' title="bbox 200 3665 1353 3748; baseline 0.001 -18"><span class='ocrx_word' id='word_1_295' title='bbox 200 3665 234 3731; x_wconf 85' lang='grc'><strong>11.</strong></span> <span class='ocrx_word' id='word_1_296' title='bbox 261 3675 316 3748; x_wconf 79' lang='grc'><strong>31,</strong></span> <span class='ocrx_word' id='word_1_297' title='bbox 351 3688 381 3731; x_wconf 87' lang='lat' dir='ltr'><strong>v.</strong></span> <span class='ocrx_word' id='word_1_298' title='bbox 405 3675 462 3734; x_wconf 84' lang='lat'><strong>55:</strong></span> <span class='ocrx_word' id='word_1_299' title='bbox 501 3673 600 3746; x_wconf 87' lang='lat' dir='ltr'><strong>Teque</strong></span> <span class='ocrx_word' id='word_1_300' title='bbox 636 3679 724 3746; x_wconf 86' lang='lat' dir='ltr'><strong>pater</strong></span> <span class='ocrx_word' id='word_1_301' title='bbox 757 3672 897 3730; x_wconf 90' lang='lat' dir='ltr'><strong>Tiberine</strong></span> <span class='ocrx_word' id='word_1_302' title='bbox 925 3674 973 3730; x_wconf 77' lang='lat' dir='ltr'><strong>tuo</strong></span> <span class='ocrx_word' id='word_1_303' title='bbox 1000 3687 1066 3728; x_wconf 83' lang='lat' dir='ltr'><strong>cum</strong></span> <span class='ocrx_word' id='word_1_304' title='bbox 1091 3670 1213 3739; x_wconf 75' lang='lat' dir='ltr'><strong>[tomice</strong></span> <span class='ocrx_word' id='word_1_305' title='bbox 1244 3675 1353 3731; x_wconf 78' lang='lat' dir='ltr'><strong>sancto.</strong></span> 
     </span>
     <span class='ocr_line' id='line_1_32' title="bbox 202 3765 1355 3847; baseline -0.005 -17"><span class='ocrx_word' id='word_1_306' title='bbox 202 3765 393 3833; x_wconf 80' lang='lat' dir='ltr'><strong>Euhemerus</strong></span> <span class='ocrx_word' id='word_1_307' title='bbox 414 3767 453 3832; x_wconf 81' lang='lat' dir='ltr'><strong>fr.</strong></span> <span class='ocrx_word' id='word_1_308' title='bbox 481 3774 507 3847; x_wconf 95' lang='lat' dir='ltr'><strong>l,</strong></span> <span class='ocrx_word' id='word_1_309' title='bbox 531 3785 561 3847; x_wconf 91' lang='lat' dir='ltr'><strong>p.</strong></span> <span class='ocrx_word' id='word_1_310' title='bbox 587 3771 645 3832; x_wconf 86' lang='lat'><strong>169</strong></span> <span class='ocrx_word' id='word_1_311' title='bbox 670 3765 818 3832; x_wconf 77' lang='lat' dir='ltr'><strong>Vahlen:</strong></span> <span class='ocrx_word' id='word_1_312' title='bbox 841 3770 867 3828; x_wconf 91' lang='lat' dir='ltr'><strong>is</strong></span> <span class='ocrx_word' id='word_1_313' title='bbox 883 3770 911 3827; x_wconf 89' lang='lat' dir='ltr'><strong>id</strong></span> <span class='ocrx_word' id='word_1_314' title='bbox 935 3785 1058 3843; x_wconf 79' lang='lat' dir='ltr'><strong>reguum</strong></span> <span class='ocrx_word' id='word_1_315' title='bbox 1081 3783 1140 3825; x_wconf 87' lang='lat' dir='ltr'><strong>uua</strong></span> <span class='ocrx_word' id='word_1_316' title='bbox 1161 3783 1227 3825; x_wconf 71' lang='lat' dir='ltr'><strong>osam</strong></span> <span class='ocrx_word' id='word_1_317' title='bbox 1248 3766 1355 3838; x_wconf 75' lang='lat' dir='ltr'><strong>fratri-</strong></span> 
     </span>
     <span class='ocr_line' id='line_1_33' title="bbox 203 3863 1352 3941; baseline -0.003 -13"><span class='ocrx_word' id='word_1_318' title='bbox 203 3868 248 3928; x_wconf 79' lang='grc'>1111</span> <span class='ocrx_word' id='word_1_319' title='bbox 267 3871 331 3930; x_wconf 77' lang='lat' dir='ltr'><strong>sais</strong></span> <span class='ocrx_word' id='word_1_320' title='bbox 353 3869 491 3928; x_wconf 82' lang='lat' dir='ltr'><strong>instituit.</strong></span> <span class='ocrx_word' id='word_1_321' title='bbox 537 3863 647 3928; x_wconf 82' lang='lat' dir='ltr'><strong>Annal.</strong></span> <span class='ocrx_word' id='word_1_322' title='bbox 670 3864 690 3928; x_wconf 94' lang='lat' dir='ltr'><strong>l.</strong></span> <span class='ocrx_word' id='word_1_323' title='bbox 713 3864 767 3941; x_wconf 90' lang='lat' dir='ltr'><strong>VI,</strong></span> <span class='ocrx_word' id='word_1_324' title='bbox 792 3867 828 3929; x_wconf 87' lang='grc'><strong>11.</strong></span> <span class='ocrx_word' id='word_1_325' title='bbox 854 3870 909 3930; x_wconf 83' lang='lat'><strong>20:</strong></span> <span class='ocrx_word' id='word_1_326' title='bbox 941 3867 1074 3926; x_wconf 87' lang='lat' dir='ltr'><strong>Vestitus</strong></span> <span class='ocrx_word' id='word_1_327' title='bbox 1097 3867 1215 3924; x_wconf 88' lang='lat' dir='ltr'><strong>interea</strong></span> <span class='ocrx_word' id='word_1_328' title='bbox 1237 3867 1352 3925; x_wconf 89' lang='lat' dir='ltr'><strong>coelum</strong></span> 
     </span>
     <span class='ocr_line' id='line_1_34' title="bbox 203 3961 1352 4042; baseline -0.004 -17"><span class='ocrx_word' id='word_1_329' title='bbox 203 3983 260 4025; x_wconf 70' lang='lat' dir='ltr'><strong>ean</strong></span> <span class='ocrx_word' id='word_1_330' title='bbox 281 3968 448 4041; x_wconf 71' lang='lat' dir='ltr'><strong>inperitiores</strong></span> <span class='ocrx_word' id='word_1_331' title='bbox 469 3966 571 4038; x_wconf 69' lang='grc'>119111.</span> <span class='ocrx_word' id='word_1_332' title='bbox 592 3963 611 4027; x_wconf 90' lang='lat' dir='ltr'><strong>I</strong></span> <span class='ocrx_word' id='word_1_333' title='bbox 635 3962 739 4042; x_wconf 86' lang='lat' dir='ltr'><strong>XVII,</strong></span> <span class='ocrx_word' id='word_1_334' title='bbox 758 3961 798 4041; x_wconf 88' lang='grc'><strong>11,</strong></span> <span class='ocrx_word' id='word_1_335' title='bbox 823 3969 851 4042; x_wconf 82' lang='grc'><strong>5,</strong></span> <span class='ocrx_word' id='word_1_336' title='bbox 875 3982 903 4026; x_wconf 83' lang='lat' dir='ltr'><strong>v.</strong></span> <span class='ocrx_word' id='word_1_337' title='bbox 928 3968 1004 4026; x_wconf 84' lang='lat'>423:</span> <span class='ocrx_word' id='word_1_338' title='bbox 1029 3966 1187 4039; x_wconf 85' lang='lat' dir='ltr'><strong>aquilaque</strong></span> <span class='ocrx_word' id='word_1_339' title='bbox 1209 3980 1262 4023; x_wconf 82' lang='lat' dir='ltr'><strong>suo</strong></span> <span class='ocrx_word' id='word_1_340' title='bbox 1285 3980 1352 4022; x_wconf 84' lang='lat' dir='ltr'><strong>cam</strong></span> 
     </span>
     <span class='ocr_line' id='line_1_35' title="bbox 204 4060 1353 4139; baseline -0.002 -17"><span class='ocrx_word' id='word_1_341' title='bbox 204 4065 319 4131; x_wconf 70' lang='lat' dir='ltr'><strong>ioniae.</strong></span> <span class='ocrx_word' id='word_1_342' title='bbox 370 4061 474 4127; x_wconf 87' lang='lat' dir='ltr'><strong>Plaut.</strong></span> <span class='ocrx_word' id='word_1_343' title='bbox 502 4060 590 4125; x_wconf 80' lang='lat' dir='ltr'><strong>Pers</strong></span> <span class='ocrx_word' id='word_1_344' title='bbox 618 4060 661 4139; x_wconf 92' lang='lat' dir='ltr'><strong>Il,</strong></span> <span class='ocrx_word' id='word_1_345' title='bbox 692 4066 720 4139; x_wconf 90' lang='lat'><strong>3,</strong></span> <span class='ocrx_word' id='word_1_346' title='bbox 750 4067 804 4125; x_wconf 83' lang='lat'><strong>15:</strong></span> <span class='ocrx_word' id='word_1_347' title='bbox 842 4065 892 4139; x_wconf 91' lang='lat' dir='ltr'><strong>qui</strong></span> <span class='ocrx_word' id='word_1_348' title='bbox 920 4064 1044 4123; x_wconf 88' lang='lat' dir='ltr'><strong>salinum</strong></span> <span class='ocrx_word' id='word_1_349' title='bbox 1073 4080 1159 4122; x_wconf 84' lang='lat' dir='ltr'><strong>servo</strong></span> <span class='ocrx_word' id='word_1_350' title='bbox 1195 4063 1353 4136; x_wconf 82' lang='lat' dir='ltr'><strong>obsignant</strong></span> 
     </span>
     <span class='ocr_line' id='line_1_36' title="bbox 207 4157 1352 4240; baseline -0.002 -19"><span class='ocrx_word' id='word_1_351' title='bbox 207 4164 359 4232; x_wconf 70' lang='grc'>11111111,</span> <span class='ocrx_word' id='word_1_352' title='bbox 388 4166 427 4224; x_wconf 87' lang='lat' dir='ltr'><strong>ad</strong></span> <span class='ocrx_word' id='word_1_353' title='bbox 449 4178 478 4240; x_wconf 95' lang='lat' dir='ltr'><strong>q.</strong></span> <span class='ocrx_word' id='word_1_354' title='bbox 505 4160 525 4223; x_wconf 94' lang='grc'><strong>1.</strong></span> <span class='ocrx_word' id='word_1_355' title='bbox 546 4157 640 4224; x_wconf 87' lang='lat' dir='ltr'><strong>affert</strong></span> <span class='ocrx_word' id='word_1_356' title='bbox 662 4158 829 4238; x_wconf 86' lang='lat' dir='ltr'><strong>Scioppius</strong></span> <span class='ocrx_word' id='word_1_357' title='bbox 858 4157 984 4224; x_wconf 87' lang='lat' dir='ltr'><strong>Curcul.</strong></span> <span class='ocrx_word' id='word_1_358' title='bbox 1006 4158 1036 4237; x_wconf 94' lang='grc'><strong>1,</strong></span> <span class='ocrx_word' id='word_1_359' title='bbox 1063 4164 1096 4236; x_wconf 92' lang='grc'><strong>1,</strong></span> <span class='ocrx_word' id='word_1_360' title='bbox 1120 4161 1175 4221; x_wconf 84' lang='lat'><strong>82:</strong></span> <span class='ocrx_word' id='word_1_361' title='bbox 1203 4161 1281 4219; x_wconf 84' lang='lat' dir='ltr'><strong>Eine</strong></span> <span class='ocrx_word' id='word_1_362' title='bbox 1303 4159 1352 4219; x_wconf 84' lang='lat' dir='ltr'><strong>hic</strong></span> 
     </span>
     <span class='ocr_line' id='line_1_37' title="bbox 204 4256 1350 4337; baseline 0 -19"><span class='ocrx_word' id='word_1_363' title='bbox 204 4276 258 4318; x_wconf 73' lang='lat' dir='ltr'><strong>urm</strong></span> <span class='ocrx_word' id='word_1_364' title='bbox 277 4263 346 4321; x_wconf 71' lang='lat' dir='ltr'><strong>oeno</strong></span> <span class='ocrx_word' id='word_1_365' title='bbox 365 4264 447 4322; x_wconf 85' lang='lat' dir='ltr'><strong>sinus</strong></span> <span class='ocrx_word' id='word_1_366' title='bbox 470 4260 593 4322; x_wconf 77' lang='lat' dir='ltr'><strong>fertur?</strong></span> <span class='ocrx_word' id='word_1_367' title='bbox 615 4256 699 4335; x_wconf 90' lang='lat' dir='ltr'><strong>quod</strong></span> <span class='ocrx_word' id='word_1_368' title='bbox 716 4257 854 4336; x_wconf 81' lang='lat' dir='ltr'><strong>explieat</strong></span> <span class='ocrx_word' id='word_1_369' title='bbox 870 4274 928 4337; x_wconf 89' lang='lat' dir='ltr'><strong>per</strong></span> <span class='ocrx_word' id='word_1_370' title='bbox 942 4261 1033 4335; x_wconf 91' lang='lat' dir='ltr'><strong>siuns,</strong></span> <span class='ocrx_word' id='word_1_371' title='bbox 1055 4259 1086 4318; x_wconf 91' lang='lat' dir='ltr'><strong>in</strong></span> <span class='ocrx_word' id='word_1_372' title='bbox 1108 4274 1165 4332; x_wconf 91' lang='lat' dir='ltr'><strong>quo</strong></span> <span class='ocrx_word' id='word_1_373' title='bbox 1182 4265 1228 4318; x_wconf 88' lang='lat' dir='ltr'><strong>est</strong></span> <span class='ocrx_word' id='word_1_374' title='bbox 1244 4258 1350 4318; x_wconf 82' lang='lat' dir='ltr'><strong>viuum.</strong></span> 
     </span>
     <span class='ocr_line' id='line_1_38' title="bbox 206 4351 1350 4436; baseline -0.003 -19"><span class='ocrx_word' id='word_1_375' title='bbox 206 4352 276 4421; x_wconf 82' lang='lat' dir='ltr'><strong>Trio.</strong></span> <span class='ocrx_word' id='word_1_376' title='bbox 299 4358 342 4436; x_wconf 90' lang='lat'><strong>11,</strong></span> <span class='ocrx_word' id='word_1_377' title='bbox 364 4366 396 4436; x_wconf 83' lang='lat'><strong>4,</strong></span> <span class='ocrx_word' id='word_1_378' title='bbox 420 4363 477 4422; x_wconf 79' lang='lat'><strong>37:</strong></span> <span class='ocrx_word' id='word_1_379' title='bbox 502 4370 632 4419; x_wconf 78' lang='lat' dir='ltr'><strong>mutuom</strong></span> <span class='ocrx_word' id='word_1_380' title='bbox 655 4374 768 4416; x_wconf 82' lang='lat' dir='ltr'><strong>mecum</strong></span> <span class='ocrx_word' id='word_1_381' title='bbox 790 4357 872 4434; x_wconf 84' lang='lat' dir='ltr'><strong>iacit,</strong></span> <span class='ocrx_word' id='word_1_382' title='bbox 900 4354 929 4418; x_wconf 93' lang='lat' dir='ltr'><strong>h.</strong></span> <span class='ocrx_word' id='word_1_383' title='bbox 953 4373 991 4433; x_wconf 85' lang='lat' dir='ltr'><strong>e,</strong></span> <span class='ocrx_word' id='word_1_384' title='bbox 1015 4360 1052 4418; x_wconf 93' lang='lat' dir='ltr'><strong>nt</strong></span> <span class='ocrx_word' id='word_1_385' title='bbox 1072 4352 1181 4417; x_wconf 88' lang='lat' dir='ltr'><strong>Lemb.</strong></span> <span class='ocrx_word' id='word_1_386' title='bbox 1206 4351 1307 4431; x_wconf 77' lang='lat' dir='ltr'><strong>erpi,</strong></span> <span class='ocrx_word' id='word_1_387' title='bbox 1330 4369 1350 4415; x_wconf 93' lang='lat' dir='ltr'><strong>a</strong></span> 
     </span>
     <span class='ocr_line' id='line_1_39' title="bbox 202 4451 1352 4532; baseline -0.003 -16"><span class='ocrx_word' id='word_1_388' title='bbox 202 4469 244 4518; x_wconf 86' lang='lat' dir='ltr'><strong>me</strong></span> <span class='ocrx_word' id='word_1_389' title='bbox 267 4466 378 4523; x_wconf 85' lang='lat' dir='ltr'><strong>mutue</strong></span> <span class='ocrx_word' id='word_1_390' title='bbox 405 4458 543 4522; x_wconf 82' lang='lat' dir='ltr'><strong>amatur.</strong></span> <span class='ocrx_word' id='word_1_391' title='bbox 586 4453 702 4519; x_wconf 86' lang='lat' dir='ltr'><strong>Pseud.</strong></span> <span class='ocrx_word' id='word_1_392' title='bbox 726 4453 768 4532; x_wconf 92' lang='lat' dir='ltr'><strong>II,</strong></span> <span class='ocrx_word' id='word_1_393' title='bbox 803 4463 833 4531; x_wconf 87' lang='lat'><strong>4,</strong></span> <span class='ocrx_word' id='word_1_394' title='bbox 867 4457 923 4518; x_wconf 86' lang='lat'><strong>63:</strong></span> <span class='ocrx_word' id='word_1_395' title='bbox 956 4455 1125 4515; x_wconf 85' lang='lat' dir='ltr'><strong>Sumbolum</strong></span> <span class='ocrx_word' id='word_1_396' title='bbox 1161 4453 1238 4511; x_wconf 88' lang='lat' dir='ltr'><strong>hunc</strong></span> <span class='ocrx_word' id='word_1_397' title='bbox 1271 4451 1352 4513; x_wconf 87' lang='lat' dir='ltr'><strong>ferat</strong></span> 
     </span>
     <span class='ocr_line' id='line_1_40' title="bbox 202 4549 1350 4632; baseline 0 -21"><span class='ocrx_word' id='word_1_398' title='bbox 202 4553 289 4618; x_wconf 82' lang='lat' dir='ltr'><strong>lenoni</strong></span> <span class='ocrx_word' id='word_1_399' title='bbox 321 4576 387 4619; x_wconf 81' lang='lat' dir='ltr'><strong>cam</strong></span> <span class='ocrx_word' id='word_1_400' title='bbox 420 4558 549 4632; x_wconf 89' lang='lat' dir='ltr'><strong>quinque</strong></span> <span class='ocrx_word' id='word_1_401' title='bbox 576 4556 692 4629; x_wconf 83' lang='lat' dir='ltr'><strong>argenti</strong></span> <span class='ocrx_word' id='word_1_402' title='bbox 719 4552 816 4613; x_wconf 71' lang='grc'>111111.</span> <span class='ocrx_word' id='word_1_403' title='bbox 860 4549 975 4615; x_wconf 88' lang='lat' dir='ltr'><strong>Pseud.</strong></span> <span class='ocrx_word' id='word_1_404' title='bbox 1007 4568 1035 4614; x_wconf 84' lang='lat' dir='ltr'><strong>v.</strong></span> <span class='ocrx_word' id='word_1_405' title='bbox 1066 4553 1127 4613; x_wconf 85' lang='grc'><strong>838</strong></span> <span class='ocrx_word' id='word_1_406' title='bbox 1158 4565 1218 4628; x_wconf 86' lang='lat' dir='ltr'><strong>sq:</strong></span> <span class='ocrx_word' id='word_1_407' title='bbox 1251 4554 1292 4611; x_wconf 83' lang='lat' dir='ltr'><strong>At</strong></span> <span class='ocrx_word' id='word_1_408' title='bbox 1320 4558 1350 4611; x_wconf 85' lang='lat' dir='ltr'><strong>te</strong></span> 
     </span>
     <span class='ocr_line' id='line_1_41' title="bbox 201 4648 1349 4731; baseline 0 -22"><span class='ocrx_word' id='word_1_409' title='bbox 201 4651 323 4729; x_wconf 81' lang='lat' dir='ltr'><strong>Iuppiter</strong></span> <span class='ocrx_word' id='word_1_410' title='bbox 344 4657 444 4731; x_wconf 89' lang='lat' dir='ltr'><strong>Dique</strong></span> <span class='ocrx_word' id='word_1_411' title='bbox 467 4670 569 4713; x_wconf 86' lang='lat' dir='ltr'><strong>omues</strong></span> <span class='ocrx_word' id='word_1_412' title='bbox 593 4652 722 4726; x_wconf 82' lang='lat' dir='ltr'><strong>perdam</strong></span> <span class='ocrx_word' id='word_1_413' title='bbox 749 4669 815 4710; x_wconf 80' lang='lat' dir='ltr'><strong>com</strong></span> <span class='ocrx_word' id='word_1_414' title='bbox 836 4651 1026 4711; x_wconf 77' lang='lat' dir='ltr'><strong>condimentis</strong></span> <span class='ocrx_word' id='word_1_415' title='bbox 1053 4650 1112 4708; x_wconf 81' lang='lat' dir='ltr'><strong>tuis</strong></span> <span class='ocrx_word' id='word_1_416' title='bbox 1136 4648 1267 4724; x_wconf 79' lang='lat' dir='ltr'><strong>Cumque</strong></span> <span class='ocrx_word' id='word_1_417' title='bbox 1291 4649 1349 4709; x_wconf 73' lang='lat' dir='ltr'><strong>tois</strong></span> 
     </span>
    </p>
   </div>
   <div class='ocr_carea' id='block_1_4' title="bbox 0 0 1568 5075">
    <p class='ocr_par' dir='ltr' id='par_1_9' title="bbox 0 0 1568 5075">
     <span class='ocr_line' id='line_1_42' title="bbox 0 0 1568 5075; baseline 0 2"><span class='ocrx_word' id='word_1_418' title='bbox 0 0 1568 5075; x_wconf 95' lang='lat' dir='ltr'><strong> </strong></span> 
     </span>
    </p>
   </div>
  </div>
 </body>
</html>
