<?xml version="1.0" encoding="UTF-8"?>
<!DOCTYPE html PUBLIC "-//W3C//DTD XHTML 1.0 Transitional//EN"
    "http://www.w3.org/TR/xhtml1/DTD/xhtml1-transitional.dtd">
<html xmlns="http://www.w3.org/1999/xhtml" xml:lang="en" lang="en">
 <head>
  <title>
</title>
<meta http-equiv="Content-Type" content="text/html;charset=utf-8" />
  <meta name='ocr-system' content='tesseract 3.04.00' />
  <meta name='ocr-capabilities' content='ocr_page ocr_carea ocr_par ocr_line ocrx_word'/>
</head>
<body>
  <div class='ocr_page' id='page_1' title='image "./syntaxispriscor00holtgoog_0077.png"; bbox 0 0 3125 5075; ppageno 0'>
   <div class='ocr_carea' id='block_1_1' title="bbox 206 339 933 406">
    <p class='ocr_par' dir='ltr' id='par_1_1' title="bbox 206 339 933 406">
     <span class='ocr_line' id='line_1_1' title="bbox 206 339 933 406; baseline -0.012 -19"><span class='ocrx_word' id='word_1_1' title='bbox 206 349 247 406; x_wconf 69' lang='lat' dir='ltr'>gg</span> <span class='ocrx_word' id='word_1_2' title='bbox 635 343 791 383; x_wconf 79' lang='lat' dir='ltr'>snssrasr.</span> <span class='ocrx_word' id='word_1_3' title='bbox 814 339 877 380; x_wconf 81' lang='lat' dir='ltr'>car.</span> <span class='ocrx_word' id='word_1_4' title='bbox 893 340 933 379; x_wconf 90' lang='lat' dir='ltr'>nr.</span> 
     </span>
    </p>
   </div>
   <div class='ocr_carea' id='block_1_2' title="bbox 201 511 1369 4391">
    <p class='ocr_par' dir='ltr' id='par_1_2' title="bbox 203 511 1365 1859">
     <span class='ocr_line' id='line_1_2' title="bbox 206 511 1363 592; baseline -0.001 -18"><span class='ocrx_word' id='word_1_5' title='bbox 206 522 294 589; x_wconf 87' lang='lat' dir='ltr'>pater</span> <span class='ocrx_word' id='word_1_6' title='bbox 316 515 352 574; x_wconf 84' lang='lat' dir='ltr'>de</span> <span class='ocrx_word' id='word_1_7' title='bbox 370 513 526 576; x_wconf 73' lang='lat' dir='ltr'>Olerosolo.</span> <span class='ocrx_word' id='word_1_8' title='bbox 572 511 628 592; x_wconf 91' lang='lat' dir='ltr'>IV,</span> <span class='ocrx_word' id='word_1_9' title='bbox 673 561 681 592; x_wconf 93' lang='lat'>,</span> <span class='ocrx_word' id='word_1_10' title='bbox 706 516 763 577; x_wconf 79' lang='lat'>58:</span> <span class='ocrx_word' id='word_1_11' title='bbox 793 516 841 575; x_wconf 88' lang='lat' dir='ltr'>De</span> <span class='ocrx_word' id='word_1_12' title='bbox 863 515 996 576; x_wconf 74' lang='lat' dir='ltr'>doceatis</span> <span class='ocrx_word' id='word_1_13' title='bbox 1017 512 1146 573; x_wconf 75' lang='lat' dir='ltr'>sommis</span> <span class='ocrx_word' id='word_1_14' title='bbox 1167 513 1297 587; x_wconf 87' lang='lat' dir='ltr'>primum</span> <span class='ocrx_word' id='word_1_15' title='bbox 1320 514 1363 573; x_wconf 87' lang='lat' dir='ltr'>iu·</span> 
     </span>
     <span class='ocr_line' id='line_1_3' title="bbox 205 597 1363 688; baseline 0.003 -20"><span class='ocrx_word' id='word_1_16' title='bbox 205 611 325 672; x_wconf 87' lang='lat' dir='ltr'>tendam</span> <span class='ocrx_word' id='word_1_17' title='bbox 348 613 499 673; x_wconf 78' lang='lat' dir='ltr'><strong>ballistam</strong></span> <span class='ocrx_word' id='word_1_18' title='bbox 522 613 553 672; x_wconf 89' lang='lat' dir='ltr'>ia</span> <span class='ocrx_word' id='word_1_19' title='bbox 577 597 624 672; x_wconf 79' lang='lat' dir='ltr'>sa¹</span> <span class='ocrx_word' id='word_1_20' title='bbox 663 601 686 672; x_wconf 67' lang='lat'>&#39;.</span> <span class='ocrx_word' id='word_1_21' title='bbox 734 614 763 688; x_wconf 88' lang='grc'>9,</span> <span class='ocrx_word' id='word_1_22' title='bbox 789 615 843 675; x_wconf 86' lang='lat'>34:</span> <span class='ocrx_word' id='word_1_23' title='bbox 873 612 1007 672; x_wconf 86' lang='lat' dir='ltr'>dixeram</span> <span class='ocrx_word' id='word_1_24' title='bbox 1030 616 1132 671; x_wconf 81' lang='grc' dir='ltr'>ιιοιιιο</span> <span class='ocrx_word' id='word_1_25' title='bbox 1155 610 1222 669; x_wconf 89' lang='lat' dir='ltr'>seni</span> <span class='ocrx_word' id='word_1_26' title='bbox 1244 611 1363 671; x_wconf 85' lang='lat' dir='ltr'>menda·</span> 
     </span>
     <span class='ocr_line' id='line_1_4' title="bbox 205 702 1365 782; baseline 0 -14"><span class='ocrx_word' id='word_1_27' title='bbox 205 711 283 769; x_wconf 88' lang='lat' dir='ltr'>cium</span> <span class='ocrx_word' id='word_1_28' title='bbox 306 711 348 769; x_wconf 86' lang='grc' dir='ltr'>Ει</span> <span class='ocrx_word' id='word_1_29' title='bbox 369 710 405 770; x_wconf 80' lang='lat' dir='ltr'>de</span> <span class='ocrx_word' id='word_1_30' title='bbox 428 708 540 782; x_wconf 76' lang='lat' dir='ltr'><strong><em>hospite</em></strong></span> <span class='ocrx_word' id='word_1_31' title='bbox 561 716 593 770; x_wconf 91' lang='lat' dir='ltr'>et</span> <span class='ocrx_word' id='word_1_32' title='bbox 613 708 650 768; x_wconf 82' lang='lat' dir='ltr'>ola</span> <span class='ocrx_word' id='word_1_33' title='bbox 669 725 743 769; x_wconf 71' lang='lat' dir='ltr'>oraro</span> <span class='ocrx_word' id='word_1_34' title='bbox 766 719 798 769; x_wconf 92' lang='lat' dir='ltr'>et</span> <span class='ocrx_word' id='word_1_35' title='bbox 819 709 855 768; x_wconf 83' lang='lat' dir='ltr'>de</span> <span class='ocrx_word' id='word_1_36' title='bbox 876 708 976 769; x_wconf 78' lang='lat' dir='ltr'>lembo.</span> <span class='ocrx_word' id='word_1_37' title='bbox 1014 702 1113 770; x_wconf 86' lang='lat' dir='ltr'>Stich.</span> <span class='ocrx_word' id='word_1_38' title='bbox 1128 702 1155 781; x_wconf 95' lang='lat'>1,</span> <span class='ocrx_word' id='word_1_39' title='bbox 1181 708 1208 781; x_wconf 91' lang='lat'>1,</span> <span class='ocrx_word' id='word_1_40' title='bbox 1232 707 1267 768; x_wconf 84' lang='lat'>9:</span> <span class='ocrx_word' id='word_1_41' title='bbox 1291 708 1365 768; x_wconf 84' lang='lat' dir='ltr'>Volo</span> 
     </span>
     <span class='ocr_line' id='line_1_5' title="bbox 204 802 1364 882; baseline 0.001 -17"><span class='ocrx_word' id='word_1_42' title='bbox 204 812 304 866; x_wconf 85' lang='lat' dir='ltr'>tecum</span> <span class='ocrx_word' id='word_1_43' title='bbox 327 809 409 882; x_wconf 88' lang='lat' dir='ltr'>loqui</span> <span class='ocrx_word' id='word_1_44' title='bbox 438 807 474 865; x_wconf 83' lang='lat' dir='ltr'>de</span> <span class='ocrx_word' id='word_1_45' title='bbox 494 823 528 865; x_wconf 87' lang='lat' dir='ltr'>re</span> <span class='ocrx_word' id='word_1_46' title='bbox 556 807 621 865; x_wconf 84' lang='lat' dir='ltr'>riri.</span> <span class='ocrx_word' id='word_1_47' title='bbox 667 803 708 882; x_wconf 94' lang='lat' dir='ltr'>II,</span> <span class='ocrx_word' id='word_1_48' title='bbox 732 808 762 882; x_wconf 98' lang='grc'>2,</span> <span class='ocrx_word' id='word_1_49' title='bbox 787 808 841 868; x_wconf 84' lang='grc'>34;</span> <span class='ocrx_word' id='word_1_50' title='bbox 876 806 1057 880; x_wconf 70' lang='lat' dir='ltr'>Principium</span> <span class='ocrx_word' id='word_1_51' title='bbox 1084 805 1186 879; x_wconf 85' lang='lat' dir='ltr'>placet</span> <span class='ocrx_word' id='word_1_52' title='bbox 1213 802 1250 863; x_wconf 84' lang='lat' dir='ltr'>de</span> <span class='ocrx_word' id='word_1_53' title='bbox 1277 804 1364 866; x_wconf 65' lang='lat' dir='ltr'>hdie</span> 
     </span>
     <span class='ocr_line' id='line_1_6' title="bbox 205 897 1365 980; baseline -0.001 -15"><span class='ocrx_word' id='word_1_54' title='bbox 205 898 323 965; x_wconf 79' lang='lat' dir='ltr'>Caecil.</span> <span class='ocrx_word' id='word_1_55' title='bbox 339 899 419 965; x_wconf 83' lang='lat' dir='ltr'>Stat</span> <span class='ocrx_word' id='word_1_56' title='bbox 436 900 678 980; x_wconf 87' lang='lat' dir='ltr'>Harpazomene</span> <span class='ocrx_word' id='word_1_57' title='bbox 694 900 730 964; x_wconf 82' lang='grc' dir='ltr'>ιι.</span> <span class='ocrx_word' id='word_1_58' title='bbox 748 904 777 979; x_wconf 88' lang='lat'>6,</span> <span class='ocrx_word' id='word_1_59' title='bbox 800 919 829 964; x_wconf 83' lang='lat' dir='ltr'>v.</span> <span class='ocrx_word' id='word_1_60' title='bbox 847 905 901 965; x_wconf 84' lang='lat'>63:</span> <span class='ocrx_word' id='word_1_61' title='bbox 924 901 962 964; x_wconf 81' lang='lat' dir='ltr'>&lt;le</span> <span class='ocrx_word' id='word_1_62' title='bbox 984 918 1051 962; x_wconf 88' lang='lat' dir='ltr'>meo</span> <span class='ocrx_word' id='word_1_63' title='bbox 1074 917 1184 961; x_wconf 88' lang='lat' dir='ltr'>amore.</span> <span class='ocrx_word' id='word_1_64' title='bbox 1222 897 1365 964; x_wconf 84' lang='lat' dir='ltr'>Plocium</span> 
     </span>
     <span class='ocr_line' id='line_1_7' title="bbox 204 994 1364 1077; baseline -0.004 -13"><span class='ocrx_word' id='word_1_65' title='bbox 204 994 245 1064; x_wconf 70' lang='lat' dir='ltr'>fn</span> <span class='ocrx_word' id='word_1_66' title='bbox 269 1002 298 1077; x_wconf 82' lang='lat'>2,</span> <span class='ocrx_word' id='word_1_67' title='bbox 322 1015 350 1061; x_wconf 91' lang='lat' dir='ltr'>v.</span> <span class='ocrx_word' id='word_1_68' title='bbox 378 1003 450 1062; x_wconf 89' lang='lat'>161:</span> <span class='ocrx_word' id='word_1_69' title='bbox 485 1001 535 1060; x_wconf 89' lang='lat' dir='ltr'>Nil</span> <span class='ocrx_word' id='word_1_70' title='bbox 557 1007 666 1074; x_wconf 82' lang='lat' dir='ltr'>pereat</span> <span class='ocrx_word' id='word_1_71' title='bbox 686 999 722 1059; x_wconf 82' lang='lat' dir='ltr'>de</span> <span class='ocrx_word' id='word_1_72' title='bbox 743 1001 835 1061; x_wconf 81' lang='lat' dir='ltr'>sooio.</span> <span class='ocrx_word' id='word_1_73' title='bbox 880 997 1009 1062; x_wconf 82' lang='lat' dir='ltr'><strong>Terent.</strong></span> <span class='ocrx_word' id='word_1_74' title='bbox 1033 994 1114 1059; x_wconf 83' lang='lat' dir='ltr'>Eun.</span> <span class='ocrx_word' id='word_1_75' title='bbox 1137 994 1163 1075; x_wconf 89' lang='grc' dir='ltr'>Ι,</span> <span class='ocrx_word' id='word_1_76' title='bbox 1187 1000 1218 1075; x_wconf 88' lang='grc'>2,</span> <span class='ocrx_word' id='word_1_77' title='bbox 1241 1000 1278 1061; x_wconf 89' lang='lat'>8:</span> <span class='ocrx_word' id='word_1_78' title='bbox 1311 999 1364 1059; x_wconf 85' lang='lat' dir='ltr'>Ce-</span> 
     </span>
     <span class='ocr_line' id='line_1_8' title="bbox 204 1092 1364 1171; baseline 0.002 -15"><span class='ocrx_word' id='word_1_79' title='bbox 204 1103 301 1158; x_wconf 88' lang='lat' dir='ltr'>terum</span> <span class='ocrx_word' id='word_1_80' title='bbox 323 1097 371 1157; x_wconf 84' lang='lat' dir='ltr'>De</span> <span class='ocrx_word' id='word_1_81' title='bbox 393 1096 559 1157; x_wconf 74' lang='lat' dir='ltr'><strong><em>exclusione</em></strong></span> <span class='ocrx_word' id='word_1_82' title='bbox 580 1097 699 1156; x_wconf 87' lang='lat' dir='ltr'>verbum</span> <span class='ocrx_word' id='word_1_83' title='bbox 723 1096 859 1159; x_wconf 78' lang='lat' dir='ltr'>nullum?</span> <span class='ocrx_word' id='word_1_84' title='bbox 894 1095 974 1159; x_wconf 86' lang='lat' dir='ltr'>Eun.</span> <span class='ocrx_word' id='word_1_85' title='bbox 990 1092 1048 1171; x_wconf 93' lang='lat' dir='ltr'>III,</span> <span class='ocrx_word' id='word_1_86' title='bbox 1070 1098 1099 1171; x_wconf 90' lang='grc'>2,</span> <span class='ocrx_word' id='word_1_87' title='bbox 1124 1098 1158 1158; x_wconf 84' lang='grc'>3;</span> <span class='ocrx_word' id='word_1_88' title='bbox 1182 1096 1293 1171; x_wconf 79' lang='lat' dir='ltr'><strong>ecquid</strong></span> <span class='ocrx_word' id='word_1_89' title='bbox 1313 1113 1364 1158; x_wconf 88' lang='lat' dir='ltr'>uos</span> 
     </span>
     <span class='ocr_line' id='line_1_9' title="bbox 205 1188 1364 1272; baseline 0 -18"><span class='ocrx_word' id='word_1_90' title='bbox 205 1211 287 1255; x_wconf 89' lang='lat' dir='ltr'>amas</span> <span class='ocrx_word' id='word_1_91' title='bbox 314 1194 363 1253; x_wconf 85' lang='lat' dir='ltr'>De</span> <span class='ocrx_word' id='word_1_92' title='bbox 389 1194 513 1266; x_wconf 62' lang='lat' dir='ltr'>fidelos</span> <span class='ocrx_word' id='word_1_93' title='bbox 539 1193 633 1253; x_wconf 78' lang='lat' dir='ltr'>istoc?</span> <span class='ocrx_word' id='word_1_94' title='bbox 657 1196 711 1265; x_wconf 95' lang='lat'>(=</span> <span class='ocrx_word' id='word_1_95' title='bbox 737 1200 885 1272; x_wconf 88' lang='lat' dir='ltr'>propter,</span> <span class='ocrx_word' id='word_1_96' title='bbox 922 1188 1124 1257; x_wconf 86' lang='lat' dir='ltr'>Seheefferus</span> <span class='ocrx_word' id='word_1_97' title='bbox 1155 1208 1187 1269; x_wconf 93' lang='lat' dir='ltr'>p.</span> <span class='ocrx_word' id='word_1_98' title='bbox 1218 1194 1274 1255; x_wconf 85' lang='lat'>18:</span> <span class='ocrx_word' id='word_1_99' title='bbox 1307 1200 1364 1254; x_wconf 83' lang='lat' dir='ltr'>non</span> 
     </span>
     <span class='ocr_line' id='line_1_10' title="bbox 206 1287 1363 1372; baseline -0.001 -19"><span class='ocrx_word' id='word_1_100' title='bbox 206 1293 333 1372; x_wconf 78' lang='lat' dir='ltr'>terget).</span> <span class='ocrx_word' id='word_1_101' title='bbox 378 1288 512 1369; x_wconf 84' lang='lat' dir='ltr'>Adelph.</span> <span class='ocrx_word' id='word_1_102' title='bbox 537 1288 577 1367; x_wconf 86' lang='lat'>11,</span> <span class='ocrx_word' id='word_1_103' title='bbox 601 1293 630 1368; x_wconf 84' lang='lat'>2,</span> <span class='ocrx_word' id='word_1_104' title='bbox 653 1295 709 1354; x_wconf 80' lang='lat'>44:</span> <span class='ocrx_word' id='word_1_105' title='bbox 739 1293 837 1352; x_wconf 90' lang='lat' dir='ltr'>laetus</span> <span class='ocrx_word' id='word_1_106' title='bbox 860 1298 908 1353; x_wconf 88' lang='lat' dir='ltr'>est</span> <span class='ocrx_word' id='word_1_107' title='bbox 929 1292 977 1352; x_wconf 85' lang='lat' dir='ltr'>Do</span> <span class='ocrx_word' id='word_1_108' title='bbox 999 1294 1105 1352; x_wconf 81' lang='lat' dir='ltr'>omioo.</span> <span class='ocrx_word' id='word_1_109' title='bbox 1151 1289 1233 1353; x_wconf 85' lang='lat' dir='ltr'>Eum</span> <span class='ocrx_word' id='word_1_110' title='bbox 1257 1287 1313 1368; x_wconf 81' lang='lat' dir='ltr'>lv,</span> <span class='ocrx_word' id='word_1_111' title='bbox 1336 1293 1363 1367; x_wconf 87' lang='grc'>7,</span> 
     </span>
     <span class='ocr_line' id='line_1_11' title="bbox 206 1387 1362 1463; baseline -0.001 -12"><span class='ocrx_word' id='word_1_112' title='bbox 206 1391 261 1452; x_wconf 82' lang='lat'>14:</span> <span class='ocrx_word' id='word_1_113' title='bbox 295 1389 335 1449; x_wconf 87' lang='lat' dir='ltr'>Ni</span> <span class='ocrx_word' id='word_1_114' title='bbox 358 1390 479 1463; x_wconf 89' lang='lat' dir='ltr'>mirum,</span> <span class='ocrx_word' id='word_1_115' title='bbox 514 1389 671 1450; x_wconf 91' lang='lat' dir='ltr'>eonsilium</span> <span class='ocrx_word' id='word_1_116' title='bbox 701 1390 775 1449; x_wconf 91' lang='lat' dir='ltr'>illud</span> <span class='ocrx_word' id='word_1_117' title='bbox 799 1397 945 1450; x_wconf 83' lang='lat' dir='ltr'>rectumst</span> <span class='ocrx_word' id='word_1_118' title='bbox 966 1392 1002 1450; x_wconf 79' lang='lat' dir='ltr'>de</span> <span class='ocrx_word' id='word_1_119' title='bbox 1024 1388 1210 1449; x_wconf 55' lang='lat' dir='ltr'>medendis</span> <span class='ocrx_word' id='word_1_120' title='bbox 1232 1387 1362 1450; x_wconf 72' lang='lat' dir='ltr'>oedibus.</span> 
     </span>
     <span class='ocr_line' id='line_1_12' title="bbox 203 1481 1363 1563; baseline 0.001 -16"><span class='ocrx_word' id='word_1_121' title='bbox 203 1481 319 1549; x_wconf 78' lang='lat' dir='ltr'>Heant</span> <span class='ocrx_word' id='word_1_122' title='bbox 343 1481 381 1563; x_wconf 91' lang='lat' dir='ltr'>V,</span> <span class='ocrx_word' id='word_1_123' title='bbox 413 1487 442 1561; x_wconf 93' lang='grc'>2,</span> <span class='ocrx_word' id='word_1_124' title='bbox 474 1488 506 1548; x_wconf 84' lang='lat'>2:</span> <span class='ocrx_word' id='word_1_125' title='bbox 541 1492 575 1545; x_wconf 87' lang='lat' dir='ltr'>ut</span> <span class='ocrx_word' id='word_1_126' title='bbox 604 1493 691 1561; x_wconf 90' lang='lat' dir='ltr'>pater</span> <span class='ocrx_word' id='word_1_127' title='bbox 718 1487 791 1548; x_wconf 91' lang='lat' dir='ltr'>Tam</span> <span class='ocrx_word' id='word_1_128' title='bbox 819 1489 849 1547; x_wconf 92' lang='lat' dir='ltr'>iu</span> <span class='ocrx_word' id='word_1_129' title='bbox 878 1488 962 1548; x_wconf 82' lang='lat' dir='ltr'>brevi</span> <span class='ocrx_word' id='word_1_130' title='bbox 992 1488 1090 1562; x_wconf 78' lang='lat' dir='ltr'>spatio</span> <span class='ocrx_word' id='word_1_131' title='bbox 1113 1502 1232 1547; x_wconf 91' lang='lat' dir='ltr'>omnem</span> <span class='ocrx_word' id='word_1_132' title='bbox 1260 1485 1300 1547; x_wconf 81' lang='lat' dir='ltr'>de</span> <span class='ocrx_word' id='word_1_133' title='bbox 1319 1501 1363 1548; x_wconf 83' lang='lat' dir='ltr'>me</span> 
     </span>
     <span class='ocr_line' id='line_1_13' title="bbox 204 1581 1361 1657; baseline 0.003 -15"><span class='ocrx_word' id='word_1_134' title='bbox 204 1584 330 1644; x_wconf 86' lang='lat' dir='ltr'>eiecerit</span> <span class='ocrx_word' id='word_1_135' title='bbox 361 1586 488 1644; x_wconf 90' lang='lat' dir='ltr'>animum</span> <span class='ocrx_word' id='word_1_136' title='bbox 515 1582 633 1657; x_wconf 85' lang='lat' dir='ltr'>patris?</span> <span class='ocrx_word' id='word_1_137' title='bbox 677 1581 820 1647; x_wconf 80' lang='lat' dir='ltr'>Eandem</span> <span class='ocrx_word' id='word_1_138' title='bbox 848 1582 911 1647; x_wconf 86' lang='lat' dir='ltr'>vim</span> <span class='ocrx_word' id='word_1_139' title='bbox 941 1582 1039 1647; x_wconf 83' lang='lat' dir='ltr'>hebet</span> <span class='ocrx_word' id='word_1_140' title='bbox 1061 1586 1098 1645; x_wconf 89' lang='lat' dir='ltr'>de</span> <span class='ocrx_word' id='word_1_141' title='bbox 1125 1582 1271 1647; x_wconf 82' lang='lat' dir='ltr'>iunctum</span> <span class='ocrx_word' id='word_1_142' title='bbox 1293 1598 1361 1648; x_wconf 86' lang='lat' dir='ltr'>curn</span> 
     </span>
     <span class='ocr_line' id='line_1_14' title="bbox 203 1678 1364 1759; baseline 0 -18"><span class='ocrx_word' id='word_1_143' title='bbox 203 1679 309 1745; x_wconf 86' lang='lat' dir='ltr'>verbis</span> <span class='ocrx_word' id='word_1_144' title='bbox 325 1690 423 1743; x_wconf 88' lang='lat' dir='ltr'>aetum</span> <span class='ocrx_word' id='word_1_145' title='bbox 439 1688 494 1753; x_wconf 88' lang='lat' dir='ltr'>est,</span> <span class='ocrx_word' id='word_1_146' title='bbox 511 1696 588 1753; x_wconf 90' lang='lat' dir='ltr'>esse,</span> <span class='ocrx_word' id='word_1_147' title='bbox 604 1678 715 1757; x_wconf 86' lang='lat' dir='ltr'>faeere,</span> <span class='ocrx_word' id='word_1_148' title='bbox 731 1683 807 1746; x_wconf 85' lang='lat' dir='ltr'>fieri.</span> <span class='ocrx_word' id='word_1_149' title='bbox 831 1680 1003 1747; x_wconf 87' lang='lat' dir='ltr'>SicPseud</span> <span class='ocrx_word' id='word_1_150' title='bbox 1016 1679 1072 1756; x_wconf 90' lang='lat' dir='ltr'>lV,</span> <span class='ocrx_word' id='word_1_151' title='bbox 1091 1685 1120 1759; x_wconf 84' lang='lat'>7,</span> <span class='ocrx_word' id='word_1_152' title='bbox 1139 1682 1214 1743; x_wconf 81' lang='lat'>123:</span> <span class='ocrx_word' id='word_1_153' title='bbox 1238 1686 1364 1742; x_wconf 86' lang='lat' dir='ltr'>uetumst</span> 
     </span>
     <span class='ocr_line' id='line_1_15' title="bbox 203 1776 1276 1859; baseline 0.004 -21"><span class='ocrx_word' id='word_1_154' title='bbox 203 1777 240 1839; x_wconf 89' lang='lat' dir='ltr'>de</span> <span class='ocrx_word' id='word_1_155' title='bbox 269 1796 324 1840; x_wconf 92' lang='lat' dir='ltr'>me.</span> <span class='ocrx_word' id='word_1_156' title='bbox 370 1776 496 1844; x_wconf 84' lang='lat' dir='ltr'>Terent.</span> <span class='ocrx_word' id='word_1_157' title='bbox 520 1777 655 1859; x_wconf 85' lang='lat' dir='ltr'>Adelph.</span> <span class='ocrx_word' id='word_1_158' title='bbox 679 1777 718 1858; x_wconf 88' lang='lat' dir='ltr'>V,</span> <span class='ocrx_word' id='word_1_159' title='bbox 740 1783 770 1858; x_wconf 88' lang='grc'>9,</span> <span class='ocrx_word' id='word_1_160' title='bbox 795 1784 852 1845; x_wconf 86' lang='grc'>39;</span> <span class='ocrx_word' id='word_1_161' title='bbox 876 1782 929 1842; x_wconf 81' lang='grc' dir='ltr'>ιιι</span> <span class='ocrx_word' id='word_1_162' title='bbox 951 1782 986 1842; x_wconf 75' lang='lat' dir='ltr'>de</span> <span class='ocrx_word' id='word_1_163' title='bbox 1006 1780 1086 1852; x_wconf 76' lang='lat' dir='ltr'>fatre</span> <span class='ocrx_word' id='word_1_164' title='bbox 1109 1779 1180 1854; x_wconf 87' lang='lat' dir='ltr'>quid</span> <span class='ocrx_word' id='word_1_165' title='bbox 1201 1778 1276 1851; x_wconf 78' lang='lat' dir='ltr'>fiet?</span> 
     </span>
    </p>

    <p class='ocr_par' dir='ltr' id='par_1_3' title="bbox 204 1873 1362 2052">
     <span class='ocr_line' id='line_1_16' title="bbox 292 1873 1362 1956; baseline -0.001 -18"><span class='ocrx_word' id='word_1_166' title='bbox 292 1879 340 1939; x_wconf 85' lang='lat'>12.</span> <span class='ocrx_word' id='word_1_167' title='bbox 363 1875 519 1941; x_wconf 85' lang='lat' dir='ltr'>Addimus</span> <span class='ocrx_word' id='word_1_168' title='bbox 541 1877 697 1943; x_wconf 88' lang='lat' dir='ltr'>adverbia</span> <span class='ocrx_word' id='word_1_169' title='bbox 719 1876 881 1955; x_wconf 90' lang='lat' dir='ltr'>nonnulla,</span> <span class='ocrx_word' id='word_1_170' title='bbox 905 1894 987 1956; x_wconf 86' lang='lat' dir='ltr'>quae</span> <span class='ocrx_word' id='word_1_171' title='bbox 1008 1873 1204 1954; x_wconf 89' lang='lat' dir='ltr'>respondent</span> <span class='ocrx_word' id='word_1_172' title='bbox 1225 1873 1362 1938; x_wconf 78' lang='lat' dir='ltr'>ablativo</span> 
     </span>
     <span class='ocr_line' id='line_1_17' title="bbox 204 1968 444 2052; baseline 0.008 -18"><span class='ocrx_word' id='word_1_173' title='bbox 204 1968 265 2036; x_wconf 87' lang='lat' dir='ltr'>loci</span> <span class='ocrx_word' id='word_1_174' title='bbox 287 1971 444 2052; x_wconf 86' lang='lat' dir='ltr'>principii.</span> 
     </span>
    </p>

    <p class='ocr_par' dir='ltr' id='par_1_4' title="bbox 201 2067 1369 4391">
     <span class='ocr_line' id='line_1_18' title="bbox 292 2067 1360 2152; baseline -0.001 -19"><span class='ocrx_word' id='word_1_175' title='bbox 292 2072 376 2133; x_wconf 84' lang='lat' dir='ltr'>Uoole</span> <span class='ocrx_word' id='word_1_176' title='bbox 390 2071 520 2151; x_wconf 86' lang='lat' dir='ltr'>proprie</span> <span class='ocrx_word' id='word_1_177' title='bbox 543 2068 641 2137; x_wconf 88' lang='lat' dir='ltr'>habet</span> <span class='ocrx_word' id='word_1_178' title='bbox 662 2067 927 2152; x_wconf 83' lang='lat' dir='ltr'>significationem</span> <span class='ocrx_word' id='word_1_179' title='bbox 949 2067 1021 2148; x_wconf 89' lang='lat' dir='ltr'>loei,</span> <span class='ocrx_word' id='word_1_180' title='bbox 1045 2068 1235 2149; x_wconf 80' lang='lat' dir='ltr'>saepissime</span> <span class='ocrx_word' id='word_1_181' title='bbox 1256 2074 1360 2133; x_wconf 64' lang='lat' dir='ltr'>umen</span> 
     </span>
     <span class='ocr_line' id='line_1_19' title="bbox 205 2165 1360 2247; baseline 0 -18"><span class='ocrx_word' id='word_1_182' title='bbox 205 2165 301 2229; x_wconf 90' lang='lat' dir='ltr'>etiam</span> <span class='ocrx_word' id='word_1_183' title='bbox 330 2183 388 2246; x_wconf 90' lang='lat' dir='ltr'>pro</span> <span class='ocrx_word' id='word_1_184' title='bbox 415 2168 477 2231; x_wconf 88' lang='lat' dir='ltr'>abl.</span> <span class='ocrx_word' id='word_1_185' title='bbox 507 2187 621 2234; x_wconf 82' lang='lat' dir='ltr'>causae</span> <span class='ocrx_word' id='word_1_186' title='bbox 651 2175 684 2234; x_wconf 88' lang='lat' dir='ltr'>et</span> <span class='ocrx_word' id='word_1_187' title='bbox 715 2167 848 2247; x_wconf 88' lang='lat' dir='ltr'>originis</span> <span class='ocrx_word' id='word_1_188' title='bbox 874 2166 1004 2246; x_wconf 91' lang='lat' dir='ltr'>ponitur</span> <span class='ocrx_word' id='word_1_189' title='bbox 1031 2172 1066 2231; x_wconf 93' lang='lat' dir='ltr'>et</span> <span class='ocrx_word' id='word_1_190' title='bbox 1090 2165 1177 2230; x_wconf 91' lang='lat' dir='ltr'>hand</span> <span class='ocrx_word' id='word_1_191' title='bbox 1206 2184 1284 2231; x_wconf 82' lang='lat' dir='ltr'>raro</span> <span class='ocrx_word' id='word_1_192' title='bbox 1306 2181 1360 2245; x_wconf 89' lang='lat' dir='ltr'>pro</span> 
     </span>
     <span class='ocr_line' id='line_1_20' title="bbox 204 2260 1361 2345; baseline -0.003 -18"><span class='ocrx_word' id='word_1_193' title='bbox 204 2280 312 2343; x_wconf 83' lang='lat' dir='ltr'>praep.</span> <span class='ocrx_word' id='word_1_194' title='bbox 336 2268 374 2325; x_wconf 84' lang='lat' dir='ltr'>ob</span> <span class='ocrx_word' id='word_1_195' title='bbox 397 2266 448 2330; x_wconf 89' lang='lat' dir='ltr'>vel</span> <span class='ocrx_word' id='word_1_196' title='bbox 471 2287 507 2329; x_wconf 80' lang='lat' dir='ltr'>eo</span> <span class='ocrx_word' id='word_1_197' title='bbox 529 2285 600 2333; x_wconf 87' lang='lat' dir='ltr'>eum</span> <span class='ocrx_word' id='word_1_198' title='bbox 623 2267 764 2333; x_wconf 86' lang='lat' dir='ltr'>ablativo</span> <span class='ocrx_word' id='word_1_199' title='bbox 794 2264 989 2345; x_wconf 85' lang='lat' dir='ltr'>pronominis</span> <span class='ocrx_word' id='word_1_200' title='bbox 1021 2264 1165 2342; x_wconf 80' lang='lat' dir='ltr'>relativi,</span> <span class='ocrx_word' id='word_1_201' title='bbox 1200 2263 1283 2328; x_wconf 91' lang='lat' dir='ltr'>adeo</span> <span class='ocrx_word' id='word_1_202' title='bbox 1311 2260 1361 2326; x_wconf 91' lang='lat' dir='ltr'>ubi</span> 
     </span>
     <span class='ocr_line' id='line_1_21' title="bbox 204 2360 1361 2445; baseline -0.005 -18"><span class='ocrx_word' id='word_1_203' title='bbox 204 2377 343 2440; x_wconf 88' lang='lat' dir='ltr'>persona</span> <span class='ocrx_word' id='word_1_204' title='bbox 370 2361 583 2445; x_wconf 84' lang='lat' dir='ltr'>significatur,</span> <span class='ocrx_word' id='word_1_205' title='bbox 616 2369 801 2444; x_wconf 87' lang='lat' dir='ltr'>usurpatur.</span> <span class='ocrx_word' id='word_1_206' title='bbox 846 2360 926 2425; x_wconf 84' lang='lat' dir='ltr'>(lato</span> <span class='ocrx_word' id='word_1_207' title='bbox 954 2360 991 2424; x_wconf 89' lang='lat' dir='ltr'>R.</span> <span class='ocrx_word' id='word_1_208' title='bbox 1015 2360 1052 2424; x_wconf 91' lang='lat' dir='ltr'>R.</span> <span class='ocrx_word' id='word_1_209' title='bbox 1081 2380 1106 2426; x_wconf 91' lang='lat' dir='ltr'>e.</span> <span class='ocrx_word' id='word_1_210' title='bbox 1131 2366 1165 2426; x_wconf 81' lang='lat'>5:</span> <span class='ocrx_word' id='word_1_211' title='bbox 1203 2365 1288 2424; x_wconf 87' lang='lat' dir='ltr'>Duas</span> <span class='ocrx_word' id='word_1_212' title='bbox 1313 2369 1361 2422; x_wconf 87' lang='lat' dir='ltr'>aut</span> 
     </span>
     <span class='ocr_line' id='line_1_22' title="bbox 204 2456 1361 2541; baseline -0.001 -20"><span class='ocrx_word' id='word_1_213' title='bbox 204 2467 267 2521; x_wconf 88' lang='lat' dir='ltr'>tres</span> <span class='ocrx_word' id='word_1_214' title='bbox 291 2461 421 2525; x_wconf 85' lang='lat' dir='ltr'>familias</span> <span class='ocrx_word' id='word_1_215' title='bbox 444 2465 552 2540; x_wconf 92' lang='lat' dir='ltr'>habet,</span> <span class='ocrx_word' id='word_1_216' title='bbox 582 2465 660 2525; x_wconf 79' lang='lat' dir='ltr'>uode</span> <span class='ocrx_word' id='word_1_217' title='bbox 682 2464 794 2524; x_wconf 89' lang='lat' dir='ltr'>utenda</span> <span class='ocrx_word' id='word_1_218' title='bbox 816 2470 916 2541; x_wconf 87' lang='lat' dir='ltr'>roget,</span> <span class='ocrx_word' id='word_1_219' title='bbox 947 2458 977 2523; x_wconf 93' lang='lat' dir='ltr'>h.</span> <span class='ocrx_word' id='word_1_220' title='bbox 1001 2477 1027 2524; x_wconf 92' lang='lat' dir='ltr'>e.</span> <span class='ocrx_word' id='word_1_221' title='bbox 1056 2457 1225 2539; x_wconf 76' lang='lat' dir='ltr'>aqussrns</span> <span class='ocrx_word' id='word_1_222' title='bbox 1272 2456 1305 2522; x_wconf 85' lang='lat' dir='ltr'>C.</span> <span class='ocrx_word' id='word_1_223' title='bbox 1328 2460 1361 2521; x_wconf 85' lang='lat'>6:</span> 
     </span>
     <span class='ocr_line' id='line_1_23' title="bbox 204 2556 1360 2637; baseline -0.003 -16"><span class='ocrx_word' id='word_1_224' title='bbox 204 2561 249 2621; x_wconf 92' lang='lat' dir='ltr'>Ibi</span> <span class='ocrx_word' id='word_1_225' title='bbox 276 2563 417 2622; x_wconf 88' lang='lat' dir='ltr'>eorudam</span> <span class='ocrx_word' id='word_1_226' title='bbox 440 2564 544 2636; x_wconf 86' lang='lat' dir='ltr'>serito,</span> <span class='ocrx_word' id='word_1_227' title='bbox 568 2564 648 2623; x_wconf 82' lang='lat' dir='ltr'>uode</span> <span class='ocrx_word' id='word_1_228' title='bbox 670 2562 809 2637; x_wconf 76' lang='lat' dir='ltr'>asparagi</span> <span class='ocrx_word' id='word_1_229' title='bbox 831 2562 914 2621; x_wconf 88' lang='lat' dir='ltr'>fiant.</span> <span class='ocrx_word' id='word_1_230' title='bbox 960 2556 995 2623; x_wconf 84' lang='lat'>0.</span> <span class='ocrx_word' id='word_1_231' title='bbox 1019 2562 1074 2622; x_wconf 79' lang='lat' dir='ltr'>te:</span> <span class='ocrx_word' id='word_1_232' title='bbox 1109 2560 1235 2632; x_wconf 79' lang='lat' dir='ltr'>Quoties</span> <span class='ocrx_word' id='word_1_233' title='bbox 1259 2560 1360 2633; x_wconf 83' lang='lat' dir='ltr'>cuique</span> 
     </span>
     <span class='ocr_line' id='line_1_24' title="bbox 203 2657 1360 2736; baseline 0 -20"><span class='ocrx_word' id='word_1_234' title='bbox 203 2659 334 2718; x_wconf 84' lang='lat' dir='ltr'>tunicam</span> <span class='ocrx_word' id='word_1_235' title='bbox 357 2665 409 2718; x_wconf 89' lang='lat' dir='ltr'>aut</span> <span class='ocrx_word' id='word_1_236' title='bbox 431 2675 532 2734; x_wconf 88' lang='lat' dir='ltr'>sagum</span> <span class='ocrx_word' id='word_1_237' title='bbox 555 2660 654 2727; x_wconf 77' lang='lat' dir='ltr'>dabis,</span> <span class='ocrx_word' id='word_1_238' title='bbox 681 2662 766 2736; x_wconf 92' lang='lat' dir='ltr'>prius</span> <span class='ocrx_word' id='word_1_239' title='bbox 788 2665 919 2719; x_wconf 88' lang='lat' dir='ltr'>veterem</span> <span class='ocrx_word' id='word_1_240' title='bbox 943 2659 1087 2732; x_wconf 85' lang='lat' dir='ltr'>accipito,</span> <span class='ocrx_word' id='word_1_241' title='bbox 1115 2657 1194 2717; x_wconf 75' lang='lat' dir='ltr'>roda</span> <span class='ocrx_word' id='word_1_242' title='bbox 1220 2663 1360 2718; x_wconf 79' lang='lat' dir='ltr'>centones</span> 
     </span>
     <span class='ocr_line' id='line_1_25' title="bbox 203 2749 1360 2834; baseline 0.003 -22"><span class='ocrx_word' id='word_1_243' title='bbox 203 2753 285 2814; x_wconf 85' lang='lat' dir='ltr'>fiant.</span> <span class='ocrx_word' id='word_1_244' title='bbox 331 2752 426 2817; x_wconf 87' lang='lat' dir='ltr'>Ennii</span> <span class='ocrx_word' id='word_1_245' title='bbox 442 2754 544 2819; x_wconf 82' lang='lat' dir='ltr'>annal.</span> <span class='ocrx_word' id='word_1_246' title='bbox 561 2754 580 2819; x_wconf 97' lang='lat' dir='ltr'>l.</span> <span class='ocrx_word' id='word_1_247' title='bbox 597 2755 682 2834; x_wconf 85' lang='lat' dir='ltr'>XVI,</span> <span class='ocrx_word' id='word_1_248' title='bbox 705 2753 742 2818; x_wconf 89' lang='lat' dir='ltr'>fr.</span> <span class='ocrx_word' id='word_1_249' title='bbox 763 2760 819 2819; x_wconf 87' lang='lat'>13:</span> <span class='ocrx_word' id='word_1_250' title='bbox 843 2757 922 2817; x_wconf 78' lang='lat' dir='ltr'>eorde</span> <span class='ocrx_word' id='word_1_251' title='bbox 944 2757 1040 2817; x_wconf 89' lang='lat' dir='ltr'>oritur</span> <span class='ocrx_word' id='word_1_252' title='bbox 1062 2773 1129 2816; x_wconf 86' lang='lat' dir='ltr'>nex.</span> <span class='ocrx_word' id='word_1_253' title='bbox 1174 2749 1360 2817; x_wconf 72' lang='lat' dir='ltr'>duneline</span> 
     </span>
     <span class='ocr_line' id='line_1_26' title="bbox 203 2848 1369 2930; baseline -0.002 -17"><span class='ocrx_word' id='word_1_254' title='bbox 203 2848 289 2914; x_wconf 85' lang='lat' dir='ltr'>sedis</span> <span class='ocrx_word' id='word_1_255' title='bbox 311 2848 425 2930; x_wconf 79' lang='lat' dir='ltr'>fragm.</span> <span class='ocrx_word' id='word_1_256' title='bbox 453 2856 500 2916; x_wconf 85' lang='lat'>12.</span> <span class='ocrx_word' id='word_1_257' title='bbox 522 2849 560 2916; x_wconf 85' lang='lat' dir='ltr'>fr.</span> <span class='ocrx_word' id='word_1_258' title='bbox 584 2849 718 2917; x_wconf 83' lang='lat' dir='ltr'>Achillis</span> <span class='ocrx_word' id='word_1_259' title='bbox 741 2856 773 2918; x_wconf 90' lang='lat'>3:</span> <span class='ocrx_word' id='word_1_260' title='bbox 809 2855 887 2915; x_wconf 74' lang='lat' dir='ltr'>unde</span> <span class='ocrx_word' id='word_1_261' title='bbox 909 2856 1005 2915; x_wconf 90' lang='lat' dir='ltr'>oritur</span> <span class='ocrx_word' id='word_1_262' title='bbox 1027 2853 1123 2913; x_wconf 89' lang='lat' dir='ltr'>imber</span> <span class='ocrx_word' id='word_1_263' title='bbox 1151 2853 1253 2912; x_wconf 89' lang='lat' dir='ltr'>sonitu</span> <span class='ocrx_word' id='word_1_264' title='bbox 1276 2858 1369 2911; x_wconf 81' lang='lat' dir='ltr'>saevo·</span> 
     </span>
     <span class='ocr_line' id='line_1_27' title="bbox 202 2945 1357 3024; baseline 0.001 -15"><span class='ocrx_word' id='word_1_265' title='bbox 202 2956 235 3010; x_wconf 91' lang='lat' dir='ltr'>et</span> <span class='ocrx_word' id='word_1_266' title='bbox 257 2951 373 3024; x_wconf 89' lang='lat' dir='ltr'>spiritu.</span> <span class='ocrx_word' id='word_1_267' title='bbox 418 2948 591 3014; x_wconf 79' lang='lat' dir='ltr'>Alcumaeo</span> <span class='ocrx_word' id='word_1_268' title='bbox 614 2950 651 3015; x_wconf 89' lang='lat' dir='ltr'>fr.</span> <span class='ocrx_word' id='word_1_269' title='bbox 674 2957 712 3016; x_wconf 84' lang='lat'>4:</span> <span class='ocrx_word' id='word_1_270' title='bbox 735 2953 815 3014; x_wconf 73' lang='lat' dir='ltr'>sade</span> <span class='ocrx_word' id='word_1_271' title='bbox 837 2953 912 3013; x_wconf 85' lang='lat' dir='ltr'>haee</span> <span class='ocrx_word' id='word_1_272' title='bbox 935 2951 1053 3012; x_wconf 87' lang='lat' dir='ltr'>flamma</span> <span class='ocrx_word' id='word_1_273' title='bbox 1075 2948 1190 3011; x_wconf 79' lang='lat' dir='ltr'>oritur?</span> <span class='ocrx_word' id='word_1_274' title='bbox 1236 2945 1357 3010; x_wconf 85' lang='lat' dir='ltr'>Andro·</span> 
     </span>
     <span class='ocr_line' id='line_1_28' title="bbox 202 3042 1361 3126; baseline -0.001 -20"><span class='ocrx_word' id='word_1_275' title='bbox 202 3043 314 3108; x_wconf 90' lang='lat' dir='ltr'>medae</span> <span class='ocrx_word' id='word_1_276' title='bbox 336 3042 374 3108; x_wconf 86' lang='lat' dir='ltr'>ir.</span> <span class='ocrx_word' id='word_1_277' title='bbox 398 3050 428 3110; x_wconf 87' lang='grc'>9.</span> <span class='ocrx_word' id='word_1_278' title='bbox 474 3046 685 3111; x_wconf 86' lang='lat' dir='ltr'>Eumenidum</span> <span class='ocrx_word' id='word_1_279' title='bbox 708 3045 746 3110; x_wconf 82' lang='lat' dir='ltr'>fr.</span> <span class='ocrx_word' id='word_1_280' title='bbox 771 3053 805 3126; x_wconf 80' lang='lat'>5,</span> <span class='ocrx_word' id='word_1_281' title='bbox 834 3066 862 3111; x_wconf 87' lang='lat' dir='ltr'>v.</span> <span class='ocrx_word' id='word_1_282' title='bbox 889 3051 959 3111; x_wconf 85' lang='lat'>186.</span> <span class='ocrx_word' id='word_1_283' title='bbox 1005 3043 1109 3109; x_wconf 86' lang='lat' dir='ltr'>Plaut</span> <span class='ocrx_word' id='word_1_284' title='bbox 1136 3042 1255 3122; x_wconf 81' lang='lat' dir='ltr'>Amph.</span> <span class='ocrx_word' id='word_1_285' title='bbox 1285 3043 1310 3120; x_wconf 93' lang='lat'>1,</span> <span class='ocrx_word' id='word_1_286' title='bbox 1335 3048 1361 3121; x_wconf 94' lang='lat'>1,</span> 
     </span>
     <span class='ocr_line' id='line_1_29' title="bbox 203 3140 1361 3223; baseline -0.002 -19"><span class='ocrx_word' id='word_1_287' title='bbox 203 3143 285 3206; x_wconf 83' lang='lat'><strong>268:</strong></span> <span class='ocrx_word' id='word_1_288' title='bbox 308 3146 418 3206; x_wconf 88' lang='lat' dir='ltr'>Nescio</span> <span class='ocrx_word' id='word_1_289' title='bbox 441 3145 519 3206; x_wconf 75' lang='grc' dir='ltr'>ιιιᾱι</span> <span class='ocrx_word' id='word_1_290' title='bbox 541 3147 616 3208; x_wconf 81' lang='lat' dir='ltr'>haee</span> <span class='ocrx_word' id='word_1_291' title='bbox 639 3148 688 3207; x_wconf 90' lang='lat' dir='ltr'>hie</span> <span class='ocrx_word' id='word_1_292' title='bbox 712 3149 868 3222; x_wconf 84' lang='lat' dir='ltr'>spectavit.</span> <span class='ocrx_word' id='word_1_293' title='bbox 912 3142 1004 3223; x_wconf 89' lang='lat' dir='ltr'>Epid.</span> <span class='ocrx_word' id='word_1_294' title='bbox 1021 3140 1047 3220; x_wconf 93' lang='grc' dir='ltr'>Ι,</span> <span class='ocrx_word' id='word_1_295' title='bbox 1074 3147 1101 3221; x_wconf 93' lang='grc'>1,</span> <span class='ocrx_word' id='word_1_296' title='bbox 1126 3147 1181 3205; x_wconf 84' lang='lat'>74:</span> <span class='ocrx_word' id='word_1_297' title='bbox 1204 3144 1361 3220; x_wconf 89' lang='lat' dir='ltr'>Nunquam</span> 
     </span>
     <span class='ocr_line' id='line_1_30' title="bbox 203 3224 1362 3320; baseline 0.001 -20"><span class='ocrx_word' id='word_1_298' title='bbox 203 3224 353 3303; x_wconf 72' lang='lat' dir='ltr'>hominem</span> <span class='ocrx_word' id='word_1_299' title='bbox 377 3246 502 3304; x_wconf 80' lang='lat' dir='ltr'>conveni</span> <span class='ocrx_word' id='word_1_300' title='bbox 524 3262 700 3320; x_wconf 87' lang='lat' dir='ltr'>quenquam,</span> <span class='ocrx_word' id='word_1_301' title='bbox 723 3245 803 3306; x_wconf 79' lang='lat' dir='ltr'>uode</span> <span class='ocrx_word' id='word_1_302' title='bbox 824 3245 948 3306; x_wconf 87' lang='lat' dir='ltr'>abierim</span> <span class='ocrx_word' id='word_1_303' title='bbox 971 3242 1132 3315; x_wconf 90' lang='lat' dir='ltr'>lubentius,</span> <span class='ocrx_word' id='word_1_304' title='bbox 1154 3237 1185 3301; x_wconf 91' lang='lat' dir='ltr'>h.</span> <span class='ocrx_word' id='word_1_305' title='bbox 1204 3256 1232 3302; x_wconf 94' lang='lat' dir='ltr'>e.</span> <span class='ocrx_word' id='word_1_306' title='bbox 1256 3253 1362 3319; x_wconf 87' lang='lat' dir='ltr'>aqna.</span> 
     </span>
     <span class='ocr_line' id='line_1_31' title="bbox 203 3333 1363 3419; baseline -0.002 -19"><span class='ocrx_word' id='word_1_307' title='bbox 203 3335 296 3417; x_wconf 86' lang='lat' dir='ltr'>Epid.</span> <span class='ocrx_word' id='word_1_308' title='bbox 312 3336 370 3417; x_wconf 85' lang='grc' dir='ltr'>ΙΙΙ,</span> <span class='ocrx_word' id='word_1_309' title='bbox 393 3344 424 3418; x_wconf 89' lang='grc'>4,</span> <span class='ocrx_word' id='word_1_310' title='bbox 447 3344 503 3403; x_wconf 77' lang='lat' dir='ltr'>tr:</span> <span class='ocrx_word' id='word_1_311' title='bbox 528 3341 613 3402; x_wconf 78' lang='lat' dir='ltr'>Unde</span> <span class='ocrx_word' id='word_1_312' title='bbox 636 3343 710 3401; x_wconf 86' lang='lat' dir='ltr'>haee</span> <span class='ocrx_word' id='word_1_313' title='bbox 732 3343 824 3417; x_wconf 90' lang='lat' dir='ltr'>igitur</span> <span class='ocrx_word' id='word_1_314' title='bbox 846 3339 1029 3419; x_wconf 77' lang='lat' dir='ltr'>gentiumst?</span> <span class='ocrx_word' id='word_1_315' title='bbox 1073 3335 1189 3400; x_wconf 88' lang='lat' dir='ltr'>Pseud.</span> <span class='ocrx_word' id='word_1_316' title='bbox 1203 3333 1261 3414; x_wconf 90' lang='lat' dir='ltr'>IV,</span> <span class='ocrx_word' id='word_1_317' title='bbox 1278 3340 1309 3414; x_wconf 92' lang='grc'>2,</span> <span class='ocrx_word' id='word_1_318' title='bbox 1331 3339 1363 3398; x_wconf 84' lang='lat'>8:</span> 
     </span>
     <span class='ocr_line' id='line_1_32' title="bbox 206 3433 1364 3512; baseline -0.003 -16"><span class='ocrx_word' id='word_1_319' title='bbox 206 3437 280 3510; x_wconf 75' lang='lat' dir='ltr'>Quis</span> <span class='ocrx_word' id='word_1_320' title='bbox 303 3439 352 3497; x_wconf 88' lang='lat' dir='ltr'>hie</span> <span class='ocrx_word' id='word_1_321' title='bbox 374 3438 461 3499; x_wconf 90' lang='lat' dir='ltr'>homo</span> <span class='ocrx_word' id='word_1_322' title='bbox 485 3439 691 3500; x_wconf 86' lang='lat' dir='ltr'>chlamudatus</span> <span class='ocrx_word' id='word_1_323' title='bbox 707 3436 774 3500; x_wconf 57' lang='lat' dir='ltr'>stt?</span> <span class='ocrx_word' id='word_1_324' title='bbox 796 3445 847 3498; x_wconf 88' lang='grc' dir='ltr'>ιιι</span> <span class='ocrx_word' id='word_1_325' title='bbox 861 3434 988 3498; x_wconf 62' lang='lat' dir='ltr'>omme?</span> <span class='ocrx_word' id='word_1_326' title='bbox 1011 3443 1063 3497; x_wconf 90' lang='lat' dir='ltr'>aut</span> <span class='ocrx_word' id='word_1_327' title='bbox 1085 3451 1172 3512; x_wconf 87' lang='lat' dir='ltr'>quem</span> <span class='ocrx_word' id='word_1_328' title='bbox 1192 3433 1364 3510; x_wconf 79' lang='lat' dir='ltr'>quaeritat?</span> 
     </span>
     <span class='ocr_line' id='line_1_33' title="bbox 202 3528 1362 3612; baseline -0.003 -16"><span class='ocrx_word' id='word_1_329' title='bbox 202 3550 231 3596; x_wconf 85' lang='lat' dir='ltr'>v.</span> <span class='ocrx_word' id='word_1_330' title='bbox 258 3538 314 3598; x_wconf 91' lang='lat' dir='ltr'>ll:</span> <span class='ocrx_word' id='word_1_331' title='bbox 347 3536 426 3597; x_wconf 79' lang='lat' dir='ltr'>ende</span> <span class='ocrx_word' id='word_1_332' title='bbox 455 3553 511 3612; x_wconf 93' lang='lat' dir='ltr'>ego</span> <span class='ocrx_word' id='word_1_333' title='bbox 535 3538 682 3597; x_wconf 89' lang='lat' dir='ltr'>hominem</span> <span class='ocrx_word' id='word_1_334' title='bbox 706 3537 785 3597; x_wconf 89' lang='lat' dir='ltr'>hune</span> <span class='ocrx_word' id='word_1_335' title='bbox 813 3552 879 3597; x_wconf 91' lang='lat' dir='ltr'>esse</span> <span class='ocrx_word' id='word_1_336' title='bbox 902 3535 999 3595; x_wconf 84' lang='lat' dir='ltr'>dicam</span> <span class='ocrx_word' id='word_1_337' title='bbox 1022 3532 1174 3609; x_wconf 82' lang='lat' dir='ltr'>gentium?</span> <span class='ocrx_word' id='word_1_338' title='bbox 1218 3529 1315 3595; x_wconf 85' lang='lat' dir='ltr'>Truo.</span> <span class='ocrx_word' id='word_1_339' title='bbox 1336 3528 1362 3608; x_wconf 92' lang='grc' dir='ltr'>Ι,</span> 
     </span>
     <span class='ocr_line' id='line_1_34' title="bbox 206 3625 1366 3709; baseline 0.001 -18"><span class='ocrx_word' id='word_1_340' title='bbox 206 3634 233 3708; x_wconf 95' lang='lat'>1,</span> <span class='ocrx_word' id='word_1_341' title='bbox 254 3635 311 3694; x_wconf 79' lang='lat'>42:</span> <span class='ocrx_word' id='word_1_342' title='bbox 337 3634 421 3694; x_wconf 81' lang='lat' dir='ltr'>Unde</span> <span class='ocrx_word' id='word_1_343' title='bbox 443 3641 602 3709; x_wconf 77' lang='lat' dir='ltr'>anteparta</span> <span class='ocrx_word' id='word_1_344' title='bbox 625 3634 727 3694; x_wconf 91' lang='lat' dir='ltr'>demus</span> <span class='ocrx_word' id='word_1_345' title='bbox 750 3633 1001 3708; x_wconf 84' lang='lat' dir='ltr'>postpartoribus,</span> <span class='ocrx_word' id='word_1_346' title='bbox 1024 3628 1065 3692; x_wconf 90' lang='lat' dir='ltr'>ad</span> <span class='ocrx_word' id='word_1_347' title='bbox 1086 3645 1116 3708; x_wconf 86' lang='lat' dir='ltr'>q.</span> <span class='ocrx_word' id='word_1_348' title='bbox 1133 3626 1153 3691; x_wconf 94' lang='lat' dir='ltr'>l.</span> <span class='ocrx_word' id='word_1_349' title='bbox 1175 3625 1286 3692; x_wconf 83' lang='lat' dir='ltr'>confer</span> <span class='ocrx_word' id='word_1_350' title='bbox 1310 3627 1366 3692; x_wconf 86' lang='lat' dir='ltr'>ad·</span> 
     </span>
     <span class='ocr_line' id='line_1_35' title="bbox 202 3725 1364 3809; baseline -0.001 -18"><span class='ocrx_word' id='word_1_351' title='bbox 202 3728 398 3792; x_wconf 88' lang='lat' dir='ltr'>notationem</span> <span class='ocrx_word' id='word_1_352' title='bbox 412 3728 576 3807; x_wconf 84' lang='lat' dir='ltr'>Gronovii,</span> <span class='ocrx_word' id='word_1_353' title='bbox 598 3728 653 3809; x_wconf 88' lang='lat' dir='ltr'>qui</span> <span class='ocrx_word' id='word_1_354' title='bbox 668 3729 765 3809; x_wconf 83' lang='lat' dir='ltr'>expl:</span> <span class='ocrx_word' id='word_1_355' title='bbox 789 3746 809 3792; x_wconf 90' lang='lat' dir='ltr'>a</span> <span class='ocrx_word' id='word_1_356' title='bbox 831 3727 947 3807; x_wconf 90' lang='lat' dir='ltr'>quibus</span> <span class='ocrx_word' id='word_1_357' title='bbox 969 3726 1085 3791; x_wconf 90' lang='lat' dir='ltr'>moniti</span> <span class='ocrx_word' id='word_1_358' title='bbox 1108 3725 1231 3804; x_wconf 90' lang='lat' dir='ltr'>demus,</span> <span class='ocrx_word' id='word_1_359' title='bbox 1256 3730 1291 3791; x_wconf 89' lang='lat' dir='ltr'>et</span> <span class='ocrx_word' id='word_1_360' title='bbox 1313 3742 1364 3790; x_wconf 89' lang='lat' dir='ltr'>re·</span> 
     </span>
     <span class='ocr_line' id='line_1_36' title="bbox 201 3822 1364 3907; baseline -0.002 -19"><span class='ocrx_word' id='word_1_361' title='bbox 201 3822 267 3889; x_wconf 83' lang='lat' dir='ltr'>lert</span> <span class='ocrx_word' id='word_1_362' title='bbox 286 3823 327 3889; x_wconf 92' lang='lat' dir='ltr'>ad</span> <span class='ocrx_word' id='word_1_363' title='bbox 347 3831 505 3905; x_wconf 87' lang='lat' dir='ltr'>parentes,</span> <span class='ocrx_word' id='word_1_364' title='bbox 529 3832 692 3907; x_wconf 82' lang='lat' dir='ltr'>cognatae,</span> <span class='ocrx_word' id='word_1_365' title='bbox 715 3825 822 3905; x_wconf 88' lang='lat' dir='ltr'>quiin</span> <span class='ocrx_word' id='word_1_366' title='bbox 844 3824 1044 3904; x_wconf 80' lang='lat' dir='ltr'>praegressis</span> <span class='ocrx_word' id='word_1_367' title='bbox 1064 3827 1364 3887; x_wconf 84' lang='lat' dir='ltr'>commemorantur.</span> 
     </span>
     <span class='ocr_line' id='line_1_37' title="bbox 203 3918 1366 4003; baseline -0.003 -16"><span class='ocrx_word' id='word_1_368' title='bbox 203 3920 267 3987; x_wconf 90' lang='lat' dir='ltr'>Sed</span> <span class='ocrx_word' id='word_1_369' title='bbox 289 3921 390 3986; x_wconf 91' lang='lat' dir='ltr'>multo</span> <span class='ocrx_word' id='word_1_370' title='bbox 413 3922 587 4003; x_wconf 84' lang='lat' dir='ltr'>simplicius</span> <span class='ocrx_word' id='word_1_371' title='bbox 610 3926 717 3987; x_wconf 88' lang='lat' dir='ltr'>tamen</span> <span class='ocrx_word' id='word_1_372' title='bbox 740 3925 818 3985; x_wconf 86' lang='lat' dir='ltr'>aude</span> <span class='ocrx_word' id='word_1_373' title='bbox 842 3938 900 4002; x_wconf 90' lang='lat' dir='ltr'>pro</span> <span class='ocrx_word' id='word_1_374' title='bbox 923 3920 985 3986; x_wconf 87' lang='lat' dir='ltr'>abl.</span> <span class='ocrx_word' id='word_1_375' title='bbox 1009 3937 1125 3999; x_wconf 78' lang='lat' dir='ltr'>causae</span> <span class='ocrx_word' id='word_1_376' title='bbox 1147 3918 1248 3999; x_wconf 81' lang='lat' dir='ltr'>arcipi</span> <span class='ocrx_word' id='word_1_377' title='bbox 1271 3936 1366 3998; x_wconf 90' lang='lat' dir='ltr'>posse</span> 
     </span>
     <span class='ocr_line' id='line_1_38' title="bbox 202 4016 1366 4100; baseline -0.002 -16"><span class='ocrx_word' id='word_1_378' title='bbox 202 4023 296 4100; x_wconf 81' lang='lat' dir='ltr'>pute,</span> <span class='ocrx_word' id='word_1_379' title='bbox 330 4025 373 4082; x_wconf 88' lang='lat' dir='ltr'>ita</span> <span class='ocrx_word' id='word_1_380' title='bbox 394 4030 428 4084; x_wconf 87' lang='lat' dir='ltr'>ut</span> <span class='ocrx_word' id='word_1_381' title='bbox 450 4024 528 4083; x_wconf 89' lang='lat' dir='ltr'>hane</span> <span class='ocrx_word' id='word_1_382' title='bbox 555 4024 592 4084; x_wconf 94' lang='lat' dir='ltr'>ob</span> <span class='ocrx_word' id='word_1_383' title='bbox 615 4039 749 4096; x_wconf 88' lang='lat' dir='ltr'>oausam,</span> <span class='ocrx_word' id='word_1_384' title='bbox 785 4023 861 4083; x_wconf 90' lang='lat' dir='ltr'>hane</span> <span class='ocrx_word' id='word_1_385' title='bbox 889 4038 952 4082; x_wconf 91' lang='lat' dir='ltr'>rem</span> <span class='ocrx_word' id='word_1_386' title='bbox 983 4020 1211 4080; x_wconf 87' lang='lat' dir='ltr'>considerantes</span> <span class='ocrx_word' id='word_1_387' title='bbox 1242 4016 1366 4082; x_wconf 88' lang='lat' dir='ltr'>demus.</span> 
     </span>
     <span class='ocr_line' id='line_1_39' title="bbox 202 4113 1367 4196; baseline -0.003 -15"><span class='ocrx_word' id='word_1_388' title='bbox 202 4115 307 4181; x_wconf 84' lang='lat' dir='ltr'>Aliter</span> <span class='ocrx_word' id='word_1_389' title='bbox 327 4117 520 4184; x_wconf 90' lang='lat' dir='ltr'>Balbachius</span> <span class='ocrx_word' id='word_1_390' title='bbox 543 4117 666 4184; x_wconf 84' lang='lat' dir='ltr'>observ.</span> <span class='ocrx_word' id='word_1_391' title='bbox 691 4118 759 4184; x_wconf 88' lang='lat' dir='ltr'>orit</span> <span class='ocrx_word' id='word_1_392' title='bbox 783 4118 815 4183; x_wconf 90' lang='lat' dir='ltr'>in</span> <span class='ocrx_word' id='word_1_393' title='bbox 837 4117 896 4183; x_wconf 87' lang='lat' dir='ltr'>loo.</span> <span class='ocrx_word' id='word_1_394' title='bbox 921 4115 1032 4196; x_wconf 81' lang='lat' dir='ltr'>quoad.</span> <span class='ocrx_word' id='word_1_395' title='bbox 1048 4113 1154 4180; x_wconf 88' lang='lat' dir='ltr'>Plaut.</span> <span class='ocrx_word' id='word_1_396' title='bbox 1178 4132 1208 4196; x_wconf 93' lang='lat' dir='ltr'>p.</span> <span class='ocrx_word' id='word_1_397' title='bbox 1233 4117 1288 4192; x_wconf 79' lang='lat'>54,</span> <span class='ocrx_word' id='word_1_398' title='bbox 1312 4113 1367 4195; x_wconf 89' lang='lat' dir='ltr'>qui</span> 
     </span>
     <span class='ocr_line' id='line_1_40' title="bbox 203 4210 1365 4293; baseline 0 -16"><span class='ocrx_word' id='word_1_399' title='bbox 203 4217 280 4277; x_wconf 87' lang='lat' dir='ltr'>unde</span> <span class='ocrx_word' id='word_1_400' title='bbox 304 4213 404 4281; x_wconf 88' lang='lat' dir='ltr'>relert</span> <span class='ocrx_word' id='word_1_401' title='bbox 425 4216 467 4281; x_wconf 89' lang='lat' dir='ltr'>ad</span> <span class='ocrx_word' id='word_1_402' title='bbox 488 4226 648 4293; x_wconf 85' lang='lat' dir='ltr'>anteparta</span> <span class='ocrx_word' id='word_1_403' title='bbox 671 4221 704 4281; x_wconf 89' lang='lat' dir='ltr'>et</span> <span class='ocrx_word' id='word_1_404' title='bbox 726 4222 834 4280; x_wconf 89' lang='lat' dir='ltr'>mente</span> <span class='ocrx_word' id='word_1_405' title='bbox 856 4213 1038 4280; x_wconf 89' lang='lat' dir='ltr'>addendum</span> <span class='ocrx_word' id='word_1_406' title='bbox 1061 4217 1171 4279; x_wconf 87' lang='lat' dir='ltr'>censet</span> <span class='ocrx_word' id='word_1_407' title='bbox 1194 4220 1236 4274; x_wconf 89' lang='lat' dir='ltr'>ut.</span> <span class='ocrx_word' id='word_1_408' title='bbox 1274 4210 1365 4277; x_wconf 86' lang='lat' dir='ltr'>Pers</span> 
     </span>
     <span class='ocr_line' id='line_1_41' title="bbox 203 4311 1367 4391; baseline -0.003 -16"><span class='ocrx_word' id='word_1_409' title='bbox 203 4311 291 4391; x_wconf 73' lang='lat'>115,</span> <span class='ocrx_word' id='word_1_410' title='bbox 310 4319 340 4376; x_wconf 95' lang='lat' dir='ltr'>l:</span> <span class='ocrx_word' id='word_1_411' title='bbox 364 4316 442 4378; x_wconf 78' lang='lat' dir='ltr'>unde</span> <span class='ocrx_word' id='word_1_412' title='bbox 465 4326 618 4391; x_wconf 88' lang='lat' dir='ltr'>argeutum</span> <span class='ocrx_word' id='word_1_413' title='bbox 642 4318 682 4376; x_wconf 89' lang='lat' dir='ltr'>sit</span> <span class='ocrx_word' id='word_1_414' title='bbox 704 4315 844 4377; x_wconf 87' lang='lat' dir='ltr'>iuturum.</span> <span class='ocrx_word' id='word_1_415' title='bbox 883 4312 971 4377; x_wconf 89' lang='lat' dir='ltr'>Pers.</span> <span class='ocrx_word' id='word_1_416' title='bbox 988 4311 1014 4391; x_wconf 97' lang='lat' dir='ltr'>I,</span> <span class='ocrx_word' id='word_1_417' title='bbox 1030 4315 1060 4389; x_wconf 88' lang='lat'>3,</span> <span class='ocrx_word' id='word_1_418' title='bbox 1079 4314 1135 4375; x_wconf 84' lang='lat'>70:</span> <span class='ocrx_word' id='word_1_419' title='bbox 1158 4311 1239 4373; x_wconf 79' lang='lat' dir='ltr'>uode</span> <span class='ocrx_word' id='word_1_420' title='bbox 1261 4321 1367 4388; x_wconf 86' lang='lat' dir='ltr'>surpta</span> 
     </span>
    </p>
   </div>
   <div class='ocr_carea' id='block_1_3' title="bbox 0 0 1568 5075">
    <p class='ocr_par' dir='ltr' id='par_1_5' title="bbox 0 0 1568 5075">
     <span class='ocr_line' id='line_1_42' title="bbox 0 0 1568 5075; baseline 0 1"><span class='ocrx_word' id='word_1_421' title='bbox 0 0 1568 5075; x_wconf 95' lang='lat' dir='ltr'> </span> 
     </span>
    </p>
   </div>
  </div>
 </body>
</html>
