3125 5075
271 376 334 435 830
698 371 855 412 sossnsus.
877 371 942 413 oss.
955 371 998 410 ιιι.

270 552 361 620 etque
384 545 522 622 hospitis.
567 544 648 610 Eun.
667 544 710 625 ΙΙ,
727 550 756 626 2,
773 551 811 612 3:
835 548 968 609 Conveni
990 547 1080 608 hodie
1102 546 1265 608 adveniens
1288 548 1438 622 quendem

270 646 328 704 roei
352 644 411 704 looi
433 644 503 703 hino
526 656 614 718 atque
638 646 760 708 ordinis.
806 643 923 708 Heaut.
946 641 973 723 I,
999 649 1027 719 1,
1053 646 1108 707 68:
1137 644 1268 705 Animist
1295 646 1440 719 pudentis

271 744 387 818 signum
415 750 446 802 et
475 758 533 801 nou
562 745 719 806 instrenui.
764 740 893 805 Phorm.
915 739 941 819 Ι,
963 746 994 817 4,
1018 746 1053 804 i:
1087 744 1160 801 Tum
1189 744 1337 818 temporis
1365 744 1440 802 mihi

271 846 413 915 punctum
437 840 475 901 ad
502 839 578 898 hano
601 857 665 899 rem
688 847 745 915 est,
768 838 824 903 ubi
847 841 985 915 emporis
1009 857 1031 904 a
1056 838 1259 903 substantivo
1284 845 1442 914 mm,

271 953 335 1000 non
363 953 383 999 a
408 942 469 997 tum
496 935 630 1017 regitur.
677 938 774 1002 Andr.
798 935 824 1015 I,
852 942 878 1013 l,
910 941 985 1001 131:
1019 942 1122 997 nt-
1150 940 1231 998 Vera
1256 939 1442 1011 obiurpordi

273 1053 365 1096 sauss
388 1036 436 1097 sit.
481 1032 560 1098 Her.
577 1032 616 1113 V,
637 1039 663 1112 1,
680 1039 738 1098 20:
764 1037 881 1109 Quaere
904 1039 994 1098 elium
1017 1037 1073 1096 tibi
1094 1035 1267 1110 firmiorem,
1291 1039 1361 1096 dnm
1386 1040 1442 1097 tibi

272 1142 389 1209 tempus
414 1134 588 1193 consulendi
612 1140 668 1194 est.
712 1131 831 1196 Heaut.
855 1132 881 1211 I,
907 1137 934 1211 1,
959 1138 1014 1196 77:
1048 1135 1139 1208 Hem,
1173 1140 1221 1195 tot
1249 1151 1317 1194 meo
1341 1135 1442 1195 Solius

272 1234 396 1294 solliciti
420 1236 489 1292 sunt
512 1248 613 1292 eausa.
659 1228 794 1310 Adelph.
820 1229 864 1309 II,
886 1237 917 1306 4,
940 1234 974 1293 6:
1007 1234 1054 1292 Ne
1083 1233 1115 1292 id
1142 1232 1320 1292 marandi
1346 1236 1442 1310 ineps

274 1346 443 1405 quamquo
467 1329 591 1389 habeam
616 1335 734 1405 gratnm
756 1328 858 1390 iacere
883 1330 1061 1405 existimes,
1099 1345 1194 1408 quem
1217 1328 1442 1395 Weissenbor-

276 1426 349 1490 nius
372 1427 452 1506 synt.
476 1442 506 1504 p.
530 1429 581 1504 98,
604 1426 711 1490 adnot.
736 1431 755 1490 2
785 1427 962 1508 genitivum
989 1443 1105 1492 osnsse
1132 1426 1285 1507 appellat
1332 1428 1441 1508 Expli-

272 1526 325 1588 cat
347 1522 408 1588 hoo
429 1521 644 1588 Schneiderus
665 1524 707 1589 ed
733 1523 968 1605 caespite,
992 1542 1065 1589 oum
1086 1542 1150 1605 quo
1172 1524 1321 1589 conteras
1344 1527 1439 1590 ιῐίιιι

273 1621 511 1687 Weissenborn.
539 1622 579 1686 de
609 1623 742 1703 gerund.
773 1641 805 1702 p.
831 1627 890 1687 126
919 1628 953 1686 et
978 1624 1086 1687 adnot
1110 1628 1169 1687 251
1201 1626 1234 1687 et
1259 1622 1438 1687 Aubertum

275 1716 426 1803 tbrttrtqe
455 1734 507 1800 qut
537 1718 590 1781 lot.
616 1716 759 1785 (bromm
788 1718 815 1799 I,
843 1737 874 1799 p.
898 1725 949 1784 27.
990 1719 1069 1785 Hes
1092 1719 1119 1800 Ι,
1150 1725 1180 1798 2,
1209 1726 1266 1785 42;
1301 1725 1344 1784 Et
1366 1726 1439 1784 iseo

274 1822 441 1881 communis
463 1821 592 1879 omnium
615 1838 691 1895 quae
714 1828 785 1881 sunt
806 1827 934 1895 petrum.

361 1921 411 1978 67.
456 1916 612 1978 donitioos
621 1935 778 1991 personae,
800 1936 857 1991 quo
870 1918 984 1992 prodite
993 1918 1230 1992 propinquitatis
1251 1919 1438 1992 opprimitur.

274 2012 374 2078 Naev.
404 2013 639 2079 Acontizomen.
675 2012 713 2077 ir.
742 2019 779 2077 2:
813 2018 909 2076 Huius
933 2047 972 2059 -
996 2025 1113 2092 gnatus.
1159 2014 1300 2079 Baebius
1326 2014 1368 2079 de
1390 2032 1439 2078 cn·

276 2112 366 2176 sibus
388 2129 417 2191 p.
443 2115 483 2175 32
506 2112 601 2176 docet
623 2130 737 2177 nomen
765 2113 930 2192 proprium
960 2130 1030 2178 oum
1059 2112 1123 2175 alio
1150 2112 1277 2177 nornine
1300 2113 1439 2193 genitivo

277 2209 426 2290 coniungi
449 2226 711 2289 posse,quoru1n
735 2209 805 2290 illo,
829 2211 913 2289 qnod
937 2210 1078 2290 genitivo
1100 2215 1152 2278 est
1173 2227 1374 2289 expressum,
1397 2209 1439 2273 al·

277 2315 383 2373 terum
405 2306 586 2372 accuratius
610 2307 824 2388 significatur,
855 2308 940 2386 qnod
963 2308 1151 2386 saepissime
1172 2306 1210 2373 fit
1232 2310 1265 2371 in
1286 2308 1439 2388 proximis

276 2406 429 2487 gradibus
459 2405 707 2486 propinquitatis
739 2405 968 2486 exprimendis,
1002 2406 1093 2470 velut
1120 2406 1207 2470 inter
1228 2412 1383 2487 parentes
1405 2415 1435 2471 et

278 2503 405 2584 liberos,
428 2505 577 2569 maritum
602 2510 636 2568 et
658 2522 799 2570 uxorem.
845 2501 949 2569 Affert
971 2503 1109 2568 Baebius
1126 2503 1221 2569 Ennii
1244 2503 1351 2569 annai
1374 2503 1394 2570 l.
1417 2503 1439 2574 Ι,

276 2604 317 2668 fr.
343 2610 399 2667 74:
424 2607 547 2678 Quirine
571 2616 659 2680 peter
680 2623 808 2665 veneror
831 2606 1002 2680 Horamque
1020 2606 1137 2678 Quirini
1161 2603 1297 2678 (Nonius
1320 2622 1351 2682 p.
1370 2608 1437 2681 120,

279 2707 311 2765 l:
335 2702 443 2770 „Horo
458 2701 633 2763 iuventutis
649 2701 751 2777 dea“).
775 2699 839 2763 Per
853 2700 1073 2780 metaphoram
1088 2701 1208 2764 dictum
1225 2705 1276 2764 est
1289 2717 1310 2764 e
1325 2700 1439 2765 Plauto

276 2797 374 2862 Mere-
395 2796 451 2874 IV,
475 2803 503 2872 5,
531 2803 583 2861 13:
606 2801 659 2860 Pol
681 2801 760 2860 hand
783 2800 941 2860 censebam
965 2802 1089 2860 istarum
1113 2818 1180 2860 esse
1203 2818 1365 2874 operarum
1387 2820 1438 2877 ps-

276 2903 363 2967 trem‚
386 2894 404 2956 i.
427 2912 453 2958 e.
478 2894 632 2959 eiusmodi
656 2912 771 2975 operas
794 2897 899 2960 edere.
946 2896 1072 2959 Terent.
1087 2894 1215 2960 Phorm.
1231 2895 1258 2974 1,
1277 2903 1303 2975 1,
1322 2904 1358 2962 5:
1380 2902 1438 2961 sri-

275 2997 334 3054 Ιιιι
358 2995 450 3053 filium
474 2997 538 3055 eins
563 2995 681 3056 duxisse
705 2998 794 3056 sudio
817 2997 958 3069 Uxorem,
981 2993 1002 3056 i.
1025 3011 1052 3057 e.
1076 2991 1174 3057 filium
1198 2992 1269 3058 heri
1291 2996 1372 3060 eius.

361 3093 412 3154 68.
459 3093 614 3155 datarus
643 3096 831 3168 posseswris
874 3091 980 3156 Plaut.
1009 3091 1102 3157 Cure.
1124 3092 1167 3173 ΙΙ,
1196 3099 1224 3170 l,
1259 3099 1310 3157 15:
1346 3098 1439 3157 Estne

276 3193 326 3250 hio
348 3193 507 3251 Palinurus
529 3192 728 3252 Phaedromi?
750 3209 792 3254 se.
816 3206 938 3254 servus.
973 3190 1087 3271 Amph.
1105 3189 1131 3266 Ι,
1151 3197 1177 3270 i,
1194 3196 1270 3256 255:
1293 3196 1438 3269 Equidem

276 3307 341 3350 snm
362 3289 590 3364 Amphitruonis
614 3291 707 3351 Sosis.
753 3306 782 3352 v.
807 3291 882 3352 238:
915 3291 1140 3365 Amphitruonis
1169 3310 1225 3368 ego
1247 3310 1312 3352 sum
1337 3310 1439 3352 servos

276 3388 371 3448 Sosia.
407 3403 435 3449 v.
452 3390 528 3449 247:
552 3405 610 3448 non
634 3405 698 3448 sum
720 3405 776 3462 ego
798 3405 901 3449 servos
923 3389 1151 3463 Amphitruonis
1173 3390 1279 3450 Sosia?
1312 3387 1439 3452 Terent.

277 3484 375 3548 Andr.
399 3482 441 3562 ΙΙ,
465 3489 494 3561 2,
519 3489 572 3548 2οι
606 3487 698 3546 Forte
728 3487 770 3545 ibi
799 3486 889 3546 huius
920 3482 1076 3560 (Charini)
1109 3486 1196 3548 video
1219 3490 1375 3562 Byrriam,
1408 3505 1437 3549 v.

276 3580 416 3646 Klossm.
438 3581 479 3645 ad
501 3581 600 3645 Naev.
623 3599 655 3661 p.
682 3585 752 3645 133.
797 3581 933 3662 Adelph.
955 3580 1010 3658 IV,
1034 3586 1064 3659 2,
1085 3589 1142 3648 43:
1177 3586 1237 3647 Ubi
1260 3586 1299 3645 ad
1323 3588 1438 3646 Dionos

275 3683 404 3755 veneris,
427 3697 469 3743 sc.
494 3678 615 3743 aedem.
646 3677 684 3758 V,
702 3686 730 3756 3,
750 3684 805 3743 18:
830 3683 922 3742 Vetus
945 3684 1068 3742 verbnm
1090 3684 1148 3744 hoo
1171 3682 1328 3758 quidemst,
1353 3685 1438 3745 Corn·

275 3782 376 3839 munia
398 3796 465 3839 asse
488 3780 651 3839 amicorum
672 3781 752 3840 inter
774 3799 807 3840 se
829 3781 937 3841 omnio.

362 3879 412 3940 69.
452 3876 608 3937 (imitious
624 3877 860 3951 propinquitatis
880 3894 1005 3944 morsm,
1028 3879 1131 3945 mi,
1151 3879 1273 3952 inperii.
1311 3876 1441 3942 Terent

274 3971 357 4036 Eun.
381 3972 440 4045 ΙΙΙ,
467 3978 493 4051 l,
520 3978 559 4037 18
584 3991 645 4054 ιιι
680 3978 772 4036 lnuno
796 3977 839 4036 sio
867 3977 999 4037 homost:
1034 3976 1256 4049 Perpetuam
1277 3977 1440 4038 boum

275 4068 346 4134 GN.
370 4073 637 4132 immortaliorem
659 4076 806 4147 arbitror,
830 4075 862 4133 Si
883 4080 983 4133 teonm
1005 4075 1087 4135 vivit.
1130 4070 1258 4136 Phorm.
1283 4072 1309 4152 t,
1333 4077 1365 4151 2,
1389 4078 1442 4138 78:

274 4171 437 4230 Paternum
461 4172 586 4230 amioum
609 4188 657 4231 nne
679 4172 865 4233 adsimulabo
887 4172 1025 4247 virginis,
1059 4168 1089 4233 h.
1113 4186 1147 4234 e.
1175 4169 1313 4235 amioum
1341 4173 1443 4252 patris

274 4265 418 4346 virginis.
463 4267 511 4331 Ex
534 4265 595 4332 hoo
622 4285 738 4348 genere
768 4267 902 4350 genitivi
933 4267 1099 4348 proiectae
1128 4273 1206 4332 sunt
1234 4267 1333 4333 etiam
1365 4286 1444 4333 non·

275 4363 383 4430 nutias
404 4365 643 4431 coniunctiones
670 4383 741 4430 cunr
772 4382 802 4428 r.
825 4367 930 4430 animi.
976 4365 1030 4432 Sio
1056 4364 1146 4445 apud
1169 4363 1333 4435 Plautum¹
1353 4365 1440 4431 Trin.
