3125 5075
525 338 672 379 noctitias
701 339 933 381 autumnitanus.
1225 351 1287 411 339

126 544 165 587 ac
187 531 294 589 amera.
341 526 392 592 Sic
419 528 558 606 positum
585 527 714 593 videtur
742 545 760 591 a
784 528 934 593 Terentio
964 528 1045 592 Eun.
1077 528 1141 603 ΙΙΙ,
1168 536 1201 605 l,
1227 534 1282 594 61:

127 624 211 683 Bene
235 626 326 685 dixti:
350 644 385 686 oc
408 628 479 685 mihi
503 629 579 687 istuc
601 645 659 686 nou
684 630 713 687 in
737 634 866 688 montem
890 637 1022 688 venerat.
1069 627 1168 690 Andr.
1192 627 1229 705 V,
1258 635 1285 707 l,

128 724 185 783 22:
211 723 266 782 tibi
288 742 350 783 sum
376 726 486 784 oblitus
509 725 612 801 hodie,
636 742 670 784 cc
692 727 791 801 volui,
815 727 930 798 dicere,
961 723 1015 787 ubi
1038 723 1183 789 Donatus
1206 724 1287 789 salso

128 816 269 896 explicat
291 826 396 883 contra
418 839 507 893 quom
530 824 619 883 volui.
665 820 799 899 Adelph.
826 821 850 898 Ι,
878 828 902 898 l,
922 816 976 885 15:
1001 823 1100 894 Atque
1123 840 1159 882 ex
1175 842 1221 883 me
1240 826 1289 884 hic

128 926 218 977 natus
247 936 305 978 non
337 929 399 994 est,
437 922 490 979 sed
521 920 615 979 tratre
649 937 685 979 ex
716 938 791 981 meo.
846 917 1013 998 Sosipater·
1042 917 1207 981 Charisius
1244 918 1289 983 lo-

128 1029 232 1092 quens
255 1013 295 1078 de
320 1012 381 1079 hoc
410 1013 480 1080 loco
507 1022 595 1089 atquc
625 1034 682 1095 pro
706 1022 735 1076 et
762 1016 903 1096 positum
931 1015 1009 1079 dicit
1031 1020 1063 1079 et
1086 1015 1189 1079 addit:
1216 1017 1289 1094 ,uhi

128 1112 247 1190 Acron,
271 1118 398 1192 argute,
420 1112 530 1191 inquit.
555 1131 627 1176 nam
651 1131 708 1193 per
731 1114 812 1177 hano
835 1112 1087 1177 coniunctionem
1119 1113 1288 1177 transitum

127 1206 207 1272 fecit
229 1208 270 1273 ad
292 1210 517 1274 narrationem.
543 1207 714 1291 [Neutrum
738 1217 859 1276 rectum
894 1207 967 1289 est].
1018 1208 1236 1274 eumaeum
1258 1212 1289 1273 in

132 1306 324 1385 Agitatoria,
347 1307 404 1371 sed
427 1315 461 1370 et
483 1309 515 1370 in
537 1306 712 1371 Tarentilla
735 1305 788 1388 [fr.
814 1307 894 1384 14].“

217 1409 238 1467 t.
283 1406 384 1478 Atque
408 1423 477 1469 cam
494 1405 557 1468 vim
573 1403 680 1482 hahet,
704 1410 739 1468 ut
762 1406 849 1469 aliud
872 1403 947 1484 quid
963 1402 1092 1468 adiiciat
1107 1403 1234 1482 aequali
1252 1423 1290 1467 eu

130 1501 264 1578 ratione,
288 1517 351 1579 quo
373 1501 467 1566 simul
485 1502 713 1582 comprehenso
730 1502 891 1567 conclusio
907 1499 1085 1564 conficitur:
1108 1519 1166 1565 nec
1182 1505 1289 1564 tamon

131 1616 262 1662 necesso
274 1606 323 1661 ost
335 1598 494 1664 conclusio
507 1600 576 1679 ipsa
588 1599 693 1663 verbis
706 1600 909 1680 exprimatur.
928 1597 1029 1673 Quam
1042 1598 1174 1661 formam
1188 1615 1290 1676 grom-

132 1695 241 1758 matici
258 1697 508 1776 assrunptionem
520 1702 643 1760 vocant.
661 1695 778 1777 (Hand.
798 1715 828 1777 p·
845 1697 931 1770 492).
948 1695 1050 1759 Plani.
1069 1695 1139 1759 Aul.
1153 1695 1193 1772 ll,
1210 1702 1240 1773 t,
1256 1700 1290 1758 8:

130 1794 231 1867 Alite
255 1794 314 1868 (sic
330 1796 388 1873 Ap,
404 1793 487 1872 vulg.
505 1798 598 1869 atqua
616 1814 670 1871 ego
685 1800 772 1870 istuc,
790 1798 935 1864 Anthrax,
951 1797 1129 1854 aliovorsum
1145 1795 1286 1853 dixeram.

219 1909 248 1952 u.
295 1892 340 1954 Dc
364 1893 539 1965 ecquidem
567 1891 639 1956 vide
670 1892 829 1957 Handium
856 1909 887 1971 p.
912 1894 982 1954 502.
1010 1889 1113 1954 Plout.
1136 1889 1208 1952 Aul.
1235 1890 1288 1959 iv,

133 1991 165 2066 9,
193 1991 245 2050 la:
269 1990 369 2062 Atque
391 1991 439 2049 hic
463 1992 579 2063 paridem
601 1994 746 2065 Eucliost,
770 2002 803 2052 at
826 1992 941 2067 opinor.

220 2104 248 2150 v.
293 2086 391 2160 Alpe
420 2090 507 2147 etium
538 2087 642 2151 Plani.
667 2089 753 2151 Asin.
776 2087 823 2164 11,
847 2094 881 2164 4,
908 2089 962 2149 76;
993 2088 1091 2160 Atque
1117 2089 1205 2146 etiam
1233 2090 1291 2148 Pro

133 2185 223 2245 dictis
251 2188 362 2245 nostris
390 2186 543 2247 maledicis
571 2204 684 2261 poenae
712 2188 881 2261 pendentur
905 2187 943 2244 mi
967 2183 1064 2244 hodie.
1115 2182 1230 2247 Bacch.
1254 2181 1291 2262 V,

136 2284 164 2356 1,
188 2283 222 2344 o:
246 2284 383 2343 Perditus
407 2302 469 2344 sum
493 2289 582 2356 atque
608 2286 696 2343 ctiam
719 2285 889 2343 eradicatus
913 2299 985 2356 snm,
1009 2279 1064 2343 uhi
1080 2278 1178 2341 hahet
1193 2278 1291 2358 signi·

133 2375 313 2442 ficationem
336 2377 533 2443 intensivum.

219 2493 249 2539 x.
293 2475 340 2535 Ac
362 2494 475 2552 quoquc
499 2476 602 2541 l’laut.
619 2476 732 2540 Pseud.
757 2476 781 2552 l,
800 2481 828 2553 3,
857 2480 928 2541 133:
956 2477 1158 2536 Verberavisti
1173 2483 1290 2549 patrem

132 2582 223 2651 atqua
251 2585 386 2636 matrem.
431 2576 497 2637 BA.
533 2577 630 2648 Atque
663 2579 760 2637 occidi
794 2592 906 2648 puroque
936 2576 1036 2634 Potius
1069 2591 1157 2648 quam
1194 2574 1291 2633 cibum

132 2674 357 2747 praehiberem,
394 2670 447 2734 uhi
476 2678 562 2746 cique
592 2671 689 2735 habet
716 2674 780 2734 vim
804 2670 990 2735 intensivum
1018 2674 1114 2748 atquo
1142 2667 1290 2747 augendi.

133 2766 379 2847 Coniunguntur·
407 2767 487 2832 adeo
511 2775 578 2834 tres
608 2769 784 2848 particulae
815 2769 928 2848 Amph.
953 2766 1031 2847 prol.
1055 2785 1085 2829 v.
1110 2770 1166 2829 30:
1195 2765 1293 2837 Atque

131 2884 189 2943 ago
211 2884 324 2940 quoquc
348 2869 445 2925 elicui.

220 2967 270 3027 37.
316 2966 421 3024 Etiam
450 2963 660 3042 compositum
689 2973 738 3026 cst
765 2982 805 3026 cx
833 2970 862 3024 et
882 2966 951 3022 iam.
1006 2961 1043 3025 ln
1074 2958 1291 3024 descrihendis

131 3057 306 3141 generibus
329 3060 424 3124 huius
448 3060 623 3140 particulae
647 3060 762 3122 iterum
785 3077 903 3136 sequar·
928 3057 1096 3121 Handium.

219 3173 247 3219 a
293 3161 396 3219 Etiam
418 3157 526 3223 adiicit
550 3158 594 3234 ci,
625 3155 709 3236 quod
732 3165 789 3218 aut
811 3154 929 3217 dictum
952 3163 1009 3216 aut
1031 3152 1205 3232 cogitatum
1230 3160 1289 3222 cst,

131 3251 224 3319 alind
245 3253 332 3334 quid,
355 3260 389 3318 et
411 3252 568 3335 significat
591 3256 631 3314 cd
652 3257 738 3320 haec,
761 3259 937 3328 praetereo,
958 3254 1089 3324 increper.
1134 3249 1232 3313 Nacv.
1254 3246 1291 3311 l'r.

134 3357 154 3417 3
177 3352 238 3415 inc.
262 3368 352 3429 com,
376 3351 429 3416 ubi
453 3362 503 3415 est
526 3351 565 3415 uh
588 3351 677 3414 initio
701 3350 849 3429 positum.
875 3348 921 3412 lb.
936 3347 973 3411 ir.
991 3352 1040 3410 23.
1057 3345 1160 3409 Plaut.
1177 3344 1292 3424 Amph.

131 3449 177 3531 ΙΙ,
197 3455 224 3524 Ι,
247 3453 303 3512 213
326 3453 474 3526 Ιίοςιιειιθ,
500 3452 635 3527 inprobe,
658 3451 747 3508 etium
770 3451 821 3523 qui
844 3448 928 3507 ludos
952 3446 1025 3506 lacis
1049 3446 1116 3504 me?
1161 3449 1189 3521 2,
1219 3447 1292 3506 113:

135 3553 183 3611 An
206 3549 296 3609 ctiam
319 3548 348 3607 id
373 3547 508 3609 tuscis?
553 3565 582 3608 v.
610 3551 681 3609 128:
707 3550 854 3621 Opsecro,
876 3546 1006 3604 etiamne
1031 3545 1085 3603 hoc
1109 3532 1238 3616 negabis,
1263 3548 1292 3599 te

132 3663 256 3707 auream
285 3654 420 3721 pateram
452 3647 522 3704 mihi
547 3645 674 3704 Dedisse
705 3645 781 3703 dono
815 3644 902 3703 hodie
925 3641 987 3700 -?
1032 3638 1122 3717 Capi.
1153 3636 1233 3717 prol.
1264 3654 1292 3698 v.

132 3747 192 3807 53:
216 3743 269 3807 Set
291 3745 412 3803 ctio-rust
434 3744 536 3817 paucis
560 3760 611 3802 vos
635 3743 712 3817 quod
736 3744 863 3800 monitos
887 3739 1043 3810 voluerim,
1068 3734 1107 3797 ad
1131 3751 1159 3812 q.
1176 3732 1194 3796 l.
1213 3733 1294 3797 Box-

131 3837 241 3904 horn.:
274 3843 421 3908 ,‚Etiam‚
447 3837 595 3916 insuper,
625 3835 829 3916 praete1·ea.“
877 3833 990 3898 Bacch.
1018 3852 1047 3895 v.
1074 3838 1152 3896 274:
1188 3834 1294 3892 Etiam

131 3938 206 4014 quid
227 3938 340 4012 porro?
370 3934 436 3998 hlil.
461 3934 516 4013 lv,
539 3939 568 4012 8,
593 3937 648 3998 63:
674 3938 779 3995 Etiam
795 3953 872 3994 norm
897 3937 970 4005 vale,
995 3932 1079 4007 adq.
1104 3926 1123 3991 l.
1142 3927 1293 3991 Liudcrn.:

131 4038 207 4114 „est
228 4036 437 4094 nupciarum
462 4031 556 4093 uate.¹‘
596 4030 721 4094 Terent.
746 4032 844 4093 Andr.
868 4028 894 4107 Ι,
918 4035 945 4103 3,
973 4032 1025 4091 10:
1048 4030 1095 4088 Ad
1118 4030 1192 4087 hacc
1216 4029 1295 4086 mala
1341 4048 1345 4055 ·

131 4135 191 4194 hoc
219 4133 260 4193 mi
289 4134 407 4192 accedit
437 4131 544 4190 etiam:
582 4130 655 4190 haec
686 4132 802 4189 Andria
829 4159 871 4169 -
902 4128 1023 4200 gravida
1053 4143 1069 4184 e
1098 4127 1293 4198 Pamphilost

130 4228 216 4294 Eun.
238 4227 290 4304 ΙΙ,
314 4231 348 4305 2,
372 4234 429 4291 55:
465 4229 570 4289 Etiam
599 4243 676 4286 nunc
705 4227 753 4285 hic
777 4232 856 4301 stas,
890 4226 1043 4283 Parmeno.
1088 4219 1153 4298 111,
1178 4226 1214 4295 5,
1238 4223 1292 4283 22:

130 4330 239 4403 neque
262 4330 289 4388 ia
312 4327 458 4385 deductus
482 4327 571 4383 etiam
595 4328 654 4383 tum
678 4323 715 4382 ad
736 4339 811 4381 cam.
857 4318 971 4398 Hecyr.
995 4316 1019 4392 1,
1043 4320 1074 4396 2,
1090 4322 1145 4381 7οι
1168 4321 1293 4379 Narrat·

1018 4415 1084 4479 22*
