3125 5075
703 340 867 380 suasuram.
1295 349 1354 409 221

195 530 307 606 femur,
337 528 447 594 dicens
481 534 611 609 propter
637 528 836 594 commodum
870 545 983 592 versus
1017 525 1192 592 clausulam
1227 544 1359 608 semper

197 625 351 691 Plautum
375 625 481 690 dicere
503 628 585 688 colai
605 628 710 707 deae,
733 643 896 709 uunquam
916 626 1013 688 aicae
1034 626 1124 702 adai,
1153 632 1353 705 quapropter

196 723 248 790 sio
270 723 384 788 scribit
404 740 533 787 versum
555 723 679 789 Plauti:

355 823 425 899 qnid
448 823 623 884 brtcblnml
647 856 686 866 -
709 826 787 896 illut,
810 821 950 897 fflmiaur,
973 820 1054 880 colai
1075 821 1180 884 aare.

200 919 252 984 De
277 916 346 983 loco
368 922 476 983 autem
498 918 584 982 Trio.
611 918 668 998 IV,
698 926 724 998 l,
757 924 794 983 5:
824 925 921 995 Atque
944 920 1000 977 tibi
1021 934 1087 996 ego,
1109 919 1259 996 Neptune,
1282 928 1352 978 ante

196 1019 277 1079 alios
300 1019 373 1079 deos
394 1019 489 1093 gratis
512 1035 569 1093 ago
592 1027 681 1094 atque
705 1018 801 1078 babeo
817 1034 946 1076 summes
962 1013 1156 1078 Ritsebelius
1171 1013 1234 1079 iud.
1256 1012 1353 1078 scbol.

198 1113 293 1177 Bonn
319 1109 419 1193 184⁴l,
444 1131 475 1193 p.
499 1112 612 1177 obsec
627 1113 738 1178 habet:
762 1129 919 1191 „quorum
935 1110 1359 1176 collocationemverborum

199 1230 256 1287 epo
277 1214 415 1286 Neptune
439 1213 494 1272 tibi
515 1212 567 1275 vix
589 1210 701 1274 dubito
724 1210 801 1289 quin
823 1203 1055 1288 significantius
1078 1227 1149 1272 cum
1173 1208 1290 1273 Botbio
1312 1209 1361 1272 ita

201 1308 252 1372 uti
275 1306 418 1387 fecimus,
441 1324 535 1386 quam
559 1308 604 1372 sic
627 1308 770 1388 corrigas
793 1325 864 1371 cum
887 1304 1087 1369 Hermanno:
1115 1325 1170 1383 ego
1197 1309 1253 1368 tibi
1275 1310 1357 1383 Nep·

201 1415 295 1481 tune;
317 1420 498 1486 quanquam
523 1411 659 1484 utroque
682 1404 777 1468 modo
799 1407 861 1473 tibi,
884 1404 917 1467 in
939 1419 1001 1481 quo
1024 1403 1072 1467 vis
1095 1407 1145 1467 est
1168 1404 1357 1482 sententiae,

198 1501 321 1568 fortius
341 1500 526 1581 intenditur,
550 1502 618 1566 sive
638 1500 717 1566 illud
740 1501 805 1565 ictu
829 1519 940 1566 versus
961 1499 1096 1581 acuitur,
1119 1500 1187 1564 sire
1202 1499 1243 1564 ab
1265 1499 1358 1563 initio

199 1598 367 1665 enunciati
388 1598 548 1678 ponitur.“

292 1702 321 1762 7.
365 1695 505 1773 Quaevis
528 1696 714 1761 insolentior
736 1694 902 1761 collocatio
926 1694 1106 1772 verborum,
1128 1694 1161 1758 in
1178 1712 1241 1774 nun
1256 1695 1360 1759 notio·

200 1813 261 1861 nes
276 1799 433 1876 cognatae
448 1803 639 1874 separentur
653 1800 687 1859 et
700 1791 933 1870 distrahuntur,
949 1791 1066 1855 dicitur
1079 1795 1245 1871 abaciam,
1268 1792 1360 1858 cuius

204 1891 409 1976 potissimum
435 1908 536 1970 genus
566 1898 617 1954 est
644 1894 837 1968 appanowa
887 1909 916 1954 v.
949 1889 989 1953 de
1016 1889 1150 1953 Graecis
1176 1889 1293 1953 Bernb.
1330 1908 1359 1969 p.

203 1995 269 2056 459
291 2005 362 2069 sqq.
405 1986 458 2052 Sic
480 1986 582 2051 Plaut
608 1987 679 2053 Aul.
701 1988 745 2059 ΙΙ,
770 1994 799 2066 3,
823 1993 856 2052 3:
878 1991 1000 2049 vascula
1026 1990 1106 2050 intus
1128 2007 1203 2065 pure
1225 2008 1357 2065 propera

204 2095 296 2166 atque
319 2091 396 2165 elne,
418 2083 504 2167 quod
526 2084 699 2149 secuudum
723 2084 908 2149 Goellerum
923 2083 1045 2148 dictum
1067 2088 1119 2148 est
1133 2102 1205 2164 pro:
1229 2104 1364 2162 propera

205 2194 298 2262 atque
325 2187 403 2253 elue,
429 2185 524 2259 (vaso.
558 2183 612 2247 int
640 2186 744 2263 pure),
774 2199 908 2260 eamque
937 2180 1093 2245 rationem
1116 2181 1263 2246 excusari
1286 2182 1364 2245 dicit

204 2278 410 2346 festinatione
443 2277 612 2359 loquentia.
658 2280 703 2344 Ib.
733 2279 789 2358 lv,
811 2284 842 2358 8,
868 2284 900 2342 1:
930 2282 1008 2340 Picis
1036 2280 1157 2354 divitiis,
1180 2282 1231 2356 qni
1254 2297 1365 2342 aureos

205 2389 325 2441 montes
346 2381 459 2453 colunt,
481 2380 547 2454 Ego
570 2382 651 2441 solus
675 2397 794 2455 supero,
819 2393 893 2456 pro:
915 2375 986 2456 Ego
1008 2374 1096 2441 solus
1110 2393 1228 2456 supero
1243 2374 1364 2440 divitiis

205 2475 298 2558 picis,
321 2475 376 2558 qui
397 2492 425 2539 a
449 2490 489 2539 m.
513 2493 539 2538 c.
562 2473 666 2541 Locus
688 2475 761 2540 Ter.
784 2474 861 2539 Hac.
886 2474 940 2552 IV,
964 2477 993 2553 2,
1017 2479 1046 2554 o,
1075 2490 1170 2553 quem
1193 2471 1298 2538 Rudd.
1321 2470 1369 2535 al-

206 2574 282 2655 fort,
313 2591 378 2638 non
406 2572 547 2653 pertinet
576 2573 647 2654 huc,
676 2591 750 2638 nam
777 2573 821 2637 ibi
849 2589 907 2653 pro
935 2591 1026 2647 quom
1054 2589 1127 2636 cum
1155 2570 1302 2635 Bentleio
1334 2575 1369 2634 et

205 2670 418 2736 Fleckeiseno
448 2670 648 2735 scribendum
679 2678 729 2737 est
762 2673 849 2747 qaod,
886 2670 960 2734 sica
983 2673 1084 2746 Teque
1112 2679 1183 2730 ante
1211 2672 1289 2746 qnod
1320 2686 1367 2731 me

205 2788 309 2832 amare
331 2768 430 2843 rebar,
455 2772 483 2829 ai
506 2772 551 2829 rei
573 2771 698 2832 firmasti
719 2771 817 2830 fidam.
866 2767 923 2832 Ad.
947 2766 984 2845 V,
1008 2772 1037 2845 7,
1064 2772 1116 2832 19:
1145 2770 1191 2829 Tu
1218 2769 1289 2828 illas
1318 2768 1367 2827 abi

206 2876 240 2930 et
262 2869 396 2929 traduce.
440 2865 565 2929 Deinde
587 2867 728 2945 pertinet
749 2865 790 2930 ad
813 2865 991 2946 synchysiu,
1015 2866 1042 2928 si
1070 2863 1307 2930 coniunctiones
1330 2870 1365 2927 et

207 2963 371 3034 adverbia,
399 2963 534 3027 maxime
566 2963 711 3044 relativa,
738 2964 817 3026 item
843 2979 1020 3043 pronomen
1041 2960 1212 3026 relativum
1233 2968 1366 3042 postpo-

206 3066 330 3126 uuntur
351 3059 509 3137 (similiter
530 3062 617 3141 apud
640 3062 791 3131 Graecos,
813 3079 842 3124 v.
867 3059 982 3124 Berub.
1003 3077 1036 3139 p.
1059 3058 1147 3139 461).
1199 3058 1270 3134 Quo
1293 3077 1366 3139 per-

207 3158 313 3223 tinent
330 3156 476 3237 iuprimis
497 3164 541 3237 at,
563 3162 600 3235 ai,
622 3178 668 3238 ne,
691 3177 789 3235 qaam,
812 3159 930 3232 wando
952 3160 1028 3221 cett.
1072 3153 1152 3220 Cato
1175 3156 1212 3221 R.
1229 3157 1266 3219 R.
1290 3174 1317 3219 c.
1337 3160 1369 3237 lg

207 3258 369 3319 Praedium
392 3273 484 3330 qaum
509 3276 618 3333 parare
646 3259 802 3335 cogitabis,
830 3259 873 3316 sic
900 3257 930 3315 in
959 3257 1057 3316 animo
1090 3251 1212 3316 habeto·
1262 3250 1298 3315 (Ι.
1332 3259 1369 3320 4:

208 3352 246 3417 In
275 3356 353 3415 bono
375 3357 500 3430 praedio
532 3356 560 3415 si
587 3358 662 3417 bena
693 3354 897 3416 aedificaveris
918 3355 1052 3428 beneque
1075 3354 1228 3429 posueris:
1257 3353 1320 3411 ruri
1342 3351 1371 3410 ai

210 3461 295 3514 recte
319 3453 511 3526 habitareris,
534 3455 675 3515 libentius
699 3462 730 3514 et
752 3454 872 3526 saepius
895 3453 1006 3527 venies,
1030 3451 1136 3512 lundon
1166 3451 1272 3509 melior
1300 3449 1370 3527 erit,

210 3551 308 3610 minus
331 3551 516 3628 peccabitur,
539 3549 630 3610 fructi
653 3554 720 3625 plns
744 3552 855 3625 capies.
902 3543 937 3610 G.
962 3551 998 3610 5:
1021 3549 1165 3608 Familiae
1182 3549 1306 3607 malene
1321 3547 1371 3609 ait.

209 3644 273 3710 lb:
298 3648 411 3707 Vilicus
434 3648 462 3706 si
484 3651 566 3708 nolet
589 3652 665 3708 male
688 3649 800 3721 iacere,
823 3665 880 3706 non
916 3645 1008 3705 faciet
1036 3640 1094 3722 (sc.
1124 3641 1265 3712 familia).
1310 3639 1370 3704 lb:

211 3746 348 3806 dominus
370 3746 489 3819 impune
509 3762 547 3805 ae
569 3748 650 3805 sinat
671 3761 747 3806 esse.
792 3741 856 3807 Ib.:
880 3742 996 3804 Vilicus
1018 3759 1056 3802 ae
1078 3743 1118 3803 sit
1132 3742 1307 3813 ambulator,
1331 3739 1371 3800 ad

213 3854 337 3904 coenam
359 3849 558 3918 nequeant.
603 3839 667 3907 lb:
689 3844 856 3902 Parasitum
884 3859 921 3900 ae
942 3858 1029 3916 quem
1059 3840 1179 3901 babeat.
1224 3839 1371 3911 Haruspi-

212 3958 278 4001 cem
299 3971 343 3982 -
364 3957 401 4000 ne
423 3958 509 4017 quem
533 3942 718 4001 consuluisse
749 3942 830 4000 uelit
883 3940 1020 4014 Segetem
1049 3954 1087 3996 oc
1114 3936 1262 3998 detrudet
1306 3932 1371 3996 lb:

213 4039 385 4099 Stramenta
406 4040 434 4098 ai
456 4039 591 4100 deerunt.
636 4034 740 4100 Plaut
765 4033 877 4115 Amph.
902 4033 956 4112 IV,
980 4039 1009 4112 3,
1032 4037 1066 4097 8:
1091 4052 1198 4110 resque
1214 4031 1374 4097 attactast

213 4138 348 4212 eloquar.
393 4133 467 4198 Aul.
491 4133 528 4213 V,
555 4139 583 4210 l,
607 4138 662 4201 20:
685 4134 772 4196 modo
795 4134 882 4210 quod.
928 4130 1026 4196 Mera
1049 4130 1104 4209 IV,
1120 4137 1151 4210 4,
1166 4137 1203 4194 4:
1226 4129 1372 4203 Numqui

215 4240 305 4311 amat,
335 4234 413 4310 quod
444 4242 532 4307 amat,
562 4234 590 4293 ei
620 4234 720 4309 habet,
744 4233 775 4293 id
805 4232 896 4290 habet
918 4249 973 4304 pro
996 4232 1072 4290 cibo.
1120 4225 1234 4291 Pseud.
1258 4224 1316 4299 111,
1341 4228 1373 4301 2,

214 4330 589 4407 corpusculorum
610 4335 646 4391 ut
668 4332 776 4405 digitos
799 4329 964 4404 praerodat
992 4347 1071 4391 suos.
1116 4325 1242 4388 Terent
1273 4321 1370 4386 Andr.
