3125 5075
264 380 326 442 328
563 370 622 410 GAP.
640 370 684 409 xV.
712 369 856 409 noculuua
883 369 1135 410 uuunclu'llouuu.

264 562 401 626 alienum
425 563 482 623 aut
503 563 670 621 externum
691 557 793 621 videri
817 558 929 637 possit
952 562 986 621 et
1007 557 1093 637 qued
1116 559 1250 624 accedit
1282 565 1328 625 Et
1348 578 1420 628 vero

267 656 432 737 coniungit
454 655 589 735 simplici
616 661 650 720 et
677 660 808 720 externo
836 671 920 720 nexu
941 655 1089 720 notiones
1117 656 1173 721 uni
1204 657 1325 723 rationi
1351 658 1421 724 snb·

264 753 436 820 mittendas
464 757 498 817 et
523 753 569 816 lta
596 769 693 833 saepe
715 750 941 828 cohaerentes,
975 757 1014 817 ut
1043 770 1139 817 unam
1170 753 1338 819 notionem
1360 751 1424 820 effi-

267 854 360 919 ciant.
405 849 467 915 Sed
497 867 595 929 quum
621 849 700 916 haec
722 850 881 930 particula
910 849 1087 930 simplicem
1109 850 1353 931 copulationem
1375 869 1424 917 ex·

270 950 389 1026 libeat,
412 947 490 1012 nihil
512 948 656 1027 impedit,
679 966 742 1028 quo
765 948 870 1013 minus
892 948 989 1013 etiarn
1005 965 1044 1014 ea
1059 949 1166 1014 omnia
1181 949 1424 1031 complectatur,

267 1066 348 1129 quae
369 1047 439 1112 aliis
462 1046 531 1111 istis
554 1045 718 1111 vocabulis
734 1045 863 1127 proprie
879 1045 1096 1127 designantur.
1126 1044 1239 1126 sicit,
1263 1051 1303 1111 nt
1324 1055 1354 1109 ct
1367 1064 1422 1128 pro

267 1153 355 1223 oque
376 1150 529 1224 ponatur,
552 1144 620 1222 ubi,
643 1160 725 1224 quae
748 1143 904 1225 singulari
932 1144 1056 1210 ratione
1083 1144 1258 1211 cohaerere
1281 1150 1424 1222 possunt,

267 1244 455 1323 simpliciter
477 1241 728 1322 coniunguntur,
761 1247 859 1321 atque
881 1242 945 1307 ista
966 1242 1065 1314 ratio,
1098 1261 1158 1324 per
1186 1250 1278 1319 alque
1308 1240 1426 1324 signifi·

267 1340 384 1418 muria,
415 1338 487 1403 aliis
515 1340 622 1404 verbis
643 1339 695 1403 vel
718 1340 830 1405 ordine
852 1340 1023 1405 verborum
1054 1342 1253 1422 exprimitur.
1284 1375 1324 1388 —
1346 1340 1424 1407 Onn-

268 1438 444 1517 iunguntur
476 1452 535 1518 per
568 1444 596 1499 et
628 1438 771 1503 notiones
799 1444 897 1518 atque
930 1440 1108 1505 sententiae
1137 1446 1170 1505 et
1203 1439 1360 1519 aequales
1396 1443 1427 1503 et

266 1536 457 1611 contrariae,
490 1534 621 1613 siquae
650 1536 732 1600 ratio
754 1535 926 1601 intercedit
951 1535 1114 1601 intereas
1144 1537 1194 1602 vel
1217 1544 1356 1603 externa
1378 1537 1425 1602 vel

267 1633 408 1708 interna,
432 1631 566 1710 simplici
590 1633 791 1712 copulatione
814 1633 1141 1714 comprehendenda.“

352 1748 381 1793 a.
427 1728 672 1810 Coniunguntur
699 1731 800 1812 igitur
827 1732 972 1811 singulae
1003 1740 1110 1810 partes
1133 1731 1318 1796 sententiae
1344 1734 1427 1797 inter

267 1846 301 1893 se
324 1847 381 1908 per
405 1835 434 1891 et
454 1829 653 1907 particulam,
677 1848 738 1909 quo
762 1828 799 1894 fit
822 1836 942 1894 utnon
965 1834 1087 1893 tanturn
1112 1829 1226 1898 semel,
1249 1831 1309 1894 sed
1332 1832 1425 1894 etiam

268 1924 396 2004 saepius
419 1932 566 2004 ponatur.
612 1925 691 1990 Cato
715 1927 752 1992 R.
775 1927 813 1992 R.
837 1946 863 1993 o.
888 1935 922 1992 2:
951 1934 1084 2005 possitne
1108 1946 1183 2008 quoe
1206 1931 1328 2006 reliqua
1350 1932 1427 1991 sient

271 2026 434 2087 conficere:
459 2029 487 2083 et
508 2026 577 2099 quid
593 2025 704 2088 iactum
721 2030 790 2101 vini,
812 2026 953 2088 frumenti
968 2030 1151 2102 aliarumque
1167 2045 1271 2087 rernm
1287 2030 1426 2101 omniun,

269 2121 323 2185 ubi
347 2140 385 2183 ex
407 2123 608 2202 praegressis
630 2129 737 2187 mente
760 2123 940 2188 addendum
965 2131 1014 2186 est
1035 2130 1124 2198 repet.
1155 2123 1216 2188 Ib.:
1241 2144 1320 2200 quae
1336 2143 1428 2200 opera

268 2222 334 2282 fieri
358 2223 428 2283 velit
451 2226 481 2280 et
502 2239 577 2296 quae
602 2224 702 2283 locare
725 2225 814 2301 relit,
846 2225 890 2283 uti
912 2225 1053 2300 imperet,
1087 2228 1114 2282 ct
1137 2240 1173 2283 ea
1196 2225 1315 2298 scripta
1336 2226 1426 2283 relin-

268 2327 348 2395 quat.
395 2317 455 2381 Ib.:
479 2320 598 2380 Vendat
621 2355 661 2363 —
685 2337 803 2382 servum
825 2323 1003 2395 morbosum,
1027 2324 1101 2382 etsi
1123 2321 1196 2396 quid
1217 2321 1301 2381 aliud
1323 2339 1426 2396 snper·

270 2419 317 2485 sit,
341 2418 458 2478 vendat.
503 2414 536 2478 0.
562 2422 596 2480 5:
621 2420 738 2480 Circum
762 2421 845 2479 oleas
869 2422 1064 2479 autumnitate
1081 2421 1234 2494 relinquas
1259 2424 1289 2478 et
1310 2430 1426 2479 stereus

269 2516 379 2576 addito.
425 2512 458 2576 C.
483 2520 515 2579 7:
548 2519 722 2578 Aminaeum
746 2519 942 2577 minusculum
964 2521 992 2576 et
1013 2519 1205 2578 maiuscnlnm
1229 2521 1258 2576 et
1281 2519 1426 2594 Apicium.

268 2611 333 2676 Ib.:
367 2618 445 2675 mala
466 2626 581 2675 mustea
604 2620 632 2675 ct
656 2617 774 2675 Punice.
822 2612 883 2676 Ib.:
919 2618 1057 2676 Orchites
1085 2618 1134 2675 ubi
1159 2618 1263 2689 nigrae
1287 2619 1426 2676 eruntet

270 2715 377 2774 siccae.
423 2709 457 2773 C.
487 2716 522 2775 8:
557 2716 709 2773 avellanas
734 2716 943 2774 Praenestinas
973 2718 1001 2773 ct
1029 2715 1168 2775 Graecas.
1216 2711 1322 2776 Plaut.
1356 2709 1421 2775 Aul.

270 2808 308 2886 V,
333 2815 366 2870 9:
401 2813 449 2870 ibo
473 2815 502 2869 et
529 2815 661 2884 eloquar.
707 2808 805 2873 Stich.
830 2808 866 2887 V,
891 2816 924 2888 2,
953 2815 1006 2874 16:
1042 2814 1085 2872 Ibi
1114 2820 1214 2873 voster
1242 2819 1333 2872 cenat
1364 2829 1426 2870 cunr

270 2926 361 2968 uxore
394 2909 468 2968 adeo
496 2912 524 2967 ct
546 2910 693 2983 Antipho,
728 2925 755 2970 v.
787 2907 924 2970 Gronov.
956 2907 1039 2971 Trin.
1070 2908 1148 2987 prol.
1178 2927 1206 2970 v.
1236 2913 1267 2970 6.
1298 2908 1424 2971 Terent.

268 3004 349 3068 Eun.
374 3003 406 3082 Ι,
434 3010 467 3082 1,
492 3009 548 3067 24:
578 3008 763 3082 Restlngnet‚
789 3012 816 3066 et
839 3014 868 3066 te
892 3010 970 3068 ultro
993 3009 1156 3081 accusabit,
1179 3012 1209 3066 et
1230 3008 1316 3067 dabis
1344 3009 1426 3067 Ultro

269 3105 298 3164 ei
321 3106 507 3178 supplicium.
533 3101 568 3180 V,
594 3107 624 3181 8,
648 3108 699 3166 45.

356 3199 383 3263 b.
430 3199 662 3279 Nonnunquam
687 3206 795 3264 tamen
819 3209 846 3262 et
868 3206 1049 3280 postremae
1073 3207 1197 3264 tantum
1216 3199 1424 3279 complurium

270 3299 448 3362 sententiae
479 3300 617 3377 partium
645 3297 784 3362 additur.
838 3297 917 3362 Cato
946 3298 982 3362 R.
1017 3300 1051 3361 R.
1081 3316 1105 3361 c.
1136 3305 1171 3359 7:
1207 3302 1278 3360 Pira
1306 3303 1425 3370 volema,

268 3399 416 3457 Aniciana
437 3404 464 3457 et
487 3402 652 3459 sementiva
666 3430 723 3473 —‚
747 3399 926 3473 Tarentina,
952 3408 1067 3459 mustea
1096 3401 1124 3458 et
1146 3400 1347 3460 cucurbitina.
1381 3395 1427 3459 sic

267 3506 337 3569 cap.
380 3498 411 3555 ll
450 3495 666 3575 conrpluribus
707 3494 975 3560 ferramentorum
1016 3494 1186 3575 generibus
1229 3501 1427 3574 postremum

269 3587 412 3652 additum
436 3598 501 3655 est:
531 3601 560 3653 et
580 3613 690 3656 euneos
714 3597 789 3667 llll,
819 3593 904 3672 quod
928 3610 964 3655 eo
991 3593 1093 3672 magis
1116 3590 1267 3665 offendit,
1292 3591 1378 3671 quod
1398 3590 1426 3652 in

268 3682 327 3748 hoc
360 3691 428 3751 toto
457 3690 562 3769 capite
591 3692 713 3770 omnia,
737 3709 820 3770 quae
845 3695 1088 3769 enumerantur,
1112 3689 1181 3754 sinc
1204 3690 1322 3770 copula
1350 3688 1429 3753 inter

269 3797 304 3844 se
328 3786 573 3866 coniunguntur.
612 3789 764 3853 Similiter
787 3790 828 3853 ib,
852 3806 920 3865 cap.
951 3795 999 3851 li:
1024 3794 1051 3850 ct
1074 3809 1183 3850 currens
1211 3792 1260 3848 l'l.

356 3902 380 3944 c.
427 3883 659 3966 Nonnunquam
693 3886 828 3950 alterum
866 3886 1042 3951 membrum
1079 3886 1178 3965 priori
1209 3886 1343 3948 additur
1376 3900 1428 3962 per

269 3994 296 4047 et
319 3989 400 4057 iteum
424 3983 548 4063 dequo
573 3983 643 4047 vide
667 3984 827 4048 Handium
850 3984 911 4048 vol.
938 3984 992 4058 lli,
1016 4002 1045 4063 p.
1071 3986 1132 4046 516
1156 4000 1202 4062 sq.
1226 3982 1310 4046 Cato
1334 3983 1371 4046 R
1395 3981 1426 4042 a

266 4081 383 4161 praet:
415 4086 471 4144 Est
499 4085 646 4143 interdum
677 4093 834 4159 prracstare
867 4086 1044 4144 mercatoris
1075 4102 1136 4143 rem
1168 4100 1319 4157 quaerere
1341 4115 1383 4124 -
1404 4084 1428 4139 el

265 4186 333 4247 item
357 4183 515 4244 foenerari.
562 4181 606 4244 lb.
632 4202 657 4247 c.
683 4187 722 4245 98
752 4180 966 4246 Schneiderus
989 4187 1017 4241 et
1039 4179 1141 4242 omitti
1166 4179 1233 4241 vult
1255 4187 1331 4244 ante
1355 4181 1425 4240 itera

269 4279 373 4346 Plaut.
398 4281 483 4346 Trin.
507 4281 560 4357 IV,
586 4287 615 4357 2,
641 4286 689 4344 32,

353 4381 380 4442 d.
427 4380 464 4443 In
487 4378 670 4449 sententiis,
702 4395 785 4457 quae
815 4376 1044 4456 aequalitatem
1075 4371 1275 4455 significant,
1306 4379 1377 4454 post
1399 4390 1423 4431 r.
