3125 5075
288 354 349 414 110
709 345 837 386 vannum.
853 364 875 373 -
891 345 953 388 cae.
968 346 1017 386 ιιι.

283 552 423 614 nequeo,
450 536 479 598 ai
508 529 600 598 lubet
627 533 793 598 sciscitari.
840 534 914 598 Hec.
938 534 963 611 Ι,
987 539 1016 610 2,
1043 540 1101 598 117
1125 550 1187 614 sq.:
1222 536 1300 609 Quid
1323 537 1441 612 egerim

285 636 367 694 tuam
389 651 437 705 aa,
461 650 520 693 nou
543 634 611 693 dum
634 634 723 692 etiam
748 635 825 695 scio:
856 634 927 694 Nisi
949 651 1021 694 sana
1044 638 1170 694 curaest.
1214 630 1257 707 ΙΙ,
1280 636 1309 708 3,
1331 635 1354 696 ’6
1376 650 1441 713 sq.:

284 747 340 789 nec
363 732 414 806 qui
432 732 556 820 dompni
579 732 698 789 eveniat
719 731 797 791 scio:
826 731 897 792 Nisa·
918 735 968 807 pol
990 731 1082 791 tilium
1106 731 1286 792 multimodis
1309 732 1371 791 ium
1392 748 1441 791 ω-

280 831 349 900 peto
370 830 446 889 cett
499 817 633 905 'Adelph
657 823 683 900 Ι,
706 828 735 893 2,
761 830 800 889 73
824 844 887 907 sq.:
920 846 991 889 ecce
1015 835 1113 889 autem
1145 829 1181 886 de
1210 829 1346 903 integro:
1378 828 1440 888 dai

284 926 426 999 quidquid
454 932 502 985 ast
526 926 599 986 Volo
627 926 714 986 scire.
759 921 814 1001 IV,
839 927 867 1000 2,
892 930 910 987 5
933 940 996 1003 sq.:
1023 943 1140 1001 nequeo
1163 927 1236 985 satia
1259 926 1440 987 decernere:

342 1023 345 1028 '
374 1052 418 1063 —
439 1023 533 1082 credo.

283 1019 356 1168 ’Ψ
370 1123 398 1181 3.
421 1136 447 1182 c.
470 1118 659 1180 indicativus
677 1122 711 1179 ia
732 1120 1014 1194 taanopottontcaa
1035 1120 1161 1193 obligate
1182 1135 1346 1191 commuue
1359 1119 1441 1180 aaut

285 1205 363 1277 meo
392 1216 647 1277 enanciotioaidaa
676 1219 831 1279 obtectivis.
884 1215 1174 1295 Frequentissimus
1203 1221 1254 1277 est
1280 1213 1333 1278 hic
1360 1213 1440 1278 indi·

284 1305 409 1396 c'utivus
431 1313 576 1391 inprimis
598 1313 684 1393 apud
707 1313 859 1390 comicos,
888 1315 927 1377 de
954 1313 1044 1377 cuius
1065 1330 1161 1376 causa
1184 1311 1334 1390 exposuit
1355 1310 1441 1375 Haa-

278 1389 414 1488 mat
436 1407 611 1490 Reisigium
635 1429 664 1491 p.
683 1415 743 1475 597
767 1427 834 1489 sqq.
858 1412 965 1475 adnot.
990 1415 1062 1487 504,
1085 1410 1138 1490 qui
1162 1408 1281 1487 repetit
1303 1425 1376 1472 eum
1401 1426 1438 1473 ex

286 1483 436 1570 sdtuione
459 1507 616 1588 populari,
639 1510 670 1572 in
693 1525 757 1588 quo
780 1508 1034 1572 enunciatiouum
1058 1524 1151 1570 unam
1175 1505 1215 1569 ab
1238 1505 1342 1570 altera
1363 1523 1440 1586 pen·

283 1600 369 1666 der'u·
394 1597 489 1668 licile
522 1604 705 1688 negligatur
739 1614 881 1685 atquae
916 1623 933 1670 e
964 1605 1031 1668 sola
1060 1602 1252 1683 cogitatione
1282 1619 1440 1684 suspensa

285 1705 376 1777 sunt,
411 1689 597 1780 saepissllue'
634 1709 785 1781 tanquam
822 1702 906 1766 lacta
938 1702 1041 1765 auimo
1074 1705 1302 1780 proponantur.
1359 1699 1439 1764 Vide

285 1796 382 1860 ctiam
410 1795 702 1862 Weissenbornium
732 1799 763 1862 in
794 1806 875 1881 synt.
905 1817 934 1879 p.
960 1804 1022 1861 327
1053 1815 1098 1875 so.
1128 1796 1234 1860 adnot.
1277 1794 1440 1860 Nonnulla

285 1897 393 1956 tamen
421 1910 481 1973 per
503 1896 762 1961 exclamationem
791 1896 941 1976 explicari
963 1897 1111 1975 possunt,
1138 1893 1170 1955 in
1198 1893 1360 1957 nonnullis
1383 1893 1439 1959 du·

284 1987 370 2052 bium
396 2008 466 2055 esse
493 2000 615 2072 potest,
644 2001 752 2057 utrum
782 2010 954 2073 pronomen
986 2009 1043 2072 pro
1065 1992 1294 2071 interrogativo
1318 2009 1360 2055 au
1382 2009 1439 2071 pro

285 2083 421 2150 relativo
444 2088 487 2153 sit
507 2091 736 2172 accipiendum,
760 2090 932 2155 nonnullae
954 2090 1050 2153 etiam
1066 2089 1336 2167 interrogationes
1352 2094 1440 2153 recca

287 2179 490 2251 distinctione
513 2186 597 2253 lacta
618 2188 783 2255 habendae
807 2193 902 2252 erunt
923 2204 981 2268 pro
1004 2181 1309 2274 interrogationibus
1332 2186 1438 2250 rectis

279 2275 338 2370 'dic
356 2280 533 2349 'i‘elativum
564 2306 636 2353 esse
667 2287 796 2351 videtur
822 2285 900 2350 Cato
928 2285 964 2349 R.
984 2284 1021 2348 R
1050 2302 1075 2348 c.
1105 2286 1137 2347 6:
1172 2285 1294 2343 Vineam
1326 2301 1385 2357 qao
1410 2286 1439 2345 in

284 2363 357 2455 Hic
381 2387 499 2445 conseri
521 2391 640 2461 oportet,
665 2390 708 2448 sic
731 2387 891 2454 adamato,
914 2383 943 2446 h.
967 2401 993 2446 e.
1017 2382 1048 2444 in
1073 2398 1111 2444 eo
1133 2396 1222 2460 agro,
1250 2380 1282 2444 iu
1305 2397 1370 2459 quo
1394 2384 1441 2457 (ut

284 2455 347 2539 iim
371 2479 475 2561 scies),
498 2480 591 2546 vinea
613 2483 809 2549 conserenda
832 2489 891 2559 est,
916 2480 994 2545 haec
1017 2479 1197 2544 observato.
1236 2475 1341 2541 Initio·
1357 2479 1441 2558 capi·

286 2572 328 2637 tis
355 2580 392 2638 10
414 2575 533 2659 legitur
554 2580 758 2646 indicativus:
784 2586 935 2658 Quomodo
959 2585 1068 2641 oletum
1092 2581 1156 2653 agri
1180 2581 1314 2651 iugerum
1336 2578 1440 2641 CCXL

285 2672 436 2736 instruere
458 2684 576 2752 oportet
599 2681 683 2756 quod
707 2679 921 2758 inscriptionis
944 2679 1044 2740 instar
1068 2684 1127 2750 cst,
1150 2673 1227 2736 itam
1256 2674 1348 2737 initio
1373 2692 1439 2754 cap.

289 2772 341 2830 ll:
380 2775 532 2846 Quomodo
556 2781 669 2836 vincam
699 2781 831 2852 iugerum
855 2779 887 2837 C.
912 2779 1059 2836 instruere
1084 2776 1202 2845 oportet.
1248 2768 1361 2833 Oratio
1384 2790 1441 2852 pro

287 2865 405 2931 Rhoo:
441 2874 586 2948 Cogitate,
615 2883 723 2949 quanto
748 2894 800 2936 nos
823 2878 902 2934 inter
926 2893 979 2934 nos
1001 2874 1139 2948 privatim
1163 2871 1278 2928 cautius
1300 2870 1441 2941 sammua,

287 2962 352 3041 ubi,
376 2984 458 3043 quae
481 2974 658 3047 sequuntur
681 2982 754 3050 post
769 2973 901 3046 capitote,
926 2986 984 3049 pro
1008 2966 1235 3032 exclamatione
1251 2965 1353 3044 accipi
1371 2985 1441 3046 pos·

287 3068 372 3126 suut.
417 3064 521 3129 Plaut.
549 3066 662 3147 Amph.
687 3068 765 3147 prol.
790 3089 818 3130 v.
845 3073 898 3131 50:
936 3071 1021 3128 Nunc
1049 3084 1135 3142 quam
1163 3066 1289 3124 obrem
1324 3075 1441 3126 oratum

288 3161 345 3221 huc
367 3164 448 3232 oeni,
475 3169 599 3240 primum
623 3171 794 3242 proloquar.
841 3164 865 3239 1,
894 3175 917 3242 Ι,
944 3167 1015 3226 204.
1060 3158 1106 3225 Ib.
1131 3179 1159 3223 v.
1184 3164 1258 3222 221:
1291 3163 1441 3237 Loquere,

289 3261 359 3335 quid
394 3262 521 3322 venisti?
554 3279 617 3325 non
650 3263 790 3341 pertinet
822 3261 898 3339 huc,
933 3279 1004 3323 uam
1038 3257 1117 3321 haec
1149 3264 1197 3319 ost
1230 3255 1441 3337 interrogatio

288 3360 387 3421 recta.
432 3358 589 3422 Lindem:
624 3360 706 3439 „duo
741 3366 815 3423 sunt
847 3358 988 3435 diversa,
1022 3373 1155 3434 quorum
1185 3354 1285 3433 priori
1313 3353 1444 3419 iubetur

288 3452 404 3531 aliquia
426 3473 605 3520 sermonem
632 3455 735 3522 lacere
759 3455 959 3536 simpliciter;
989 3453 1127 3517 alterum
1150 3456 1257 3513 autem
1280 3451 1442 3530 quaestio

287 3567 359 3614 nem
393 3553 563 3618 continet.“
607 3554 653 3619 lb.
685 3574 713 3619 v.
743 3559 815 3618 268.
852 3554 878 3632 Ι,
903 3560 931 3631 3,
955 3558 990 3616 9:
1022 3554 1218 3612 Observatote
1254 3567 1321 3608 eum
1356 3567 1442 3626 qnam

287 3651 397 3711 blande
426 3655 624 3727 mppapatur
650 3656 776 3713 mulieri.
824 3652 910 3714 Asin.
934 3649 959 3727 Ι,
984 3653 1013 3725 2,
1038 3654 1089 3710 23:
1128 3652 1167 3705 At
1196 3649 1328 3706 scelesta
1355 3648 1441 3707 viden

287 3752 324 3808 tei
343 3768 380 3808 ne
403 3751 432 3809 id
456 3752 573 3825 quidem
596 3769 641 3811 ruo
666 3753 784 3825 dignum
808 3768 873 3811 esse
897 3750 1063 3808 existumat.
1102 3741 1161 3820 ΙΙΙ,
1185 3746 1213 3819 3,
1237 3748 1295 3804 46;
1324 3745 1441 3803 Videtin

289 3847 393 3920 viginti
415 3849 512 3908 minua
534 3848 606 3921 guid
621 3848 734 3922 polleat
755 3848 862 3921 quidve
880 3846 1026 3919 possunt?
1070 3841 1108 3919 V,
1133 3848 1161 3916 2,
1179 3845 1232 3903 34:
1256 3842 1358 3900 Audin
1373 3839 1444 3914 qaid

289 3944 356 4002 ait?
400 3943 469 4007 Aul.
493 3942 520 4019 l‚'
544 3950 570 4022 Ι,
595 3951 626 4008 7;
651 3950 716 4007 eide
740 3951 774 4006 ul
792 3945 916 4004 Incedit
960 3961 988 4005 v.
1011 3946 1045 4003 8:
1069 3948 1101 4000 at
1123 3941 1196 4010 scin,
1219 3939 1366 4012 quomodo
1391 3939 1443 3997 tibi

290 4059 340 4102 res
364 4060 394 4101 se
418 4043 527 4103 ludet?
553 4060 582 4104 v.
607 4046 661 4106 24:
685 4046 750 4103 Neu
772 4045 982 4117 persentiscat,
1004 4056 1106 4099 aarum
1129 4035 1442 4096 matermortua

290 4155 318 4198 v.
344 4142 398 4200 26:
421 4142 505 4202 Nuuc
527 4144 585 4217 ibo,
609 4152 640 4201 ut
664 4145 765 4211 visam,
790 4146 868 4201 estne
890 4143 933 4198 ita
955 4137 1012 4208 (sic
1028 4132 1113 4214 Apg)
1137 4152 1240 4193 aurum
1263 4142 1296 4192 ut
1312 4132 1442 4193 condidi

290 4232 333 4313 Π,
359 4240 385 4313 l,
410 4241 464 4301 52:
488 4241 565 4312 Scio,
589 4242 659 4315 quid
682 4241 801 4299 dictura
822 4256 859 4299 es.
905 4253 933 4295 v.
951 4240 1005 4296 55:
1028 4234 1138 4304 nescio,
1163 4231 1239 4289 unde
1264 4247 1332 4290 sese
1356 4230 1443 4290 homo

289 4334 396 4409 tempii
416 4339 542 4398 domum.
586 4335 641 4414 IV,
665 4342 695 4412 9,
719 4341 754 4401 9:
791 4339 847 4395 Dic
874 4329 1186 4408 ipercatalectici.
1231 4323 1325 4404 Oapt.
1348 4324 1391 4405 11,
1417 4328 1443 4402 l,
