3125 5075
515 366 601 405 CASUS
616 365 883 404 susss'rarl'llvoiluri.
897 383 921 390 -
939 363 1037 401 ABLAT.
1292 370 1350 426 137

206 541 304 618 mins
325 539 455 602 mtto
475 540 573 604 fretus
595 560 668 603 sum.
713 536 750 603 of.
773 537 833 616 ΙΠ,
857 543 887 617 5,
914 541 968 602 13:
1002 540 1069 599 hem
1091 554 1149 612 pao
1171 535 1266 596 fretus
1288 537 1353 596 sim

204 633 326 704 hm
351 633 393 716 V,
419 642 503 717 1,3:
535 641 611 701 Nam
634 656 753 712 vereor,
777 654 831 697 era
854 654 889 696 ne
912 635 949 696 ob
972 653 1067 697 meum
1091 652 1208 697 anasum
1229 633 1356 707 isdipau

204 736 313 798 'usia
334 735 506 798 adficiatur.
551 734 591 816 V,
613 740 643 815 8,
665 738 722 799 84:
756 736 894 795 Tantone
918 733 1066 795 adfectum
1089 749 1264 810 quemquam
1287 746 1354 794 essa

200 835 350 898 hminem
374 836 522 896 maana!
553 831 582 897 h.
614 852 641 899 e.
668 829 858 913 praeditum.
904 828 1037 909 Adelph.
1059 828 1119 909 ΙΙΙ,
1150 833 1178 907 2,
1202 832 1257 893 22:
1295 828 1354 890 Sed

201 949 284 996 usu
311 950 401 994 uram
432 934 487 995 hoe
511 934 591 994 saulo
619 933 758 1009 inpertiri
786 930 939 1006 propere?
982 928 1063 993 Eun.
1086 926 1129 1007 II,
1160 931 1190 1004 2,
1218 931 1267 992 39.
1295 928 1355 992 40:

200 1030 340 1093 esum
361 1031 460 1094 audate
480 1032 692 1094 Parmenonem
709 1032 859 1092 Summum
882 1047 965 1090 suom
987 1028 1112 1104 inpertit
1126 1028 1252 1088 Gnatho.
1275 1023 1353 1089 Hes.

200 1125 238 1208 V,
256 1131 288 1207 3,
310 1131 374 1193 4οε
398 1130 582 1191 incommode
602 1131 675 1190 mihi
696 1130 809 1203 nuptiis
831 1129 939 1200 evenit,
961 1124 1002 1190 ad
1025 1142 1054 1205 q.
1078 1120 1354 1200 ischniederus:

203 1241 315 1308 ,agre
336 1224 418 1290 mihi
438 1224 557 1291 iactum
579 1232 638 1305 est,
661 1224 744 1290 male
771 1224 849 1290 mihi
869 1222 976 1289 evenit
995 1220 1125 1303 nuptiis,
1149 1239 1207 1301 per
1226 1217 1355 1301 nuptias

208 1321 297 1392 Off
336 1323 438 1389 Andr.
454 1323 498 1403 ΙΙ,
522 1329 550 1403 l,
572 1329 610 1389 4:
632 1344 706 1387 euro
728 1324 883 1386 confectus
906 1331 1015 1400 stupet.
1052 1319 1169 1384 Heaut.
1186 1318 1224 1395 V,
1250 1324 1276 1396 l,
1300 1324 1354 1385 57:

210 1422 297 1487 sinti
317 1441 417 1500 pergo
438 1424 630 1500 suppeditare
650 1426 822 1497 memphios,
844 1420 899 1485 ubi
921 1417 1023 1484 Rndd.
1044 1418 1086 1497 ΙΙ,
1108 1435 1138 1499 p.
1165 1421 1225 1482 124
1246 1417 1353 1483 adnot

205 1521 242 1586 38
259 1523 296 1586 et
315 1517 447 1585 Ruhnk.
477 1519 509 1584 in
536 1520 609 1585 diet.
636 1524 800 1597 sumptibus
829 1518 971 1584 dativum
1000 1534 1072 1582 esse
1098 1520 1259 1596 statuunt,
1292 1535 1355 1582 non

203 1621 296 1696 me,
317 1618 443 1699 opinor.
486 1617 620 1699 Adelph.
638 1617 680 1699 11,
696 1623 726 1699 2,
748 1623 783 1682 5:
806 1622 872 1696 Ego
893 1618 1069 1692 samoe,
1091 1618 1143 1678 ille
1164 1617 1355 1685 wboorado,

203 1734 293 1794 uagus
315 1718 406 1780 amho
428 1717 541 1780 defessi
562 1736 671 1780 sumus.
717 1716 813 1781 Andr.
836 1715 874 1794 V,
896 1718 927 1794 4,
951 1718 992 1780 34
1014 1731 1074 1794 sep:
1109 1717 1166 1776 Vix
1186 1733 1248 1776 anm
1276 1715 1355 1790 apud

203 1831 262 1875 ne:
296 1817 343 1876 ita
364 1816 480 1878 animno
503 1823 681 1879 commotast
700 1820 787 1884 meta,
810 1815 875 1890 Spe,
895 1815 1020 1890 perodio,
1040 1813 1178 1874 mirando
1198 1814 1252 1873 hoe
1273 1816 1355 1872 tuate

203 1917 260 1974 tum
284 1915 439 1989 reperiisse
465 1916 548 1974 horso.
593 1912 673 1976 Eun.
698 1911 737 1991 V,
760 1917 790 1991 2,
814 1917 847 1977 8:
881 1916 1074 1975 miserrumns
1102 1913 1159 1972 Fui
1186 1909 1352 1985 sapiendo.

204 2005 238 2088 V,
258 2013 290 2088 6,
312 2016 348 2076 7:
371 2013 501 2074 Defessa
519 2015 577 2072 iam
599 2031 662 2073 snm
685 2014 795 2073 misera
817 2019 847 2073 ta
869 2011 999 2073 ridendo.
1029 2006 1145 2072 Heaul.
1163 2005 1223 2086 ΙΙΙ,
1247 2013 1274 2087 l,
1296 2009 1354 2071 48:

201 2111 357 2186 niiansdo
387 2112 475 2173 modo
503 2114 575 2172 mihi
604 2112 681 2186 Quid
711 2111 769 2171 vini
798 2111 971 2184 absumpsit.
1016 2104 1114 2170 Andr.
1137 2105 1217 2186 prol.
1246 2123 1274 2169 v,
1299 2108 1354 2170 17:

205 2209 367 2270 Faciuntne
389 2210 587 2284 intellegendo,
609 2218 642 2269 nt
667 2211 709 2269 nil
731 2207 929 2282 intellegant?
972 2202 1088 2266 Heent.
1112 2201 1168 2281 IV,
1191 2208 1221 2282 2,
1244 2208 1278 2268 8;
1301 2206 1351 2265 Nil

206 2312 261 2367 tum
283 2306 452 2382 difficilest,
480 2310 548 2383 quin
571 2308 739 2381 quaerendo
761 2307 934 2382 investigari
957 2302 1078 2379 possiet.
1123 2300 1251 2366 Phorm.
1274 2300 1299 2379 1,
1324 2305 1354 2378 2,

207 2405 255 2467 73;
277 2404 331 2479 pai
352 2407 435 2467 illum
456 2406 486 2465 di
506 2423 607 2466 omnes
628 2407 777 2493 perduint,
802 2402 856 2467 ubi
878 2405 930 2477 qui
951 2403 1069 2466 iterum
1090 2397 1352 2481 significationem

206 2495 295 2567 hahet
315 2504 443 2565 amous.
488 2502 584 2567 Andr.
608 2500 688 2584 prol.
712 2522 741 2567 v.
764 2505 801 2567 6:
834 2504 901 2564 Non
927 2503 980 2577 gai
1006 2506 1210 2578 argumentum
1238 2505 1352 2576 narret,

208 2601 255 2661 sed
274 2603 326 2676 pai
349 2604 479 2664 malivoli
501 2604 620 2664 Veteris
642 2610 750 2678 poetae
773 2603 940 2663 maledictis
963 2602 1154 2677 respondeat
1196 2596 1239 2676 II,
1260 2601 1292 2675 4,
1317 2601 1351 2660 h:

209 2699 373 2761 Orationem
396 2709 499 2776 sperat
519 2702 668 2763 invenisse
693 2720 734 2775 se,
758 2702 817 2777 Qus·
838 2701 957 2761 differat
978 2708 1018 2760 te.
1064 2697 1140 2762 Hes.
1162 2696 1216 2774 lV,
1243 2700 1270 2774 l,
1294 2698 1350 2757 5⁸:

207 2796 302 2873 lisque
323 2799 491 2860 detractum
514 2800 542 2859 ei
565 2808 612 2861 est
633 2801 799 2875 quiequam,
819 2799 871 2872 gai
893 2800 1081 2874 postposuit
1102 2800 1186 2859 nosci
1208 2799 1259 2872 qui
1282 2797 1350 2855 siet.

206 2890 275 2960 Her.
291 2894 329 2975 V,
347 2901 373 2971 l,
398 2900 451 2960 24:
475 2897 508 2958 Si
529 2898 612 2959 aliud
634 2899 751 2971 scirem,
774 2899 827 2971 qui
848 2897 967 2958 firmare
990 2915 1084 2957 meam
1108 2897 1185 2972 apnd
1208 2912 1259 2955 vos
1282 2912 1350 2969 pos·

205 3011 261 3055 sem
287 2996 385 3057 iidem.
430 2993 506 3059 Hec.
529 2993 584 3071 IV,
613 3001 644 3071 4,
668 2999 723 3058 22:
758 2998 811 3057 sed
842 2997 912 3071 qnid
940 2997 1073 3057 mulieris
1099 2995 1228 3056 Uxorem
1258 2991 1350 3054 habes

204 3101 250 3155 aut
268 3097 375 3170 gaidae
396 3103 540 3155 moratam
560 3095 712 3155 membres!
752 3091 835 3157 Eun.
851 3092 910 3170 ΙΙΙ,
932 3099 961 3170 5,
986 3096 1043 3157 533
1067 3111 1121 3168 ego
1145 3093 1224 3152 limis
1246 3099 1351 3166 specto

204 3190 248 3253 sn
274 3211 331 3269 per
352 3193 504 3254 flabellum
532 3195 708 3254 clanculum.
752 3189 887 3270 Adelph.
911 3190 936 3268 Ι,
962 3194 1071 3268 1,51:
1104 3190 1171 3249 Hos
1198 3197 1285 3265 pater
1313 3206 1349 3250 ao

204 3289 331 3353 domium
353 3293 489 3352 interest
534 3287 667 3371 Adelph.
690 3287 749 3364 ΠΙ,
773 3292 803 3367 2,
827 3293 881 3353 31;
911 3290 1004 3351 Hiaoe
1025 3288 1118 3349 noete
1139 3295 1256 3363 egomet
1278 3288 1347 3345 vidi.

206 3382 323 3453 Phorm.
339 3387 385 3466 ΙΙ,
409 3394 423 3452 l
453 3393 506 3452 17:
529 3389 748 3464 Incredibilem,
771 3396 912 3464 quantum
934 3405 1018 3448 erum
1040 3393 1109 3447 anta
1133 3403 1169 3446 eo
1191 3386 1347 3459 semodio.

204 3481 309 3552 fleant.
333 3484 393 3564 111,
418 3491 446 3564 l,
471 3491 527 3550 74:
551 3489 726 3549 Deteriores
749 3504 852 3548 omnes
875 3504 975 3547 sumus
998 3485 1125 3545 leaeo.
1170 3481 1251 3545 Eun.
1267 3480 1293 3559 1,
1317 3486 1347 3559 2,

205 3588 248 3649 ht:
268 3588 380 3662 fidihsse
401 3588 489 3660 scire,
512 3583 568 3651 nbi
590 3583 711 3665 ellipsis
733 3582 821 3647 verbi
841 3600 944 3645 maere
964 3579 1136 3645 statuenda
1151 3583 1210 3644 est.
1247 3577 1345 3642 Andr.

204 3679 266 3761 Ll,
290 3689 349 3749 91:
385 3686 477 3745 Forte
498 3702 587 3745 nnem
609 3686 723 3759 aspicio
742 3684 1005 3744 adulescentulam.
1052 3695 1079 3741 v.
1103 3683 1157 3743 53:
1191 3680 1281 3753 sorte,
1303 3680 1348 3737 ita

204 3791 230 3843 nt
253 3785 302 3860 ht,
336 3783 431 3846 filium
460 3784 632 3843 Perduxere
659 3784 740 3843 illue.
785 3778 862 3844 Heu.
887 3777 946 3858 Ill,
974 3785 1000 3857 l,
1025 3785 1060 3842 4:
1093 3779 1128 3838 ld
1155 3781 1179 3838 si
1201 3777 1278 3850 sorte
1300 3784 1347 3836 est

206 3886 302 3945 neseio.
348 3880 428 3944 Eun.
445 3878 506 3958 ΙΙΙ,
523 3884 552 3958 5,
576 3882 632 3944 20:
656 3881 746 3942 Forte
767 3879 892 3951 fortuna
914 3879 992 3940 domi
1014 3878 1091 3938 Erat
1112 3878 1230 3954 qnidam
1253 3893 1345 3935 eunu-

205 3980 271 4045 chus
317 3979 433 4046 fleant.
450 3975 509 4056 111,
533 3982 559 4060 l,
581 3981 621 4044 96
643 3995 704 4058 sq.:
725 3978 837 4053 guadio
859 3977 965 4037 Sumus
986 3977 1157 4052 praepediti
1179 3975 1271 4033 nimio
1293 3981 1346 4034 ant

276 4176 423 4243 Pertinet
443 4175 505 4241 hnc
527 4175 636 4253 etiam,
659 4179 696 4237 ut
716 4172 779 4239 iam
803 4188 902 4252 supra
923 4166 962 4251 (ἓ.
978 4170 1037 4247 24)
1060 4168 1207 4247 vidimus,
1229 4167 1344 4234 ablati·

203 4287 250 4339 tus
264 4279 358 4353 pretii
378 4291 419 4340 ex
440 4277 542 4353 parte.
586 4271 690 4336 Plaut
713 4271 805 4352 Epid.
828 4268 888 4349 111,
910 4275 941 4350 4,
965 4274 1023 4335 31:
1047 4271 1172 4348 Argenti
1193 4269 1339 4344 patruae

203 4372 274 4444 nuto
294 4378 333 4435 mi
353 4376 410 4436 illa
430 4379 561 4448 emptast
582 4373 678 4432 minis.
723 4368 817 4450 Epid.
841 4368 867 4449 I,
893 4374 920 4449 1,
942 4373 997 4434 49:
1028 4369 1139 4443 Quanti
1162 4385 1228 4429 eam
1250 4366 1343 4429 emit?
