3125 5075
519 516 611 559 01808
625 520 893 569 sunsranrlvouuu.
907 550 931 560 -
946 530 1050 572 ΔΒΙιΑΤ.
1315 546 1356 606 53

213 684 399 846 gad?
427 692 485 755 33:
518 698 597 773 Ero,
627 702 738 762 licetne
767 705 844 763 sniro
872 721 908 764 ea
938 706 1088 781 tehodie,
1123 709 1193 785 quid
1216 711 1255 772 sit
1278 712 1357 786 quod

300 803 352 848 om

283 884 313 951 d.
347 893 401 954 Ea·
428 909 501 958 cnm
529 890 627 955 animi
653 892 780 957 nomine
808 894 1025 978 similibusque
1058 899 1202 966 iunctum
1236 902 1357 970 iudicat

209 980 356 1060 pmfinisoi
379 987 500 1069 aliquid
522 1006 563 1056 ex
583 988 703 1054 intimis
730 989 801 1056 eius
822 993 870 1057 rei
892 993 1037 1074 partibus
1059 1013 1277 1079 summamque
1299 999 1357 1065 ha·

209 1076 276 1178 bern¹
303 1084 368 1149 vim
397 1085 555 1166 (Kampai
582 1104 613 1150 u
640 1089 700 1163 10).
744 1087 848 1155 Plana
877 1090 975 1157 saion
1003 1091 1029 1171 l,
1056 1099 1140 1172 1,1:
1173 1099 1270 1160 Credo
1300 1117 1356 1175 ogo

208 1177 336 1252 didm
359 1182 453 1248 inissa
474 1187 667 1261 Penelopam,
690 1204 785 1262 soror,
807 1206 861 1252 ouo
883 1209 919 1252 eo
941 1191 1050 1252 onim.
1094 1188 1160 1256 iiii
1177 1191 1234 1270 ΙΙΙ,
1253 1200 1280 1272 l,
1297 1199 1354 1259 26:

208 1293 236 1338 aa
254 1281 360 1354 opinus
380 1286 505 1348 nammis
525 1286 585 1346 moi
607 1292 636 1345 io
660 1285 781 1347 honoris
802 1290 902 1363 pratia
923 1289 1057 1364 Mihique
1085 1293 1196 1351 amanti
1223 1294 1267 1353 ire
1291 1295 1355 1368 opi·

208 1378 324 1438 inlatum
348 1381 434 1458 eeu,
455 1380 541 1459 quod
562 1378 740 1447 Gronovius
762 1382 901 1463 explicat
923 1400 994 1463 per:
1019 1403 1132 1447 summa
1153 1392 1354 1451 contentione.

209 1470 294 1538 Mero.
307 1473 336 1553 1,
361 1479 390 1557 2,
418 1484 452 1542 1:
475 1483 529 1542 Ea
549 1480 672 1541 somma
694 1481 798 1555 opinio
818 1482 992 1557 annoque
1017 1501 1109 1559 usqua
1131 1488 1286 1561 experire:
1310 1489 1356 1547 ui·

209 1576 271 1645 tore,
295 1569 327 1636 h.
352 1592 378 1639 e.
401 1593 526 1641 summo
549 1593 657 1655 opere,
680 1575 752 1641 vide
774 1576 1012 1643 adnotationem
1035 1577 1195 1646 Palmarii

282 1688 309 1735 a.
346 1676 401 1736 Ea
430 1673 477 1738 ita
503 1673 583 1738 dixit
611 1670 768 1754 proficisci
798 1674 918 1757 niiquid
944 1678 979 1740 et
1005 1676 1135 1756 prodire
1162 1697 1201 1745 er
1223 1681 1355 1761 aliare,

209 1777 237 1833 ut
256 1768 285 1832 ei
308 1776 556 1838 cousentaneum
579 1772 629 1850 sit,
651 1770 736 1840 idem
758 1773 844 1853 quod
867 1776 1038 1852 secundum,
1061 1773 1169 1858 georii
1194 1778 1354 1858 (Kampm.

209 1882 231 1930 u.
254 1871 311 1939 ll).
357 1866 475 1934 Nasica
504 1867 720 1935 andaonem
746 1887 798 1951 op.
822 1869 885 1936 (iio.
909 1871 948 1938 de
970 1879 1049 1940 orat.
1076 1873 1120 1955 11,
1149 1878 1204 1940 64:
1237 1880 1290 1939 Ea
1310 1880 1355 1938 tui

209 1969 290 2028 ouius·
309 1973 458 2032 montio
480 1977 513 2030 tu
535 1988 657 2033 uxorem
679 1971 793 2034 habos?
825 1970 912 2050 (vide
940 1972 981 2036 de
1008 1971 1037 2037 h.
1061 1973 1082 2037 l.
1106 1972 1225 2055 Reisig.
1255 1971 1354 2038 schol.

208 2082 328 2143 gramm.
353 2066 408 2130 lat
423 2084 454 2147 p.
472 2067 557 2141 722).
600 2066 703 2132 Plana
721 2067 864 2148 Manli,
884 2074 914 2148 2,
940 2076 973 2134 l:
995 2072 1077 2134 Bone
1100 2074 1243 2149 opsonavi
1265 2079 1354 2147 atqua

207 2183 235 2226 ea
253 2184 319 2227 meo
341 2168 494 2228 mantio.
539 2162 679 2243 Metal,
710 2172 736 2242 l,
755 2171 812 2232 93:
838 2171 918 2244 Quas
940 2188 1056 2233 meroes
1079 2189 1225 2244 vexeram,
1249 2170 1354 2232 Omnis

207 2272 232 2323 ut
250 2267 331 2325 volui
354 2264 474 2325 vendidi
496 2281 534 2324 on
554 2266 706 2327 ommacio.
728 2263 845 2329 Pseud.
861 2264 901 2345 li,
917 2272 947 2345 4,
966 2271 1020 2332 72:
1044 2287 1081 2330 ex
1102 2286 1170 2330 mea
1191 2268 1353 2328 sententia.

206 2356 279 2428 lien
302 2360 343 2440 V,
375 2366 405 2439 7,
434 2365 489 2426 3οε
521 2363 617 2423 Nimis
646 2364 723 2423 beuo
746 2381 800 2425 ora
823 2368 999 2426 commetavi
1029 2374 1117 2442 atquo
1146 2384 1181 2427 ex
1204 2383 1269 2426 meo
1290 2381 1354 2426 aava

205 2464 295 2521 uuio.
344 2457 427 2524 Men.
450 2457 488 2536 V,
511 2464 541 2538 9,
565 2461 621 2522 89:
658 2461 803 2534 Quoniam
832 2463 908 2523 haec
936 2472 1099 2524 evenerunt
1121 2465 1219 2536 uobis,
1248 2460 1353 2538 irater,

204 2563 394 2622 aimundo.
429 2556 563 2635 Persi,
588 2563 614 2637 1,
641 2561 693 2621 1οῑ
717 2576 772 2621 neo
788 2563 862 2622 satis
878 2578 942 2621 sum
958 2578 1009 2622 ero
1025 2579 1061 2621 aa
1075 2564 1224 2622 senioviio.
1256 2576 1285 2623 v.
1300 2561 1354 2622 18:

204 2657 289 2718 iatin'
317 2676 391 2734 ergo
413 2676 449 2718 aa
471 2657 636 2718 muntia?
659 2652 757 2720 Mero.
775 2672 804 2718 v.
822 2659 900 2720 37οε
923 2675 990 2719 mea
1011 2677 1047 2720 ex
1071 2661 1228 2720 sententia.
1267 2654 1354 2719 Triu.

203 2749 251 2832 iil,
274 2759 304 2832 2,
329 2758 385 2818 81:
420 2757 491 2830 Agit
513 2755 562 2814 hio
581 2756 674 2829 magis
699 2750 759 2828 (sio
779 2750 1008 2820 Fleckeiseuus
1030 2754 1061 2818 iu
1083 2753 1182 2834 praei.
1206 2753 1255 2818 ed.
1277 2770 1355 2817 suae

202 2868 226 2931 p.
242 2856 282 2917 30
306 2870 379 2916 cum
395 2851 521 2928 Reizio)
544 2869 580 2913 aa
603 2855 777 2924 orpumonto
799 2861 830 2913 et
852 2871 955 2914 versus
977 2856 1117 2915 meliores
1140 2852 1220 2915 iacit.
1267 2851 1354 2916 Pera.

200 2948 237 3027 11,
261 2956 291 3030 2,
316 2954 375 3015 30:
400 2954 463 3013 Tuo
486 2969 522 3012 ex
544 2953 661 3027 omnnio
683 2970 781 3013 moros
804 2955 918 3012 alienos
937 2953 1056 3028 probas.
1100 2948 1183 3014 Men.
1199 2949 1237 3028 V,
1254 2954 1283 3027 2,
1300 2953 1356 3013 87:

201 3056 305 3126 Apolio
335 3068 371 3110 eo
394 3051 492 3110 orooio
514 3053 554 3110 mi
576 3053 713 3126 imperat„
758 3046 855 3113 Mero.
878 3047 919 3125 ΙΙ,
943 3052 972 3125 3,
995 3050 1051 3111 6οε
1085 3066 1142 3110 non
1166 3065 1201 3108 aa
1228 3067 1284 3110 aoso
1305 3065 1357 3108 no·

200 3155 294 3210 virosi.
325 3146 413 3211 Pers.
429 3145 484 3225 IV,
506 3153 537 3225 4,
564 3151 617 3210 14:
640 3150 692 3209 Eo
715 3153 764 3208 iuo
787 3151 906 3222 inquam
929 3156 1022 3207 suast.
1056 3143 1169 3224 Amph.
1186 3143 1226 3221 11,
1251 3148 1279 3219 l,
1302 3147 1356 3207 2οε

201 3249 273 3320 Quid
301 3247 374 3306 mali
397 3262 471 3319 sum,
496 3263 559 3320 ers,
583 3250 636 3306 too
658 3263 694 3305 eo
715 3263 749 3305 re
770 3244 980 3320 promeritusi,
1001 3241 1086 3322 quod
1109 3241 1221 3306 Douza
1243 3246 1276 3305 ot
1294 3239 1358 3305 Bo·

202 3343 263 3406 sius
287 3337 537 3422 signifieatione:
560 3341 645 3421 quod
667 3342 699 3404 iu
714 3345 804 3406 tuam
818 3357 886 3404 rem
910 3339 1113 3427 esse-possit,
1137 3356 1176 3402 ex
1196 3343 1252 3402 tuo
1274 3354 1359 3402 com·

201 3440 290 3503 modo
305 3439 440 3503 dictum
489 3444 570 3517 tant,
586 3438 704 3503 rectius
720 3455 793 3502 mea
807 3437 933 3518 quidem
949 3435 1110 3501 sententia
1123 3435 1359 3499 Lindemaunus

202 3553 255 3615 pro
277 3547 332 3598 tua
354 3554 426 3598 caus
454 3520 603 3613 ipropter
626 3545 665 3598 oe.
711 3534 802 3615 Cupi.
826 3534 866 3615 ΙΙ,
891 3540 919 3612 2,
942 3538 997 3598 46:
1033 3537 1120 3611 Haeo
1143 3541 1175 3594 ιιι
1202 3534 1306 3592 eudem
1332 3533 1359 3591 si

204 3638 336 3697 confiteri
364 3637 426 3709 viv,
448 3641 501 3696 aaa
522 3652 537 3695 e
558 3652 591 3695 re
613 3633 725 3707 secema,
748 3631 778 3697 h.
800 3652 826 3698 e.
851 3633 883 3697 in
906 3638 994 3697 tuam
1016 3648 1095 3709 rem,
1117 3627 1279 3693 commodo
1303 3632 1359 3691 tuo

205 3729 321 3796 ieratis.
367 3730 481 3795 Pseud.
505 3731 530 3809 Ι,
552 3736 582 3810 3,
609 3735 681 3795 102;
715 3735 768 3794 En
797 3737 850 3794 iiio
868 3749 901 3792 re
929 3736 1058 3793 nonest
1085 3735 1117 3789 nt
1140 3746 1195 3804 ego
1222 3728 1359 3788 emoriar.

207 3844 232 3889 v.
255 3834 328 3892 104:
361 3833 416 3895 Ex
442 3836 495 3897 isio
520 3838 591 3891 rost.
635 3825 718 3892 Men.
742 3827 799 3907 IV,
824 3833 853 3907 2,
878 3833 933 3892 98:
968 3831 1021 3889 Ex
1043 3831 1095 3888 iiio
1116 3843 1162 3894 ra,
1188 3833 1221 3886 nt
1244 3825 1359 3899 opinor,

210 3926 318 3989 iecoris.
361 3900 491 3990 ierant.
514 3925 591 3991 Heu
621 3925 659 4003 V,
681 3933 711 4003 4,
735 3929 789 3991 32:
820 3928 973 4002 Speroque
995 3928 1073 3987 hanc
1096 3943 1159 3984 rem
1182 3941 1248 3985 esse
1272 3936 1361 3981 even·

211 4032 296 4086 uram
324 4027 410 4087 uobis
432 4043 468 4086 aa
489 4027 640 4087 amusim.
685 4023 802 4088 Heaui
818 4023 844 4102 1,
866 4027 895 4102 2,
912 4027 966 4087 29;
988 4025 1125 4084 Huncine
1148 4027 1213 4082 erat
1236 4033 1361 4092 aequom

214 4136 242 4179 ot
262 4125 343 4185 iliius
365 4141 446 4183 more
468 4141 505 4183 au
527 4125 611 4207 iilum
635 4140 671 4182 aa
693 4125 780 4183 huius
804 4122 924 4183 vivere?
969 4117 1149 4199 Herzogius
1171 4115 1211 4179 ad
1231 4113 1306 4181 Sall.
1330 4129 1360 4191 p.

217 4217 265 4282 315
287 4219 380 4285 docet
407 4238 443 4281 ex
466 4234 549 4282 more
572 4216 644 4298 diui,
668 4219 695 4283 si
717 4217 877 4299 genitivus
900 4216 1035 4282 subiecti
1057 4214 1203 4292 accedat,
1233 4210 1300 4277 siue
1323 4227 1362 4276 eo

219 4314 303 4381 solnm
325 4315 502 4383 ablativum
525 4315 610 4380 modi
632 4315 723 4396 poni,
758 4315 846 4380 velut
868 4314 964 4380 Andr.
985 4314 1011 4392 Ι,
1040 4314 1163 4393 1,125.
1203 4309 1319 4375 Heaut.
1336 4307 1362 4386 Ι,

221 4410 242 4483 Ι,
259 4417 308 4479 36:
342 4418 488 4478 Scitumst
511 4418 657 4492 periclum
681 4432 718 4475 ex
741 4417 808 4476 aliis
830 4412 946 4491 iacere,
982 4416 1037 4475 tibi
1066 4413 1135 4488 quid
1158 4429 1193 4471 aa
1214 4428 1271 4471 ιιειι
1294 4410 1361 4480 sisi,

222 4506 296 4590 adq.
316 4513 336 4577 l.
361 4511 505 4629 Ruiva
543 4513 584 4591 „i
608 4529 635 4576 e.
661 4529 699 4577 ex
732 4511 836 4579 alieno
865 4509 1007 4590 periculo
1038 4525 1152 4589 sapere
1182 4512 1215 4573 et
1239 4505 1363 4605 discere
