3125 5075
200 376 243 433 22
629 362 786 403 tumulti.
807 360 870 401 chit.
883 359 927 399 111.

200 545 231 617 3,
256 546 309 603 51:
333 540 411 613 qued
423 538 518 609 refert
532 546 592 598 tna.
636 535 691 614 IV,
716 541 744 613 3,
768 540 822 599 68:
846 540 917 597 Mea
931 535 1049 610 quidem
1065 535 1139 593 nihil
1160 535 1236 593 istue
1257 532 1363 604 refert.

199 636 328 701 Terent.
353 634 429 698 Her.
448 633 483 709 V,
509 638 537 707 3,
566 640 618 698 12:
641 639 705 697 Tun
726 636 805 709 quod
826 637 869 695 nil
890 651 923 692 re
945 633 1012 704 sert,
1033 632 1205 707 percontari
1229 631 1363 691 desinas.

201 733 327 797 Phorm.
341 732 395 809 IV,
419 736 447 808 5,
475 736 526 794 ll:
552 736 629 807 Quid
652 741 702 793 tua
725 736 832 793 malum
849 732 882 790 id
894 748 929 790 re
943 731 1022 802 sert?
1056 726 1190 805 Adelph.
1204 725 1242 803 V,
1257 732 1289 803 4,
1307 731 1363 789 27:

199 833 233 892 id
254 850 320 892 mea
343 833 471 890 minume
494 847 527 888 re
548 830 616 901 sert.
661 827 816 892 Similiter
839 827 953 890 Heuut.
978 825 1035 902 ΙΙΙ,
1062 830 1088 901 Ι,
1113 828 1169 888 58:
1191 826 1269 885 iilud
1291 844 1362 900 per·

200 932 298 1005 magni
316 928 445 1000 referre
462 928 591 987 arbitror
614 925 764 1000 (Hessius
777 925 817 988 ad
832 923 949 1004 Reisig.
967 941 997 1003 p.
1010 926 1072 986 640
1089 938 1134 1000 sq.
1153 920 1262 985 adnot.
1276 925 1362 994 528).

289 1023 411 1088 Deinde
425 1022 487 1086 huc
502 1022 666 1102 pertinent
681 1023 780 1088 verba
801 1021 855 1086 illa
869 1021 964 1085 animi
981 1018 1130 1084 allectum
1150 1019 1365 1099 exprimentia

194 1124 301 1199 pudet,
317 1123 415 1196 pinet,
431 1122 579 1195 poenitet,
606 1123 737 1189 miseret,
767 1120 808 1184 ad
831 1137 912 1200 quae
935 1136 1030 1196 saepe
1052 1115 1267 1180 nominativus
1290 1133 1364 1195 pro·

200 1219 337 1284 nominis
361 1234 479 1298 genere
502 1221 617 1280 neutro
640 1233 773 1280 numero
796 1215 952 1296 singulari
975 1214 1160 1294 apponitur,
1196 1229 1260 1291 quo
1283 1211 1365 1277 fiunt

202 1314 395 1397 personalia.
440 1312 531 1377 Unus
552 1313 656 1393 locus,
690 1312 744 1377 ubi
773 1331 831 1394 pro
859 1332 897 1377 eo
925 1312 1138 1377 nominativus
1168 1308 1364 1374 substantivi

200 1412 327 1493 positus
350 1415 409 1488 est,
433 1408 536 1473 Plaut.
561 1409 658 1475 Stich.
679 1410 705 1489 Ι,
733 1417 759 1489 l,
783 1417 840 1475 50:
869 1415 910 1472 Et
932 1413 1119 1486 nequidem
1143 1411 1215 1469 buce
1238 1409 1364 1469 corditio

200 1530 279 1572 nuno
301 1529 361 1571 noo
382 1510 522 1582 paenitet,
545 1508 720 1573 secundum
736 1508 946 1572 Ritschelium
971 1525 1042 1571 non·
1055 1512 1105 1571 est
1118 1504 1297 1570 Plautinus.
1326 1504 1364 1567 In

200 1605 317 1687 plurali
339 1605 419 1669 adeo
449 1606 591 1684 positum
618 1610 670 1669 est
691 1606 824 1671 verbum
852 1608 966 1682 pudere
994 1605 1124 1669 Terent.
1149 1600 1285 1682 Adelph.
1308 1600 1364 1678 IV,

202 1711 232 1783 i,
255 1708 309 1770 36:
332 1707 400 1765 Non
422 1714 452 1764 te
476 1705 549 1763 bueo
565 1706 702 1777 meur?
725 1703 774 1767 Ex
796 1702 856 1767 hoc
879 1702 949 1766 loco
971 1706 1107 1783 apparet
1129 1700 1226 1763 etiam
1249 1717 1365 1779 prono·

202 1801 288 1865 mina
309 1800 342 1863 in
365 1818 483 1879 genere
507 1805 622 1864 neutro
645 1800 764 1880 posita,
798 1800 935 1879 quaein
959 1799 1112 1878 exemplis
1138 1796 1222 1861 infra
1251 1796 1364 1877 positis

200 1898 423 1977 inveniuntur,
453 1898 664 1962 nominativos
684 1916 769 1976 esse,
801 1915 864 1960 non
891 1896 1105 1975 accusativos
1135 1895 1300 1975 quoniam,
1331 1902 1366 1957 ut

200 1995 259 2060 tibi
293 2001 438 2073 constes,
475 1995 581 2059 omnia
618 1995 764 2074 exempla
796 1995 907 2058 eodem
941 1994 1034 2058 modo
1063 1993 1249 2071 accipienda
1281 2001 1363 2057 sunt.

204 2092 277 2157 Non
301 2097 426 2156 constat
450 2092 510 2157 sibi
534 2092 594 2156 hac
616 2092 648 2155 in
672 2110 707 2155 re
723 2092 869 2155 liuddim.
893 2110 923 2172 p.
941 2097 1013 2162 205.
1037 2092 1090 2170 qui
1112 2091 1146 2154 in
1168 2091 1240 2155 aliis
1262 2110 1366 2156 exem-

202 2189 265 2270 plis
287 2190 522 2268 accusativum,
552 2192 584 2254 in
607 2190 678 2254 aliis
700 2190 927 2253 nominativum
956 2189 1109 2269 agnoscit.
1155 2190 1365 2253 Accusativos

202 2305 330 2367 semper
358 2305 429 2352 esse
460 2295 608 2352 statuunt
636 2288 758 2351 Paraus
790 2288 822 2349 in
848 2286 949 2351 lexico
977 2287 1086 2352 critico
1116 2291 1149 2351 et
1176 2286 1365 2367 Kruegerus

201 2403 333 2466 manum.
357 2386 411 2450 lat.
438 2404 466 2465 p.
491 2390 569 2464 468,
593 2386 699 2449 adnot.
725 2390 759 2462 2,
782 2391 893 2449 contra
915 2403 994 2464 quos
1017 2384 1157 2448 Haasius
1180 2385 1220 2448 ad
1243 2383 1363 2465 Reisig.

201 2483 307 2547 edvrot.
332 2488 392 2549 536
424 2483 542 2563 ubique
565 2482 775 2547 nominativos
798 2481 999 2562 accipiendos
1027 2500 1097 2546 esse
1125 2489 1213 2546 recte
1235 2482 1365 2546 demon·

201 2582 326 2646 stravit.
371 2579 404 2645 si
422 2585 527 2644 autem
544 2580 744 2644 dictumest:
768 2579 839 2645 Hoc
855 2599 906 2643 me
922 2580 1036 2658 pudet:
1061 2580 1211 2660 poenitet,
1234 2582 1364 2645 miseret

204 2684 295 2755 cett,
316 2679 362 2742 ita
384 2677 603 2756 accipiendum
629 2684 692 2754 est,
716 2677 808 2758 quasi
830 2678 949 2741 dictum
972 2677 1030 2742 sit:
1065 2677 1134 2742 Hoc
1157 2696 1207 2742 me
1230 2678 1363 2756 pudore,

202 2775 408 2857 poenitentia,
432 2774 637 2839 miseratione
660 2772 766 2838 afficit.
812 2774 913 2838 Plaut.
936 2775 1027 2854 Epid.
1049 2775 1105 2853 ΙΙΙ,
1131 2781 1158 2854 Ι,
1183 2781 1214 2837 l:
1239 2779 1270 2836 Si
1295 2779 1363 2852 quid

206 2877 348 2935 hominist
370 2877 574 2947 miseriarum,
597 2876 676 2947 quod
697 2875 881 2941 miserescat,
905 2873 966 2936 vid.
989 2873 1097 2937 adnot.
1121 2872 1255 2936 'l'uublu
1280 2873 1364 2936 Alco.

201 2990 230 3035 v.
255 2975 331 3034 642:
356 2974 479 3046 Quando
501 2973 547 3030 nil
562 2972 664 3044 pudet.
709 2969 808 3034 More.
832 2988 858 3032 v.
884 2974 961 3033 912:
994 2973 1053 3046 Nil,
1078 2974 1223 3043 Charine,
1248 2981 1277 3032 te
1303 2975 1365 3047 qui·

203 3071 268 3131 dem
293 3071 449 3145 quicquam
472 3072 574 3144 pudet.
620 3066 711 3145 Epid.
729 3066 753 3144 Ι,
779 3070 808 3146 2,
831 3073 851 3129 4
877 3067 994 3144 (lludd.
1018 3086 1048 3147 p.
1063 3066 1152 3139 205l:
1175 3070 1254 3129 Idne
1274 3071 1366 3142 pudet

205 3176 235 3227 te
258 3167 320 3224 -2
365 3164 459 3228 Most.
486 3164 521 3233 V,
546 3168 581 3243 2,
603 3169 661 3228 43:
695 3168 726 3226 Si
755 3167 809 3225 boo
824 3167 930 3238 pudet,
964 3166 1072 3227 fecisse
1096 3177 1253 3241 sumptum.
1299 3165 1364 3228 Mil.

201 3262 261 3339 ΙΙΙ,
287 3267 323 3338 1,·
340 3267 396 3327 30:
421 3265 565 3340 siquidem
588 3273 616 3324 te
636 3266 795 3337 ostiensem
810 3265 888 3338 quod
910 3264 984 3324 laxis
999 3265 1100 3337 pudet.
1145 3262 1242 3326 blera.
1267 3280 1294 3324 v,
1313 3267 1365 3326 56:

201 3362 287 3438 Quod
302 3364 358 3422 nisi
371 3363 502 3435 puderet,
519 3380 555 3421 ne
572 3364 690 3422 luberet
706 3364 814 3434 vivere,
833 3357 886 3422 ubi
901 3359 963 3424 vid.
980 3359 1060 3439 eupl.
1077 3361 1222 3423 Douzae.
1246 3359 1361 3424 Pseud.

202 3458 227 3538 Ι,
253 3465 282 3536 3,
310 3463 383 3523 136:
408 3461 527 3532 Ecquid
550 3469 579 3520 te
596 3460 712 3534 pudet?
757 3456 845 3521 idem
861 3456 1092 3535 legiturPoeu.
1112 3457 1148 3535 V,
1172 3462 1201 3535 5,
1225 3464 1282 3521 26:
1308 3463 1366 3520 Ee

201 3560 274 3632 quid
292 3568 321 3618 te
339 3559 454 3633 pudet?
491 3555 550 3621 ST.
574 3558 688 3625 Ouinia,
712 3575 787 3632 quae
811 3564 842 3617 tu
867 3557 919 3616 vis.
956 3553 1044 3619 Pers.
1069 3554 1124 3632 ΙΙΙ,
1150 3561 1179 3634 3,
1205 3560 1260 3618 19;
1282 3559 1364 3617 nilne

204 3667 234 3717 te
250 3656 363 3730 pudet?
408 3653 498 3717 Idem
521 3652 641 3733 legitur
665 3654 749 3717 Asin.
774 3652 812 3730 V,
836 3656 871 3731 2,
903 3656 953 3716 83.
976 3686 1019 3696 -
1042 3653 1157 3718 Bacch.
1183 3653 1220 3732 V,
1244 3660 1277 3730 2,
1309 3659 1364 3718 37:

203 3756 280 3827 Quid
304 3761 351 3815 est
373 3753 451 3826 quod
468 3754 601 3826 pudeat?
644 3750 759 3815 Pseud.
784 3750 874 3829 1,'3,
897 3756 953 3815 47:
987 3754 1085 3813 Nimio
1115 3755 1144 3813 id
1171 3755 1248 3826 quod
1273 3754 1367 3827 perdet

201 3852 320 3912 facilius
344 3851 441 3911 fertum
464 3870 550 3926 quam
573 3853 640 3911 illut
662 3851 740 3924 quod
755 3851 846 3924 pinet.
893 3847 990 3913 Stich.
1012 3848 1037 3926 l,
1062 3854 1091 3929 2,
1115 3855 1168 3913 65:
1192 3853 1291 3911 Pridie
1317 3871 1364 3912 ca·

203 3958 273 4010 vent
295 3967 332 4008 ne
355 3949 449 4010 faciat
471 3950 549 4022 quod
566 3951 668 4023 pineat
689 3951 845 4024 postridie.
892 3945 958 4010 Mil.
981 3947 1029 4010 111
1038 3997 1046 4026 ,
1072 3954 1103 4023 l,
1130 3954 1204 4012 145:
1242 3950 1298 4008 Nil
1320 3967 1365 4009 ma

199 4048 331 4119 poenitet
351 4048 409 4106 iam
433 4055 544 4122 quanto
564 4048 693 4121 sumptui
716 4047 823 4107 luerim
854 4048 918 4106 tihi.
964 4045 1077 4109 Bacch.
1103 4046 1139 4124 V,
1169 4054 1204 4125 2,
1233 4050 1289 4110 63;
1323 4047 1367 4105 nil

199 4145 330 4216 paestitet
359 4152 392 4203 ut
415 4146 469 4205 sim
492 4154 644 4219 acceptus.
688 4142 804 4207 Pseud.
833 4143 862 4219 Ι,
896 4148 931 4219 3,
963 4149 1018 4206 74;
1057 4146 1150 4205 Nilne
1178 4151 1205 4204 te
1228 4147 1364 4205 miseret?

202 4237 318 4302 Caecil.
344 4238 425 4305 Stat.
450 4239 591 4304 Plocium
614 4239 651 4301 ΙΙ.
676 4246 707 4302 5:
746 4243 891 4310 Pudebat,
922 4245 1028 4316 credo,
1052 4249 1366 4302 eovemcmorumeritum

202 4339 307 4412 stupri.
355 4337 483 4402 Terent.
508 4336 642 4416 Adelph.
666 4337 698 4417 1,
729 4343 762 4418 2,
793 4346 896 4417 4sq.:
934 4359 1020 4416 quem
1048 4358 1143 4415 neque
1165 4343 1259 4415 pudet
1279 4343 1365 4418 Quie-
