3125 5075
209 337 266 399 132
636 319 762 360 vsaeurs.
790 320 853 359 cue.
869 319 917 358 ιιι,

294 518 341 579 10.
387 515 434 579 De
455 514 544 588 prius
572 530 660 586 qoem
685 527 756 574 cum
780 506 951 571 indicativo
973 508 1081 573 iuncto
1104 510 1176 575 ride
1202 511 1365 579 Weissen-

205 612 294 679 bom.
332 614 412 694 synt.
448 628 479 690 p.
516 613 586 673 342.
636 608 732 672 Hans.
766 605 807 670 sd
835 604 954 685 Reisig.
988 605 1095 671 adnot.
1128 613 1202 673 465.
1258 609 1365 678 Hand

202 708 337 777 Turseli.
365 706 425 786 IV,
449 726 477 788 p.
503 709 574 771 569.
625 703 704 769 Cato
731 703 767 767 R.
792 702 828 766 R.
852 720 878 767 c.
903 706 956 766 72:
988 706 1083 766 Boves
1107 724 1144 768 ne
1173 709 1271 784 pedes
1296 712 1364 771 sub·

203 818 318 885 terant,
346 810 523 882 priusqusm
557 807 586 864 iu
621 806 696 863 viam
724 820 870 879 quoquam
898 803 979 875 epea,
1014 805 1080 877 pice
1108 806 1223 879 liquida
1248 825 1365 870 cornus

205 907 305 968 infima
329 907 456 979 unguite.
501 898 888 979 Plaut.nuph.v.1os.
935 898 1022 964 Asin.
1046 898 1075 973 Ι,
1099 905 1129 979 3,
1156 905 1212 965 79:
1241 907 1286 964 At
1309 922 1363 979 ego

205 1015 254 1067 ost
280 1008 369 1064 etiam
394 1006 483 1076 prius
509 1016 598 1074 quom
624 1000 704 1074 ubis,
740 998 818 1073 quod
847 1000 913 1058 volo
941 1000 1029 1073 loqui.
1074 996 1117 1075 ΙΙ,
1140 1004 1171 1076 4,
1195 1002 1251 1062 42:
1284 1020 1362 1063 nnnc

204 1103 308 1164 adeam
339 1107 518 1177 optumumst
540 1099 745 1171 priusquam
771 1097 877 1169 irrepit
903 1096 1022 1156 tinnire.
1072 1094 1143 1160 sul.
1166 1095 1215 1174 ΙΙ,
1238 1101 1276 1175 2,
1308 1102 1361 1162 31:

205 1201 299 1259 Nimis
323 1200 399 1257 maie
424 1197 516 1268 timui,
534 1196 713 1269 priusquam
736 1196 816 1253 intro
838 1193 927 1261 redii,
958 1196 1144 1255 exanimatus
1166 1195 1219 1255 tui.
1268 1192 1358 1275 Capt

202 1294 258 1374 IV,
283 1301 311 1373 2,
336 1298 389 1359 52:
422 1294 545 1369 Aperite
573 1294 662 1353 hasce
693 1293 794 1351 umbas
822 1290 894 1350 ioris
921 1290 1017 1376 Prs'as·
1038 1310 1127 1365 quom
1148 1294 1298 1367 pultsndo
1322 1325 1358 1336 -

203 1395 328 1454 exitium
351 1392 462 1463 adfero.
503 1388 594 1469 Epid.
619 1386 661 1465 ΙΙ,
685 1391 714 1462 2,
737 1391 795 1451 86;
819 1391 905 1449 Nunc
928 1391 1077 1451 occasiost
1099 1390 1240 1466 faciundi,
1258 1392 1360 1464 priss-

202 1508 291 1565 quum
319 1491 348 1549 in
378 1490 479 1549 urbem
506 1487 667 1547 advenerit.
713 1484 750 1561 V,
777 1490 809 1560 1,
833 1489 869 1549 9:
898 1489 974 1560 Quin
1005 1497 1037 1547 tu
1066 1490 1139 1548 mihi
1166 1489 1297 1549 adornas
1323 1487 1359 1547 sd

203 1589 301 1665 iugum
325 1588 474 1663 viaticum,
497 1585 678 1658 Priusquam
695 1585 805 1668 pereo?
835 1580 1028 1647 indicativus
1052 1583 1176 1664 positus
1200 1589 1258 1659 est,
1283 1599 1358 1662 quo

203 1683 287 1747 niam
314 1681 443 1763 Epidico
466 1682 527 1745 iam
552 1680 749 1761 exploratum
780 1686 830 1743 est
856 1698 891 1743 se
915 1680 1059 1760 periisse.
1105 1680 1220 1745 Bacch.
1243 1680 1307 1760 111,
1332 1687 1358 1757 l,

207 1787 259 1846 lo:
288 1785 373 1842 Nunc
397 1781 486 1854 prius
515 1798 605 1853 quam
636 1781 743 1839 maium
776 1781 854 1840 istoc
881 1780 967 1839 addis
994 1790 1139 1841 certumst
1172 1784 1231 1841 iarn
1262 1782 1357 1841 dicam

204 1883 292 1957 patri.
324 1876 379 1954 IV,
403 1880 432 1954 8,
456 1880 513 1940 8οε
538 1896 610 1953 qnos
634 1895 690 1937 nou
715 1877 791 1936 dsbo
807 1878 931 1937 Temere
948 1878 1036 1937 etiam
1056 1879 1144 1951 prius
1158 1896 1250 1952 quam
1266 1878 1356 1938 filium

201 1993 368 2039 coracem.
418 1972 484 2037 Mil.
509 1971 563 2052 lv,
586 1976 616 2051 8,
643 1977 693 2035 19:
717 1976 865 2051 Opsecro,
893 1978 966 2035 licet
988 1978 1138 2051 conplecti
1155 1977 1247 2050 prius
1269 1994 1357 2050 paors

199 2073 376 2150 proficisse?
406 2069 443 2149 V,
472 2076 523 2134 15:
547 2073 681 2147 Opsecro
704 2073 805 2133 hercle
829 2079 869 2149 te,
892 2092 958 2134 mea
981 2074 1070 2132 rerba
1093 2082 1125 2133 ut
1146 2074 1250 2133 audias
1268 2075 1357 2147 prise

201 2189 291 2247 quom
318 2174 404 2232 secat.
451 2167 547 2232 Mero.
579 2166 627 2242 ΙΙ,
660 2171 694 2245 3,
729 2174 802 2233 119:
832 2170 923 2231 Prius
957 2172 1119 2248 respondes
1150 2188 1242 2243 quom
1276 2189 1356 2245 rope.

200 2272 230 2345 4,
255 2271 308 2332 28:
331 2270 397 2329 Non
421 2268 527 2341 edepol
551 2283 671 2343 possum
688 2268 777 2340 prius
793 2286 884 2341 quom
898 2279 930 2329 tu
953 2270 988 2328 ad
1007 2287 1051 2329 me
1067 2269 1199 2329 redieris.
1239 2266 1355 2332 Pseud.

202 2364 231 2444 I,
254 2369 287 2444 l,
310 2368 367 2429 51:
403 2366 441 2424 Ei
466 2365 555 2439 priua
587 2382 681 2438 quam
721 2365 791 2425 hinc
824 2368 900 2426 obiit
932 2368 1098 2441 quindecim
1133 2369 1220 2427 miles
1262 2369 1356 2428 minss

201 2464 342 2524 Dederat.
397 2464 530 2539 5,110:
571 2462 662 2522 Prius
696 2480 786 2536 quum
823 2466 907 2525 istam
947 2483 1073 2540 pugnam
1108 2466 1263 2539 preeundo,
1304 2482 1356 2538 ego

201 2564 290 2623 etism
326 2565 408 2638 prins
447 2563 531 2622 Dabo
569 2564 656 2621 aliem
691 2579 817 2636 pugnam
852 2565 963 2632 claram
1003 2575 1033 2623 et
1067 2566 1354 2623 conmemorabilcm.

202 2657 268 2737 ΙΙΙ,
299 2664 332 2737 2,
369 2662 422 2721 95;
469 2660 586 2731 Quaeso
621 2660 739 2732 hercle,
775 2663 864 2733 prius
904 2679 990 2734 quom
1032 2664 1187 2736 quicquam
1225 2663 1356 2722 convivis

200 2758 294 2825 dubia
316 2757 443 2816 Guststo
467 2763 529 2814 tute
553 2758 643 2829 prius.
691 2753 785 2819 Poeu.
810 2756 833 2833 Ι,
859 2762 886 2830 3,
912 2762 945 2817 7:
961 2761 1139 2831 priusquam
1161 2761 1291 2819 evocasti
1312 2776 1354 2819 me

202 2856 309 2915 dudum
333 2852 422 2913 iores.
455 2849 513 2925 ΙΙΙ,
538 2857 566 2928 5,
590 2857 631 2915 44
648 2870 711 2930 sip:
736 2856 794 2915 Sed
819 2857 887 2930 quid
911 2874 965 2930 ego
981 2857 1084 2916 dubito
1107 2856 1209 2930 sugere
1235 2859 1304 2916 hinc
1326 2858 1355 2916 in

200 2955 307 3012 malam
337 2966 473 3021 crucem,
503 2950 683 3023 Bissonum
711 2954 830 3013 obtorto
854 2956 931 3014 colio
961 2956 998 3014 ad
1026 2965 1194 3029 praetorem
1227 2955 1355 3014 troiror?

204 3042 299 3126 (nep
322 3050 395 3121 opt.)
419 3043 474 3123 lV,
498 3050 528 3123 2,
551 3051 606 3111 97:
630 3051 741 3119 Satine,
758 3054 936 3125 priusquam
958 3055 1073 3111 unumst
1095 3053 1236 3111 iniectum
1254 3055 1354 3126 telum,

199 3145 258 3204 iem
285 3147 377 3205 instat
399 3144 547 3206 ultorum?
579 3142 615 3223 V,
631 3150 660 3213 4,
676 3151 731 3208 41:
755 3148 938 3220 Masonem
961 3151 1057 3225 obitis,
1081 3167 1131 3208 ros
1155 3151 1221 3209 roio
1245 3152 1354 3210 ambos.

198 3258 227 3304 v.
252 3244 291 3304 96
304 3258 368 3319 sq.:
400 3244 533 3315 Quaeso,
565 3246 615 3317 qui
638 3245 720 3304 lubet
743 3252 803 3305 tam
827 3246 876 3305 diu
899 3255 1002 3306 tenere
1026 3249 1150 3324 collum,
1174 3246 1355 3320 Priusquam

199 3347 230 3400 te
253 3341 325 3399 mihi
347 3338 554 3413 despondent?
597 3338 692 3403 Poen.
717 3358 759 3404 so.
791 3341 901 3405 ultimo
923 3362 951 3406 v.
978 3348 1029 3406 18:
1062 3347 1181 3406 Utinam
1212 3347 1285 3405 mini
1308 3364 1353 3404 sr-

199 3447 319 3513 gentum
349 3438 473 3511 reddas,
496 3438 674 3511 pricosquam
701 3441 770 3500 hinc
800 3444 829 3499 iu
859 3460 978 3502 nervom
999 3444 1162 3504 'abducere
1208 3441 1297 3504 Pers.
1331 3440 1354 3510 l,

201 3539 231 3612 3,
255 3537 312 3596 61:
336 3537 501 3609 Numquam
525 3536 635 3608 hercle,
661 3555 696 3596 ne
720 3539 761 3597 sis
782 3537 908 3612 frustra,
933 3549 964 3599 tu
988 3542 1073 3600 hodie
1098 3543 1144 3600 hie
1161 3543 1252 3614 prius
1275 3542 1355 3616 edes,

199 3633 348 3707 Quaerite
372 3634 428 3691 hoc
451 3632 596 3692 iacturum
621 3636 699 3707 quod
722 3653 804 3710 rogo,
828 3636 972 3708 odfirnras
994 3640 1073 3697 mitri.
1100 3637 1193 3701 Truc.
1222 3635 1247 3714 l,
1264 3644 1289 3715 i,
1304 3643 1352 3702 31:

199 3729 381 3803 Priusquam
409 3748 496 3790 unum
529 3731 658 3804 dederis,
689 3741 821 3809 centum,
852 3752 927 3808 quae
951 3746 1070 3812 poscet,
1101 3745 1197 3809 parat.
1244 3741 1273 3809 2,
1302 3741 1353 3800 19:

202 3827 293 3899 Heus,
316 3827 485 3900 mauedum,
510 3830 702 3903 Astaphium,
720 3832 899 3904 priusquam
922 3833 993 3893 obis.
1039 3831 1166 3894 Terent.
1192 3833 1289 3896 Andr.
1315 3833 1354 3913 ΙΙ,

202 3927 228 3999 l,
256 3929 308 3986 ll:
333 3926 438 3985 Omnia
468 3928 598 4000 experiri
622 3933 766 3987 certumst
782 3929 872 4001 prius
894 3947 982 4002 quom
1003 3949 1100 4003 pereo.
1146 3928 1213 4007 ΙΙΙ,
1240 3938 1274 4009 3,
1299 3936 1353 3995 26:

198 4021 400 4094 Priusquam
423 4024 525 4082 harum
550 4026 667 4084 scalers
689 4031 720 4083 et
742 4028 892 4085 lacrumae
917 4029 1061 4088 confictae
1085 4030 1160 4089 dolis
1176 4030 1355 4092 Rcdducarrt

198 4121 325 4180 animum
348 4127 500 4195 aegrotum
524 4121 561 4180 ad
584 4122 837 4196 misericordiam,
862 4127 990 4185 Uxorem
1013 4127 1123 4186 demus.
1172 4126 1288 4192 Heant.
1314 4127 1353 4205 ΙΙ,

198 4218 227 4290 2,
250 4220 285 4277 8:
317 4219 421 4292 Pergin
450 4219 526 4278 istuc
553 4220 642 4291 prius
670 4220 850 4293 diiudicare,
879 4241 968 4294 qaam
996 4225 1053 4284 scis
1081 4226 1150 4298 quid
1182 4230 1246 4285 reri
1275 4228 1353 4288 siet?

200 4309 324 4374 Phorm.
349 4311 402 4392 IV,
427 4320 455 4389 5,
481 4320 512 4375 7:
537 4318 676 4378 Transito
699 4318 737 4377 ad
760 4337 881 4378 uxorem
905 4338 1011 4391 meum,
1041 4329 1072 4379 ut
1095 4327 1255 4383 conveniat
1280 4330 1352 4388 hanc
