3125 5075
435 338 474 376 De
490 337 682 379 TEMPORIBUS.
697 360 722 368 -
738 338 921 377 coneecusio
938 337 1107 377 Tsueoieusl.
1319 344 1360 405 93

201 534 334 588 nanetus
356 530 436 600 unali,
458 530 544 589 Prius
564 531 735 591 rescisceres
755 535 797 601 tn,
828 545 915 604 quam
938 545 994 604 ago
1015 528 1088 589 illud
1112 527 1190 604 quod
1214 527 1269 587 tibi
1291 543 1358 608 eve·

202 626 254 684 nit
274 625 353 685 boni.
397 624 455 689 Ad.
479 623 522 701 Il,
544 630 574 704 2,
597 629 617 689 9
640 643 722 706 sqqu
751 627 896 693 dimisti,
924 628 949 687 si
972 643 1050 687 nnnc
1074 626 1110 687 ds
1133 632 1185 686 tuo
1206 627 1271 685 iure
1294 640 1361 685 cca·

205 723 342 783 cessisses
363 725 514 798 paululum
537 727 635 801 Atque
658 725 844 786 adulescenti
865 725 1074 799 mcriperuaccc
1094 754 1138 768 -
1158 723 1209 784 Ne
1230 739 1289 783 non
1304 722 1359 782 tibi

202 821 284 880 istuc
307 819 485 891 foeneraret.
528 819 684 886 Praesens
712 826 820 886 autem
842 819 1033 885 coniunctiri
1055 819 1201 901 sequitur
1222 817 1302 900 peri.
1326 817 1358 881 in

203 913 257 979 liis
286 914 378 981 locis:
413 916 517 982 Plaut.
541 918 654 1000 Amph.
675 918 756 1000 prol.
779 936 809 982 v.
837 924 870 983 ll
898 934 960 997 sqs
998 922 1073 981 Nam
1103 937 1155 981 ros
1183 919 1302 995 quidem
1328 918 1357 977 id

200 1016 264 1075 iam
288 1017 371 1075 scitis
395 1034 559 1078 oencesacm
581 1022 616 1080 et
635 1018 739 1078 datam
760 1019 803 1078 Mi
825 1036 886 1079 esse
907 1020 944 1079 ab
967 1019 1012 1080 dis
1035 1020 1117 1095 aliis,
1139 1017 1251 1077 nuntiis
1269 1032 1360 1089 prce·

200 1115 263 1174 sim
285 1120 316 1174 et
338 1116 433 1191 lucro,
462 1112 517 1177 ubi
546 1113 717 1193 participia
744 1112 862 1178 iteruin
889 1113 1117 1179 adiectivorum
1146 1112 1246 1177 instar
1274 1116 1358 1176 sunt.

202 1212 339 1290 Argum.
377 1215 492 1275 acrost.
530 1209 621 1292 Capt.
658 1228 687 1275 v.
730 1217 763 1275 7:
809 1213 851 1273 Ut
885 1210 938 1289 [ia]
974 1215 1144 1289 ominatur,
1184 1212 1267 1288 fecit,
1304 1206 1359 1274 ubi

200 1311 360 1370 amittatur
374 1325 432 1387 pro
448 1308 608 1389 praesenti
623 1308 713 1390 quasi
735 1306 888 1372 historico
911 1309 1040 1390 accipio.
1083 1308 1245 1373 liudem:
1276 1306 1358 1385 „Ae-

204 1404 290 1469 cedit
328 1402 357 1467 h.
392 1404 412 1469 l.
450 1406 626 1485 excusatio,
665 1406 750 1488 quod
787 1406 911 1487 reliqua
949 1406 981 1470 in
1017 1423 1122 1487 praes.
1157 1401 1358 1470 narrantur.“

209 1499 299 1583 Capi.
323 1501 366 1578 ΙΙ,
390 1508 419 1583 3,
444 1508 483 1568 35
506 1521 592 1585 squ:
613 1508 781 1569 moereret
803 1539 841 1550 -
868 1510 909 1570 Ut
934 1524 1000 1567 eum
1022 1506 1149 1565 redimat
1167 1512 1199 1566 et
1219 1504 1360 1570 remeant

205 1598 248 1663 de
269 1600 395 1665 actione
418 1600 555 1665 nondum
579 1603 762 1681 praeterita,
792 1602 850 1667 sed
872 1602 974 1668 adhuc
995 1600 1113 1667 futura
1158 1597 1274 1666 Bacch.
1297 1598 1357 1674 ΙΙΙ,
1471 1667 1475 1675 ,

203 1701 234 1775 6,
257 1703 294 1761 4:
316 1701 426 1760 Verum
450 1709 601 1777 postremo
622 1703 785 1776 irtpetroci,
815 1708 849 1764 at
867 1703 974 1779 nequid
1003 1704 1031 1762 si
1053 1703 1228 1763 mceaoeal.
1274 1696 1356 1761 Men.

200 1793 242 1869 V,
266 1800 296 1874 2,
321 1800 375 1859 37:
409 1801 546 1874 quotiens
574 1801 738 1860 mancat
759 1802 829 1875 tibi,
859 1804 923 1862 viro
949 1805 984 1862 at
1004 1817 1114 1862 morem
1137 1797 1247 1874 geras?
1290 1793 1356 1860 Mil.

199 1891 259 1970 IV,
286 1898 316 1967 4,
346 1900 449 1974 9sq.:
483 1898 558 1957 Nam
586 1900 651 1972 ipse
679 1900 763 1959 miles
798 1901 990 1961 concubinam
1024 1900 1104 1958 intro
1138 1896 1213 1956 coer
1240 1904 1356 1956 oratum

200 2011 298 2072 suam,
320 1995 367 2054 Ab
390 2012 421 2054 se
443 2000 478 2055 ct
498 1997 586 2055 abent
608 1995 774 2074 (praesens
795 1995 934 2074 positum
959 1998 1018 2074 est,
1041 1993 1190 2073 quoniam
1209 1990 1265 2055 illa
1278 2008 1357 2056 uon·

199 2088 278 2152 dum
309 2088 407 2161 abiit).
451 2089 538 2156 Pers
561 2089 616 2168 IV,
640 2099 670 2168 4,
694 2094 750 2155 69:
787 2095 920 2155 Servitus
952 2112 1020 2155 mea
1049 2094 1089 2152 mi
1117 2091 1288 2169 interdixit,
1320 2107 1358 2150 ne

199 2189 274 2265 quid
303 2190 395 2250 mirer
423 2209 517 2251 meum
548 2194 668 2251 malurn.
712 2189 794 2254 und.
817 2188 873 2269 lv,
897 2195 926 2267 2,
950 2196 1006 2255 23:
1040 2207 1117 2251 nunc
1153 2191 1222 2262 tini,
1254 2190 1356 2263 Gripo,

202 2289 288 2348 Haec
311 2291 430 2349 occasio
452 2291 562 2363 optipit,
583 2293 618 2350 at
638 2290 740 2349 liberet
761 2296 791 2349 te
815 2306 852 2350 ax
874 2294 983 2366 populo
1007 2296 1138 2365 praetor.
1170 2285 1206 2351 L.
1228 2283 1357 2350 Aemilii

201 2383 308 2448 Paulli
331 2382 526 2450 Macedonici
549 2384 651 2449 oratio
673 2402 724 2466 up.
748 2384 856 2450 Valer.
881 2385 963 2451 Max.
980 2386 1018 2460 V,
1036 2390 1087 2463 10,-
1103 2390 1137 2449 2:
1165 2387 1358 2460 Quapropter

206 2484 286 2545 bene
317 2485 416 2562 habet,
439 2486 595 2547 annuendo
625 2487 703 2547 enim
726 2486 803 2548 rotis
825 2488 898 2547 meis
920 2488 951 2548 id
973 2490 1107 2562 epam,
1129 2489 1165 2546 ei
1183 2501 1236 2545 ros
1259 2484 1358 2559 potius

204 2599 303 2643 meum
327 2600 426 2644 casum
449 2584 572 2645 dokctis
594 2599 680 2661 quam
704 2602 759 2660 ego
781 2594 881 2647 rastro
894 2587 1121 2660 immiscere»,
1145 2579 1201 2646 ubi
1216 2577 1358 2657 offendit,

203 2678 292 2758 quod
316 2680 450 2759 primum
474 2698 635 2760 praesens,
659 2681 774 2747 deinde
798 2680 1018 2762 imperfectum
1041 2679 1119 2745 coni.
1143 2678 1283 2760 positum
1298 2677 1357 2739 est.

202 2775 333 2841 Terent.
358 2777 454 2842 Andr.
478 2777 533 2855 IV,
557 2783 585 2857 2,
608 2786 644 2843 4:
680 2783 776 2843 Orare
796 2783 896 2849 iussit,
926 2783 951 2842 si
980 2799 1013 2843 se
1035 2797 1123 2849 ames,
1153 2796 1215 2852 era,
1245 2779 1303 2837 iam
1325 2777 1362 2834 ui

201 2876 243 2937 ad
267 2895 332 2937 sese
355 2879 467 2946 vemas
497 2893 591 2955 quem
618 2876 722 2943 locum
744 2876 839 2943 affert
861 2877 1007 2942 Ruddim.
1030 2897 1060 2958 p.
1084 2882 1156 2952 351,
1186 2876 1292 2939 adnot.
1319 2873 1357 2935 16

203 2972 328 3037 dicens:
367 2973 420 3051 „Si
453 2975 537 3038 actio
572 2974 676 3040 adhuc
709 2977 826 3040 durare
859 2975 1073 3056 intelligatur,
1109 2982 1145 3038 st
1183 2979 1359 3056 praeeunte

203 3071 384 3151 praeterito
414 3072 503 3151 sequi
533 3078 642 3154 potest
668 3073 841 3154 praesens“
875 3073 1027 3153 additque
1059 3073 1163 3139 locum
1197 3073 1255 3137 Ad.
1278 3072 1304 3149 Ι,
1333 3078 1358 3150 l,

203 3172 260 3233 29:
284 3172 330 3231 lda
351 3188 387 3231 ree
408 3187 458 3233 me
481 3173 558 3240 celet,
580 3172 743 3244 cmuaeseci
765 3172 858 3233 fllium
881 3170 1039 3251 (quoniam
1061 3189 1101 3235 ue
1116 3169 1201 3235 filius
1216 3189 1251 3235 se
1267 3169 1359 3249 celet,

201 3267 236 3330 in
259 3271 422 3346 posterum
450 3283 578 3348 quoque
607 3269 699 3350 vult).
744 3269 825 3333 Eun.
849 3268 907 3343 ΙΙΙ,
930 3274 961 3348 4,
984 3273 1020 3332 6:
1057 3272 1143 3332 Nunc
1165 3273 1205 3330 mi
1229 3273 1358 3331 hocne·

202 3367 267 3444 goti
291 3369 385 3428 ceteri
406 3367 517 3444 dedere,
540 3373 575 3430 cei
595 3371 677 3430 illurn
700 3380 852 3442 quaeram.
875 3366 935 3446 111,
959 3372 988 3446 5,
1012 3370 1053 3431 22
1077 3383 1159 3446 sqq.:
1189 3369 1361 3430 acdmmuit

201 3497 244 3509 —
266 3470 302 3526 ut
330 3472 441 3526 vestem
464 3484 530 3526 cum
553 3484 588 3528 eo
610 3471 718 3528 mutem
740 3475 771 3528 et
793 3484 849 3543 pro
875 3468 928 3527 illo
949 3468 1067 3528 iaderam
1083 3483 1130 3526 me
1151 3470 1222 3529 illoc
1244 3468 1357 3542 ducier,

202 3560 260 3626 ubi
283 3562 392 3626 statim
415 3580 442 3625 v.
467 3566 507 3626 25
523 3579 568 3641 sq.
594 3563 752 3642 sequitur:
775 3566 846 3640 quid
868 3583 905 3626 ex
927 3583 963 3627 ea
985 3584 1018 3626 re
1041 3566 1160 3626 tandem
1182 3569 1219 3624 ret
1238 3581 1359 3639 caperes

202 3662 370 3722 commodi?
393 3658 461 3725 cH.
484 3663 603 3736 Rogas?
625 3664 763 3740 viderent,
786 3663 930 3740 audirem,
953 3682 1043 3725 esseni
1065 3682 1132 3726 una.
1177 3660 1303 3726 Phorm.
1319 3659 1358 3741 V,

203 3762 235 3834 8,
257 3763 313 3821 41:
339 3761 478 3822 Utilius
501 3762 573 3820 Cum
595 3762 649 3821 illa
670 3762 782 3821 habitet
803 3762 881 3835 apud
905 3769 944 3833 te,
968 3764 1024 3823 hoa
1046 3771 1178 3824 vostrum
1191 3763 1358 3823 >consilium

199 3859 270 3932 suit.
315 3856 387 3920 Duo
416 3855 561 3936 perlecta
587 3857 755 3921 coniuncta
780 3864 857 3937 sunt
887 3856 990 3922 Plaut.
1020 3858 1133 3939 Amph.
1161 3858 1187 3938 I,
1222 3865 1248 3937 1,
1279 3859 1358 3921 276:

201 3957 357 4017 Factumst
376 3957 456 4031 illut,
481 3965 514 4016 ut
536 3975 591 4032 ego
612 3958 675 4017 illic
699 3958 758 4016 riui
781 3957 914 4017 Minoam
936 3958 1077 4018 ebiberim
1100 3962 1187 4033 meti,
1218 3956 1289 4034 ubi,
1322 3957 1360 4019 ut

201 4059 292 4116 recte
322 4051 416 4116 docet
444 4052 583 4118 Haasius
613 4052 652 4117 ad
675 4051 793 4132 Reisig.
817 4070 848 4133 p.
873 4059 949 4131 549,
979 4054 1083 4118 adnot.
1114 4062 1176 4121 479
1199 4073 1262 4119 non
1286 4070 1360 4118 con·

199 4148 317 4214 iunctis
332 4150 458 4215 demum
474 4150 559 4215 inter
577 4168 612 4215 se
627 4150 720 4231 plena
735 4152 894 4216 sententia
905 4149 950 4229 fit,
968 4153 1025 4217 sed
1036 4156 1219 4217 asebaim
1233 4156 1359 4216 tantum

205 4263 265 4327 per
281 4248 472 4328 epexegesin
495 4248 637 4312 additum
660 4256 720 4328 est,
743 4257 780 4313 ut
802 4267 861 4330 pro
876 4268 915 4314 eo
930 4249 992 4316 dici
1012 4252 1185 4332 potuisset:
1207 4249 1359 4315 natumst

199 4344 291 4421 illud,
322 4345 443 4412 scilicet
473 4346 565 4410 ebibi.
610 4346 709 4412 Poen.
733 4345 770 4426 V,
794 4352 822 4427 2,
848 4351 888 4412 96
910 4366 973 4430 sq.:
1008 4353 1065 4426 Qui
1087 4352 1188 4426 ponec
1213 4352 1294 4428 fieri,
1324 4354 1360 4410 ct
