3125 5075
320 363 338 401 I.
366 363 536 406 Paosoiitna
552 368 741 418 passoriatls,
756 372 935 420 possessiva.
950 375 1123 417 aurumve.
1238 388 1301 446 353

147 534 329 608 masmine
349 535 497 619 relativo,
520 545 557 608 ut
576 546 629 619 qui
650 544 692 610 ad
714 546 894 612 subiectum
916 546 1086 628 referatur,
1107 549 1192 630 quod
1213 555 1305 617 entra

138 622 206 696 boc
221 631 416 717 membrum,
437 635 471 702 In
492 653 559 719 quo
579 645 632 717 eet
653 642 752 724 inest,
776 648 827 709 est
846 643 985 725 positum
1008 649 1042 711 st
1063 651 1120 711 aut
1142 648 1305 715 antecedit

125 731 199 794 nt
210 729 369 813 omnam,
386 736 416 797 ia
429 732 590 804 referatur
602 739 644 805 ad
658 742 887 822 praedicatum,
909 743 995 823 quod
1011 747 1102 810 extra
1115 745 1303 827 membrum,

119 822 173 890 im
193 841 260 907 quo
281 830 310 892 is
330 828 425 913 inest,
447 834 636 902 collocatum
659 840 739 904 est.“
760 838 896 904 Ponitur
917 844 1025 905 autem
1046 843 1074 905 ta
1095 842 1150 922 ita,
1172 847 1210 908 ut
1231 859 1304 925 spe·

108 927 206 990 ctat
228 925 271 991 ad
291 944 461 1008 personam
483 932 655 1015 siveram,
689 955 771 1017 quae
800 942 858 1003 aut
886 936 918 1001 In
948 940 1146 1019 praegressis
1167 940 1231 1006 ium
1253 945 1304 1008 est

108 1022 305 1090 nominata
325 1029 437 1093 autin
457 1028 498 1096 iis
519 1048 602 1113 quac
625 1040 805 1114 sequuntur
831 1035 958 1099 demum
982 1042 1248 1103 commemoratur
1270 1043 1304 1105 et

105 1119 335 1204 declaratur,
355 1124 434 1191 item
457 1127 484 1193 si
508 1146 579 1194 cum
600 1148 691 1211 pron.
719 1132 854 1198 relativo
872 1138 923 1198 est
936 1133 1149 1215 coniunctum,
1170 1143 1228 1200 aut
1248 1152 1304 1201 an·

107 1219 263 1285 teredit
284 1219 366 1288 banc
387 1225 639 1293 enunciationem
662 1228 830 1296 relativam
852 1237 910 1297 aut
931 1230 1086 1310 sequitur,
1107 1231 1245 1313 denique
1266 1230 1305 1297 fit

108 1315 239 1382 efiarn
260 1333 439 1400 pronomen
460 1323 651 1389 adiectivum
675 1345 811 1408 cumque
831 1328 1031 1393 substantivo
1050 1328 1209 1395 artissime
1230 1347 1304 1395 con·

111 1413 295 1495 iungitur.
338 1417 556 1488 Memorabilis
578 1429 629 1488 est
651 1423 739 1490 Iocus
755 1426 787 1490 in
803 1425 867 1491 IIII
887 1426 984 1505 tabb,
1008 1425 1097 1505 VIII,
1119 1424 1158 1491 ir.
1178 1432 1226 1507 12,
1248 1426 1305 1492 an

119 1510 202 1578 hoc
223 1530 399 1594 pronomen
420 1518 562 1585 refertur
582 1522 623 1587 ad
647 1522 826 1588 subiectum
848 1541 912 1588 non
934 1541 1137 1604 expressum,
1167 1524 1225 1589 sed
1248 1525 1304 1590 ob·

122 1625 237 1676 scura
259 1612 519 1696 intelligendum:
552 1622 585 1681 Si
608 1622 799 1683 nonfurtum
827 1622 938 1684 sactum
967 1626 1021 1698 ait,
1056 1626 1082 1685 si
1102 1624 1145 1682 im
1171 1626 1303 1698 occisait,

123 1709 209 1771 iure
234 1729 342 1775 caesus
371 1723 446 1778 esto.
490 1715 631 1783 Naevius
658 1719 717 1783 Ino.
741 1737 821 1783 com.
848 1717 888 1783 ir.
911 1724 940 1798 3,
969 1738 999 1784 v.
1024 1723 1098 1784 110:
1131 1723 1214 1783 Eum
1234 1737 1304 1782 anua

127 1817 232 1880 pater
253 1829 320 1871 cum
342 1816 437 1888 pallio
459 1834 517 1877 nno
540 1819 577 1877 ab
600 1820 697 1879 amica
718 1820 849 1879 abduxit.
896 1817 975 1882 Cato
998 1817 1035 1882 R
1058 1817 1094 1882 R
1119 1835 1145 1883 c
1161 1824 1216 1882 44:
1240 1820 1307 1893 Qua

131 1903 228 1970 loeua
249 1907 335 1970 Ierax
357 1929 416 1972 non
439 1915 655 1991 erit,idp1us
676 1919 827 1978 concidito
850 1925 1023 1993 artatoque,
1050 1914 1106 1980 ubi
1125 1918 1160 1975 id
1181 1916 1307 1994 spectat

130 2000 189 2064 ad
207 2004 368 2071 notionem
390 2025 453 2073 non
475 2017 753 2076 commemoratam
781 2013 868 2078 illam
891 2012 1033 2092 quidem,
1067 2012 1124 2078 sed
1150 2029 1233 2092 quac
1260 2007 1307 2075 ia·

134 2097 207 2164 (3113
226 2120 266 2167 ex
286 2107 489 2187 praegressis
511 2115 619 2174 mente
641 2110 715 2175 addi
737 2110 849 2189 possit.
893 2109 957 2175 Ib.:
982 2112 1047 2184 Qua
1063 2113 1147 2173 locus
1162 2119 1246 2172 recte
1262 2110 1308 2172 Is·

137 2211 202 2260 ran
220 2204 289 2280 erit,
313 2221 390 2279 quae
411 2208 496 2267 arida
516 2217 606 2270 erunt
627 2219 658 2270 et
678 2212 776 2286 siquid
792 2218 898 2272 ventus
913 2208 1129 2286 interiregerit,
1151 2224 1188 2268 eu
1208 2209 1309 2268 monto

137 2299 277 2375 tanim,
301 2299 356 2365 ubi
371 2302 509 2382 scriptor
523 2321 582 2384 per
596 2324 632 2367 eo
647 2309 747 2368 mic
762 2304 987 2386 complectitur
1008 2303 1092 2381 bina,
1116 2321 1198 2384 quae
1212 2308 1309 2368 antea

133 2395 259 2471 smnio
296 2394 332 2462 Ο.
355 2403 390 2464 9:
413 2409 445 2462 et
465 2403 500 2461 td
521 2406 633 2482 videto,
656 2409 700 2466 uti
723 2408 798 2469 cett.
821 2402 856 2468 C.
880 2407 915 2469 2:
940 2406 997 2466 Ubi
1018 2419 1054 2462 eo
1076 2402 1223 2478 cognovit.
1246 2398 1308 2464 Ib.:

140 2483 204 2555 lini
222 2511 276 2559 aaa
296 2499 432 2576 diesque
455 2518 562 2564 causas
586 2506 696 2565 multas
718 2504 838 2564 dixerit
862 2499 896 2564 0.
921 2506 954 2564 7:
978 2501 1069 2561 Oleaa
1091 2500 1232 2574 orobitae,
1254 2516 1308 2576 po·

133 2592 213 2669 tina,
233 2610 287 2657 eac
306 2600 419 2673 optimo
439 2601 608 2662 conduntur
631 2607 707 2666 cett.
731 2597 915 2664 Pronomini
936 2594 1072 2661 relativo
1094 2594 1309 2677 postpositum

144 2691 196 2751 «tt
214 2706 244 2755 c.
267 2696 326 2757 ³3:
359 2705 489 2771 atquae
511 2700 571 2759 Iam
593 2702 625 2760 in
647 2702 794 2775 partirem
817 2699 887 2772 ibit,
920 2697 984 2757 cius
1005 2698 1161 2773 pampinos
1187 2702 1309 2757 teneros

145 2789 270 2866 ulmeto
292 2795 367 2855 cett
392 2791 611 2859 Memorabilis
633 2805 683 2860 est
705 2793 794 2858 Iocus
816 2811 843 2859 c.
871 2796 925 2856 16:
959 2795 1013 2854 Eo
1039 2811 1115 2868 quac
1143 2810 1243 2854 nemen
1266 2793 1309 2853 vi-

150 2887 211 2948 ride
225 2895 259 2949 et
272 2900 422 2952 maturum
438 2894 537 2967 babet,
553 2898 598 2954 uti
611 2910 711 2955 semen
728 2892 764 2951 da
781 2910 934 2968 cupresso,
958 2893 995 2951 de
1010 2893 1091 2967 piuo,
1108 2891 1223 2968 quidvis
1238 2891 1309 2952 anni

146 2984 246 3062 legera
266 2989 376 3062 possis,
401 2986 456 3053 nbi
478 2987 510 3053 in
532 3008 576 3059 oo,
598 3004 657 3067 pro
680 3006 742 3067 qno
765 3007 830 3050 eom
853 2986 1020 3053 dicendum
1043 2984 1114 3066 init,
1137 2991 1187 3052 est
1208 2991 1309 3051 attra-

147 3082 217 3162 ctio,
241 3083 355 3149 eodem
377 3088 461 3149 enirn
483 3085 516 3149 iu
538 3102 615 3149 casu
637 3086 776 3165 positum
796 3092 847 3149 est
862 3103 925 3164 quo
940 3083 1109 3148 relativum
1130 3103 1215 3159 quac.
1244 3083 1308 3148 En-

145 3178 189 3242 nii
201 3178 417 3262 Epicharmus
430 3181 469 3248 fr.
486 3189 521 3246 7:
542 3186 628 3246 Istuc
642 3194 690 3246 eat
708 3186 736 3245 is
751 3186 886 3260 luppiter
902 3200 988 3259 quem
1004 3183 1080 3242 dico.
1109 3181 1310 3246 Euhemerus

142 3273 177 3340 fr.
196 3283 229 3343 l:
252 3282 344 3343 Initio
358 3285 471 3358 primus
486 3285 516 3341 in
533 3286 625 3344 terrIa
641 3283 797 3357 Imperium
814 3298 957 3341 summum
973 3281 1082 3341 Caelus
1098 3279 1214 3340 babuit:
1237 3281 1311 3342 isid

142 3394 264 3454 regnum
279 3398 339 3440 nna
354 3397 419 3439 curn
434 3379 579 3441 fratribus
594 3382 656 3441 auis
671 3381 802 3440 instituit
817 3386 906 3454 atque
921 3379 1047 3452 paravit.
1077 3372 1117 3439 fr.
1133 3381 1162 3456 3,
1182 3381 1236 3441 10:
1260 3380 1309 3440 ii-

142 3481 192 3537 ian
213 3506 257 3521 -
282 3476 361 3551 qnod
383 3479 504 3538 videbat
525 3487 651 3539 matrum
680 3487 770 3554 atque
792 3493 913 3539 sorores
936 3494 1005 3536 auae
1028 3492 1150 3550 operam
1179 3476 1251 3537 dare
1277 3488 1311 3537 ut

141 3571 289 3635 Saturnus
310 3582 461 3649 regnaret,
484 3579 635 3637 concessit
656 3577 684 3636 ei
703 3587 736 3635 ut
756 3577 784 3636 is
805 3581 954 3650 regnaret
982 3569 1034 3634 lin.
1054 3575 1109 3634 12:
1130 3570 1172 3632 Id
1186 3574 1248 3635 cies
1263 3574 1309 3634 rei

140 3688 232 3735 ausa
256 3671 339 3735 iecit
376 3670 413 3734 [r.
431 3676 460 3749 3,
488 3675 543 3735 16:
567 3676 698 3750 dantque
722 3691 788 3733 cum
809 3675 920 3733 Vestae
943 3668 1139 3733 educandum.
1182 3668 1237 3735 lin.
1254 3673 1308 3734 13:

145 3768 273 3831 &turno
296 3769 375 3831 tiiiua
399 3772 450 3845 qui
471 3773 585 3846 primus
609 3779 774 3843 natusest,
798 3788 863 3831 cum
887 3776 1078 3830 necaverunt.
1101 3766 1154 3830 lin.
1174 3771 1227 3831 18:
1250 3770 1310 3830 Ne·

149 3873 270 3941 ptumum
294 3898 334 3911 -
351 3869 413 3943 Ops
435 3871 525 3943 parit,
549 3886 672 3946 nmque
692 3871 859 3931 clanculum
883 3867 1049 3927 abscondit
1087 3857 1311 3946 Προτρεπτικὸς

144 3958 179 4027 ir.
200 3968 240 4029 2:
267 3964 297 4025 ia
319 3981 441 4040 operam
463 3966 548 4026 addit
570 3969 683 4029 aeduin.
727 3965 831 4030 Plant.
857 3962 927 4027 Aul,
951 3960 1032 4041 prol.
1059 3978 1088 4025 v.
1112 3966 1153 4027 34
1176 3978 1239 4041 sq.:
1271 3964 1314 4024 Et

147 4060 191 4124 bie
213 4065 266 4139 qai
288 4070 395 4138 poscet
416 4080 483 4124 cum
505 4066 564 4126 sibi
586 4083 708 4127 uxorem
732 4082 841 4138 senen,
873 4063 909 4122 Is
933 4062 1135 4122 adulescentis
1157 4062 1239 4122 iliius
1261 4066 1310 4122 est

147 4162 308 4223 avonculus
330 4162 406 4224 cett.
434 4158 507 4224 Cas.
523 4162 603 4241 prol.
619 4180 648 4225 v.
666 4166 720 4228 59:
743 4165 911 4238 Propterea
932 4175 969 4218 oa
989 4177 1048 4219 una
1071 4160 1223 4219 consentit
1245 4175 1314 4219 cum

149 4256 207 4318 ilio
228 4257 289 4333 (sic
310 4254 443 4321 Ritscbl.
467 4274 593 4342 purerg.
619 4278 648 4341 p.
667 4260 732 4336 22).
762 4257 849 4322 Trin.
872 4254 911 4335 V,
936 4258 965 4331 2,
989 4257 1044 4318 60:
1066 4256 1108 4315 Et
1129 4270 1196 4316 eom
1217 4263 1249 4315 et
1270 4256 1312 4317 si-

149 4372 233 4429 inam
254 4358 345 4418 eiiam
365 4358 490 4418 iubebis.
528 4357 653 4424 Curcul.
669 4356 712 4436 11,
737 4362 766 4433 3,
790 4360 847 4420 64:
869 4358 940 4432 quia
964 4356 1001 4415 da
1022 4369 1055 4414 eo
1077 4354 1136 4413 emi
1157 4354 1310 4430 uirginem.

199 4454 284 4503 nm...
298 4456 409 4507 syrena.
437 4455 455 4494 1.
1059 4458 1100 4515 23
