3125 5075
300 326 361 389 222
540 334 543 341 ·
592 317 655 359 ΟΔΡ.
669 318 715 357 XV.
743 317 889 358 nocturna
903 316 1156 359 nuunctautottuu.

295 507 321 587 Ι,
345 513 374 586 2,
397 513 432 571 4:
455 510 597 582 Mirabar,
622 510 677 568 hcc
699 509 727 569 ελ
749 509 792 569 sic
815 510 929 571 abiret:
953 515 986 570 ct
999 511 1045 567 eri
1062 527 1183 585 semper
1198 513 1312 571 lenitas
1327 509 1450 568 Verebar

294 623 434 682 quarm
456 607 605 668 evaderet
631 604 685 684 IV,
702 611 729 676 l,
744 609 799 669 30:
822 623 878 666 nec
901 613 931 667 ta
954 608 1049 682 quivit
1075 607 1164 667 hodia
1188 625 1300 683 cogare
1325 609 1407 668 illan
1424 608 1452 664 ut

294 706 429 765 duceres.
474 701 578 766 Plaut.
603 699 693 780 Capi.
719 700 760 781 11,
785 707 814 780 3,
838 704 892 766 65:
917 707 1014 780 Magis
1035 722 1096 765 nou
1111 704 1224 766 factm
1245 723 1371 782 possum
1385 705 1452 765 reue

294 820 381 877 quam
405 819 498 876 opera
524 803 663 876 experiar
690 802 839 876 persequi.
884 798 1011 865 Lama:
1041 799 1149 880 „Ordo
1178 808 1247 867 eutr
1275 805 1345 864 Non
1370 802 1452 874 magis

293 917 414 974 possum
446 898 556 959 iactum
584 895 691 959 relle.“
741 895 832 961 Adeo
866 903 895 958 et
918 898 1135 978 postpositum
1164 903 1216 963 est
1242 897 1347 963 verbo
1377 895 1450 961 Rau.

293 993 373 1075 prol.
420 1014 449 1059 v.
474 999 617 1059 7:1ater
644 997 779 1056 mortalis
802 997 920 1056 ambulo
943 992 987 1076 [et
1006 995 1075 1074 ego]
1105 999 1254 1060 interdius
1285 994 1453 1061 secundnm

293 1091 546 1158 emendationem
568 1089 772 1156 Lachmanni.

377 1194 407 1255 8.
451 1191 707 1252 Aaccotattcrum
728 1188 874 1267 exempla
895 1188 1213 1255 commemoravimus
1236 1189 1306 1256 vol
1330 1188 1358 1269 1,
1372 1207 1401 1271 p.
1417 1193 1452 1255 30

290 1287 371 1353 hacc
403 1286 482 1351 duo:
517 1286 588 1352 Ter.
623 1286 704 1350 Eun.
740 1283 820 1365 prol.
865 1304 894 1348 v.
924 1290 963 1351 10
991 1293 1025 1352 et
1052 1286 1130 1352 Hec.
1165 1287 1226 1365 ΙΙΙ,
1254 1292 1283 1363 1,
1311 1291 1342 1363 6,
1364 1287 1404 1351 ib.
1424 1304 1451 1365 p.

292 1389 350 1451 381
380 1383 484 1448 Plaut.
514 1383 630 1449 Pseud.
659 1384 684 1462 Ι,
711 1389 742 1464 5,
772 1387 822 1448 58.
867 1385 916 1448 Ad
944 1383 1158 1451 anacoluthon
1185 1384 1337 1465 pertinet
1358 1384 1449 1449 etiam

290 1486 447 1561 αλλναοιλο,
480 1499 544 1562 qna
572 1480 781 1545 secundariae
812 1482 959 1548 notiones
996 1501 1068 1547 cum
1099 1482 1255 1563 primaria
1293 1483 1329 1546 in
1362 1500 1448 1547 unam

291 1579 453 1643 notIonem
481 1583 728 1654 connectuntur;
760 1578 885 1658 reliqua
914 1580 998 1644 anim
1026 1597 1145 1660 genera
1171 1580 1393 1658 attractionis,
1420 1580 1448 1643 in

289 1676 477 1758 praedicato
508 1677 546 1751 (c.
576 1673 644 1754 vn,
669 1682 699 1741 3.
744 1675 835 1757 XIII,
865 1678 900 1752 4)
930 1684 964 1742 et
993 1678 1026 1741 in
1045 1694 1132 1758 prom
1160 1676 1302 1742 relativo
1327 1678 1369 1742 ad
1390 1679 1447 1742 sin·

289 1773 365 1856 gula
387 1779 511 1838 tantum
533 1773 690 1838 vocabula
716 1773 887 1855 pertinent
933 1773 985 1841 Sic
1012 1774 1142 1839 Terent.
1170 1774 1302 1840 Phorm.
1332 1774 1391 1852 ΙΙΙ,
1424 1781 1446 1852 Ι,

291 1876 346 1935 16:
376 1875 417 1935 Ut
446 1874 527 1934 aibat
555 1874 600 1932 Dc
628 1875 691 1933 eins
719 1876 846 1934 consilio
873 1892 940 1935 aesc
969 1876 1046 1935 velle
1073 1873 1174 1935 iacere
1203 1877 1285 1950 quod
1315 1877 1354 1936 ad
1377 1878 1446 1935 tanc

288 1989 351 2033 rem
378 1973 496 2031 attinet.
546 1968 637 2033 Alius
661 1968 787 2049 generis
810 1974 860 2034 est
875 1968 977 2034 Plaut.
1023 1968 1445 2050 Merc.1v,s‚1:maaaa

287 2087 333 2130 me
358 2070 447 2141 misit,
471 2069 509 2127 ad
532 2076 658 2146 patrem,
680 2086 739 2129 non
762 2076 810 2129 est
831 2070 919 2129 domi.

346 2170 374 2227 9.
400 2164 447 2229 Ad
461 2164 642 2229 formandas
654 2165 876 2227 mactationes
886 2168 1053 2240 pomarius
1068 2164 1154 2244 quod
1168 2164 1300 2245 attinet,
1316 2164 1379 2229 tria
1395 2181 1442 2243 pc

286 2261 441 2326 tissimum
456 2262 611 2326 idiomata
624 2264 901 2327 commemoranda
917 2266 1001 2341 suut
1018 2263 1165 2341 primum,
1189 2262 1246 2327 ubi
1270 2262 1442 2328 subiectum

285 2359 517 2424 enunciaticnia
525 2358 732 2424 secundariae
740 2363 885 2423 mutatur
893 2360 925 2423 in
934 2360 1094 2424 obiectum
1103 2360 1288 2439 primariae,
1303 2360 1442 2435 alterum,

284 2457 339 2522 ubi
355 2475 451 2522 unum
464 2457 642 2522 subiectum
658 2456 849 2536 pertinetad
864 2456 944 2521 duas
959 2458 1211 2536 enunciationes,
1227 2475 1314 2538 qaue
1329 2458 1442 2524 nauta

282 2551 479 2636 παραλλήλου
491 2556 624 2637 positae,
636 2554 693 2620 sed
705 2554 750 2619 ita
766 2560 802 2618 ut
817 2556 849 2618 in
863 2555 967 2620 altera
978 2556 1170 2620 nominativo
1182 2574 1260 2621 casu
1275 2558 1320 2621 sit
1331 2554 1439 2620 intelli·

284 2653 430 2734 gendum,
440 2655 580 2731 tertium,
593 2653 647 2717 ubi
656 2654 914 2733 iuxtaponuntur
923 2655 1005 2718 dnae
1018 2653 1261 2718 enundattones
1274 2655 1440 2734 primariae

283 2750 338 2829 ita
355 2757 391 2814 ut
402 2751 548 2826 plurimis
562 2751 596 2815 in
608 2750 685 2815 locis
700 2749 862 2830 obliquam
878 2752 984 2831 potius
998 2751 1252 2815 enunciationem
1269 2760 1439 2831 exspectes

281 2847 423 2912 Primum
438 2848 539 2928 igitur
554 2853 735 2928 spectemus
747 2866 820 2912 cum
837 2866 939 2927 nsum,
960 2866 1023 2928 quo
1043 2850 1207 2911 seductum
1226 2850 1439 2911 mundaum

282 2948 476 3008 &cumulos
486 2951 621 3008 mutatur
631 2949 664 3006 ta
675 2948 817 3008 obiectum
829 2966 930 3009 cauae
935 2949 1117 3022 primariae,
1129 2946 1183 3026 qui
1198 2946 1374 3011 admodum
1384 2946 1438 3009 ire·

282 3061 381 3126 quens
410 3048 460 3109 cst
492 3044 636 3125 inprimis
667 3044 752 3123 apud
775 3044 924 3108 Plautum
948 3050 982 3109 et
1003 3044 1195 3109 Terentium.
1242 3041 1326 3108 Cato
1349 3045 1386 3108 lt
1405 3043 1437 3106 R·

281 3159 307 3206 o.
336 3150 370 3206 4:
399 3146 461 3205 an
488 3147 623 3205 surculos
655 3144 746 3206 facito
773 3146 833 3204 sint
861 3146 943 3218 longi
971 3145 1064 3219 pedes
1087 3145 1182 3204 binos.
1235 3140 1271 3205 0.
1303 3145 1339 3206 8:
1367 3145 1435 3202 hacc

280 3241 372 3304 facito
395 3245 439 3303 ati
462 3249 611 3318 serantur,
634 3241 688 3304 ubi
713 3244 786 3302 tusc
808 3239 1010 3304 accusativus
1032 3245 1092 3316 cst
1115 3245 1151 3302 ut
1173 3256 1212 3302 ex
1241 3238 1437 3320 praegressis

280 3343 379 3419 patet,
404 3357 539 3418 quorum
562 3338 722 3418 appositio
745 3342 802 3401 est.
840 3335 1068 3401 Schneiderus:
1092 3337 1162 3415 „td
1184 3334 1298 3417 plures
1314 3354 1435 3402 accusa·

279 3437 360 3501 tivos
383 3439 475 3511 facito
497 3434 609 3500 referri
631 3435 738 3515 debet,
761 3453 851 3500 more
870 3434 1011 3513 antiquo,
1035 3451 1127 3513 qnam
1151 3433 1314 3497 Plautinis
1337 3452 1434 3497 erem·

277 3534 339 3616 plis
362 3535 471 3599 multis
494 3533 668 3598 illustravit
689 3533 863 3612 Gesnerus,
885 3533 1017 3595 laudata
1039 3531 1134 3595 etiam
1157 3531 1281 3596 Sanctii
1297 3531 1434 3596 Minerva

278 3651 349 3698 cum
373 3633 457 3696 crutis
480 3630 638 3696 Perizonii
666 3630 708 3709 ll,
732 3637 762 3710 5,
786 3638 813 3694 5.
837 3630 954 3694 Atticis
977 3628 1089 3693 eadem
1117 3629 1199 3692 ratio
1230 3629 1358 3694 dicendi
1381 3629 1435 3692 init

276 3729 473 3794 familiaris.“
516 3727 550 3793 (l.
578 3733 629 3793 18:
654 3731 838 3805 superiorem
862 3736 978 3805 partem
1007 3731 1144 3790 arborum
1175 3731 1288 3801 digitos
1318 3749 1372 3790 sex
1397 3733 1433 3789 al·

277 3838 336 3891 tam
360 3831 451 3890 facito
474 3836 507 3889 ut
529 3831 595 3890 siet.
640 3824 674 3890 Ο.
699 3831 756 3890 32:
782 3829 905 3887 Vineam
928 3829 971 3887 sic
994 3826 1086 3886 facito
1109 3829 1153 3886 uti
1169 3839 1305 3888 curetur.
1331 3825 1365 3889 (l.
1381 3831 1433 3889 41:

275 3930 338 3989 an
366 3931 501 3989 surculos
530 3926 622 3986 facito
651 3928 711 3985 aiut
738 3926 817 3999 longi
845 3926 939 4000 pedes
968 3925 1063 3984 binos.
1109 3921 1141 3986 C.
1166 3927 1223 3987 76:
1248 3925 1432 4000 Oaseamque

274 4042 332 4102 per
356 4026 485 4085 cribrum
509 4024 600 4084 tacito
623 4030 757 4084 transcat
779 4027 809 4083 in
826 4026 1007 4084 mortarium.
1040 4018 1074 4083 0.
1095 4025 1170 4084 133:
1193 4023 1239 4081 Eo
1256 4025 1346 4083 modo
1362 4022 1433 4097 quod

274 4125 319 4184 vis
341 4140 433 4198 genus
456 4124 593 4182 arborum
617 4121 719 4182 iacere
741 4124 865 4197 poteris,
890 4125 932 4181 nti
955 4123 1074 4180 radices
1089 4120 1165 4179 bene
1182 4122 1325 4181 habeant.
1349 4118 1383 4182 C.
1400 4123 1432 4180 5:

273 4217 358 4294 prius
381 4222 480 4280 uillam
503 4221 603 4280 videat
625 4221 729 4280 clausa
752 4223 794 4279 uti
818 4223 894 4282 siet..
928 4217 1078 4281 Fortasse
1102 4222 1228 4295 spectat
1253 4215 1317 4280 huc
1340 4219 1428 4279 etima

274 4332 301 4377 c.
325 4320 378 4380 38:
402 4319 503 4392 ignem
526 4326 630 4376 caveto
654 4335 690 4375 ne
714 4320 896 4377 intermittas
920 4319 990 4392 quin
1014 4333 1132 4391 semper
1155 4318 1205 4378 sit.
1251 4313 1332 4379 Cato
1348 4313 1425 4394 apud
