3125 5075
286 345 331 410 20
722 331 851 373 VERBUH.
877 328 942 371 ΟΔΡ.
955 331 1018 371 vul.

289 525 379 593 Tunc
418 527 587 603 praeterea
616 525 738 585 Nubere
775 540 839 587 non
872 526 923 587 est
955 519 1118 600 passivum
1149 539 1255 603 neque
1290 520 1442 604 signifieat

289 626 405 704 operiri
426 626 460 686 et
481 624 552 699 tegi,
575 621 632 686 scd
654 625 774 699 operire
798 626 831 685 et
845 617 980 696 tegere.“
1025 620 1074 684 Dc
1089 618 1277 700 gerundivis
1293 623 1443 696 pluendo,

285 723 454 801 pacanda,
477 736 560 800 quae
581 736 645 784 nou
667 723 815 799 spectant
829 719 869 783 ad
885 716 1056 797 passivum,
1079 737 1109 780 v.
1126 735 1151 782 c.
1167 716 1207 795 X,
1231 714 1297 799 §l-
1345 718 1444 786 Minna

290 818 431 898 offendit,
461 817 547 898 quod
568 817 688 883 dictum
712 821 763 882 cst
780 834 802 880 a
821 816 937 881 Plauto
959 813 1156 879 Menaecbm.
1180 814 1219 894 V,
1242 820 1274 896 6,
1299 821 1356 882 31:
1399 819 1445 880 Set

290 928 391 981 metuo
415 936 452 979 ne
475 935 543 980 sero
565 918 682 978 ueniam
703 917 869 991 depupacto
885 916 1010 989 proelia
1032 932 1105 979 cum
1127 913 1187 977 hoc
1208 913 1251 977 ad
1271 914 1445 996 analogium

291 1014 416 1082 aeduae
445 1012 691 1078 constructionis
712 1032 841 1090 pugnem
854 1032 987 1090 pugnare
1009 1011 1128 1077 dictum
1152 1011 1204 1091 sit,
1226 1011 1334 1077 minus
1358 1013 1447 1078 etiun

293 1113 421 1180 Terent.
444 1110 523 1175 Het-
547 1109 590 1188 ll,
616 1114 644 1187 l,
668 1115 701 1174 3:
748 1115 852 1189 Neque
882 1112 1059 1172 declinatam
1081 1113 1240 1187 quidquam
1263 1112 1304 1186 ab
1327 1114 1446 1175 eliam

290 1215 411 1291 ingenio
439 1213 531 1272 ullam
561 1210 729 1286 reperiasl,
759 1208 845 1288 quod
867 1208 1024 1274 Fuuccius
1053 1208 1094 1271 ad
1122 1206 1204 1288 legg.
1227 1205 1294 1272 ΧΠ
1317 1206 1444 1286 tebbl

290 1309 330 1378 fr.
359 1315 377 1374 9
411 1306 550 1388 explieat
582 1325 659 1383 quae
694 1308 909 1382 declinaverit,
943 1324 1016 1371 num
1049 1305 1211 1370 invenitur
1242 1305 1342 1371 etiam
1379 1325 1447 1370 usus

293 1406 483 1475 tranativus
504 1404 594 1469 verbi
616 1406 778 1468 declinare.

378 1503 486 1569 Etiam
508 1501 677 1567 verborum
696 1521 791 1580 posse,
813 1505 907 1577 quire,
928 1506 1050 1578 sequare
1071 1518 1091 1564 a
1108 1501 1223 1581 priscis
1238 1502 1449 1583 scriptoribus

292 1602 423 1687 passiva
453 1605 608 1680 usurpata
634 1599 709 1664 sunt
738 1599 906 1665 coniuncta
932 1618 1003 1664 cum
1032 1598 1195 1665 infinitivis
1226 1600 1360 1680 passivi
1401 1600 1446 1665 Sic

295 1701 426 1783 scripsit
439 1696 518 1764 Cato
543 1696 578 1760 R.
591 1696 630 1759 R.
653 1715 680 1763 c.
700 1704 774 1763 154:
798 1702 843 1760 nti
864 1700 1025 1772 &casservi
1042 1702 1184 1776 poscitur,
1208 1698 1264 1764 ubi
1282 1698 1447 1764 Schneide-

294 1820 366 1867 rus:
411 1796 516 1876 „Loca
538 1793 633 1860 Nonii
656 1794 688 1859 in
711 1806 860 1872 possetint,
889 1800 1058 1877 poteratur
1083 1802 1117 1861 et
1137 1803 1290 1877 potestur
1314 1793 1441 1861 laudnt

295 1896 467 1972 Victorius,
502 1896 539 1956 ut
571 1892 711 1972 doceret,
744 1900 871 1959 veteres
907 1893 953 1958 itu
984 1892 1109 1959 locutos
1141 1893 1251 1958 fuisse.
1312 1894 1350 1960 In
1377 1890 1439 1958 cdd.

296 1992 436 2073 antiquis
471 1997 542 2056 erat
574 1994 670 2056 antea
700 1995 805 2068 possit.
840 1995 888 2054 Ad
924 1996 1024 2055 imum.
1079 1994 1123 2058 At
1151 1992 1261 2057 statim
1294 1992 1443 2073 sequitur:

294 2096 392 2171 possit
414 2138 422 2152 .
447 2099 479 2152 ct
501 2092 539 2152 cd
560 2108 704 2151 sumnum
728 2137 735 2152 .
759 2090 813 2154 ubi
836 2090 958 2169 pariter
980 2089 1204 2170 corrigendum
1227 2096 1303 2156 erat
1324 2092 1443 2169 poscitur

296 2241 305 2256 .
328 2192 367 2253 cd
390 2208 540 2253 summunt
585 2184 665 2251 Nam
689 2205 752 2252 non
775 2186 925 2253 credibile
948 2193 999 2253 est
1021 2185 1172 2253 Catonem
1192 2190 1225 2253 in
1246 2189 1362 2254 eodem
1383 2186 1442 2251 loeo

296 2289 456 2355 diversam
484 2284 630 2367 posuisse
656 2282 825 2348 formam.“
876 2286 971 2350 Ennii
1000 2287 1103 2351 annal.
1133 2287 1193 2352 inc.
1224 2287 1315 2353 sedis
1342 2284 1441 2365 duan

298 2391 374 2452 129:
404 2404 460 2448 nec
486 2386 602 2447 reboet
624 2434 630 2446 .
655 2433 663 2447 .
687 2433 693 2446 .
713 2389 848 2458 presta
876 2388 1024 2461 Imperiis.
1074 2383 1258 2462 (Diomedes
1285 2384 1340 2450 lib.
1369 2384 1440 2462 lp.

300 2490 363 2551 380
380 2501 462 2566 sqq:
496 2482 597 2563 „Item
620 2484 766 2561 potestur
789 2481 874 2563 apud
896 2482 1034 2549 Ennium
1055 2483 1247 2566 reperimus:
1272 2484 1352 2549 nec“
1374 2500 1401 2547 e.
1419 2497 1442 2561 q.

302 2588 356 2662 at:
405 2586 454 2647 Eu
485 2581 541 2646 lib.
574 2579 599 2643 1.
633 2579 711 2660 orig.
740 2578 870 2645 Catonis
902 2582 1018 2647 Festus
1051 2600 1081 2663 p.
1112 2587 1185 2647 162:
1233 2585 1442 2661 Nequitumel

298 2685 441 2760 nequitur
473 2697 531 2760 pro
564 2696 627 2742 non
660 2695 755 2756 posse
788 2677 938 2744 dicebant
961 2729 1000 2744 ..
1046 2679 1125 2745 Cato
1155 2681 1316 2762 originum
1343 2680 1397 2745 lib.
1421 2677 1442 2740 l:

298 2790 510 2860 praeterquam
537 2779 616 2855 quod
637 2777 776 2838 Termino
804 2777 905 2838 fanum
929 2779 994 2853 fuit,
1023 2781 1053 2839 id
1080 2782 1234 2853 aequitum
1257 2779 1441 2855 eceuparari

301 2877 405 2942 Plaut.
436 2874 547 2956 fragm.
575 2873 682 2938 Satur.
704 2891 737 2953 p.
760 2879 833 2950 483,
857 2894 884 2937 v.
909 2879 944 2939 3:
989 2880 1114 2938 Retrahi
1140 2881 1281 2954 nequitur
1310 2873 1442 2958 (Festi

303 2973 353 3055 a).
402 2972 518 3039 Caecil.
555 2971 636 3038 stat
668 2972 729 3041 inc.
767 2970 828 3036 leb.
862 2971 973 3053 iragrn.
1006 2979 1046 3038 29
1078 2976 1132 3049 (23
1161 2975 1284 3051 Rothi:
1335 2979 1368 3038 si
1396 2992 1441 3035 non
1482 2978 1483 2983 ’

300 3074 411 3146 earclrt
439 3075 550 3147 quitur.
595 3070 748 3145 (Diomcd.
776 3069 854 3149 Lp.
872 3075 962 3143 1380).
1007 3071 1136 3137 Terent.
1165 3073 1244 3138 Hec.
1267 3072 1325 3153 IV,
1350 3079 1377 3152 l,
1399 3076 1442 3137 bl:

301 3171 398 3234 forma
419 3173 449 3232 in
472 3174 605 3232 tenebris
627 3170 708 3231 nosci
729 3188 788 3229 non
811 3171 928 3242 quituat.

386 3274 416 3332 l.
439 3286 465 3333 c.
510 3267 548 3332 In
571 3273 714 3332 extrema
736 3265 795 3331 hac
817 3266 857 3330 de
878 3268 1005 3347 passivo
1028 3267 1243 3347 disputatione
1264 3269 1444 3352 significatio

300 3369 443 3442 remica
472 3365 542 3431 eius
571 3364 846 3431 commemoranda
873 3371 932 3443 est,
959 3370 1094 3445 cognata
1116 3366 1314 3433 Graecorum
1342 3368 1447 3444 medio,

300 3466 392 3533 cuius
420 3465 547 3546 generis
574 3463 672 3529 verbu
697 3469 847 3527 accurate
873 3461 1002 3543 collegit
1028 3463 1230 3547 Noeltingius
1259 3466 1300 3532 de
1331 3469 1445 3550 depp

304 3567 428 3628 18-29
458 3561 568 3626 multis
593 3559 671 3626 locis
699 3565 732 3624 et
758 3560 934 3640 priscorum
961 3569 995 3625 et
1023 3565 1237 3628 recentiorum
1260 3566 1445 3647 scriptorum

300 3660 423 3747 allatis,
456 3677 536 3741 quus
570 3676 653 3724 nunc
685 3667 835 3738 repetere
866 3659 1069 3738 supersedeo.
1125 3660 1214 3726 Adde
1246 3669 1356 3729 amen
1388 3663 1447 3728 eius

303 3757 456 3837 exemplis
484 3757 587 3822 Pleut.
617 3754 730 3835 Amplc
759 3755 786 3834 l,
817 3762 843 3836 l,
872 3763 926 3821 83:
974 3762 1009 3820 In
1037 3759 1134 3835 fugam
1162 3768 1210 3822 set
1238 3770 1341 3826 tamen
1369 3781 1446 3825 neno

301 3860 484 3922 conuertitur
505 3863 538 3921 et
560 3853 688 3919 Terent.
712 3853 840 3933 Phorm,
862 3854 904 3933 ll,
928 3860 958 3933 2,
980 3862 1000 3920 4
1023 3860 1190 3934 adcingere

390 3963 419 4022 5,
462 3954 707 4028 Brevibiqaeatio
736 3952 893 4033 quaedam
920 3955 1024 4018 oritur
1053 3954 1086 4019 in
1115 3958 1233 4025 obicao,
1262 3958 1350 4037 quod
1371 3974 1445 4024 con-

303 4055 451 4136 pluribus
473 4053 581 4118 uerbis
602 4069 752 4114 emmane
773 4057 825 4114 est
840 4051 981 4117 diversos
996 4070 1090 4118 casus
1105 4053 1293 4134 regentibus
1308 4065 1343 4121 et
1357 4051 1444 4121 senei

302 4159 426 4220 tantum
457 4151 596 4234 ponitur.
640 4149 692 4214 Sic
715 4144 795 4212 Catu
816 4148 853 4211 lt.
878 4149 916 4213 lt.
940 4168 965 4215 c.
990 4157 1022 4215 5:
1068 4154 1216 4213 rumam
1244 4158 1322 4217 nale
1346 4176 1383 4217 ne
1403 4157 1443 4223 cit,

302 4274 341 4316 ue
371 4259 479 4330 algeat,
508 4268 545 4312 ne
571 4251 697 4325 esuriat,
727 4267 818 4324 opere
849 4251 924 4310 bene
955 4259 1095 4312 exerceat
1123 4250 1192 4327 (ubi
1222 4257 1331 4317 mente
1359 4252 1442 4317 adde:

300 4359 391 4424 eum).
436 4350 563 4414 Terent.
587 4344 721 4426 Adelph.
744 4344 769 4425 Ι,
794 4352 823 4425 2,
846 4350 901 4411 65:
946 4350 1055 4410 Verum
1084 4352 1109 4410 si
1136 4368 1259 4426 augeam
1280 4356 1343 4414 Aut
1364 4355 1441 4414 eu'au
