3125 5075
572 1469 852 1573 Praefatio.

648 1683 815 1694 ——m

213 1822 251 1887 In
267 1823 484 1888 describenda
498 1821 558 1888 hac
573 1824 697 1904 syntaxi
713 1823 891 1904 priscorum
907 1824 1097 1905 scriptorum
1111 1823 1297 1888 Latinorum

132 1931 239 2010 idegi,
249 1938 362 1997 utnon
374 1934 479 1998 solnm
491 1934 545 2013 qui
558 1938 645 1999 esset
652 1952 729 1999 usus
738 1933 889 2015 loquendi
897 1935 1094 2016 singulorum
1103 1934 1297 2014 scriptorum

138 2057 161 2103 a
183 2042 298 2120 primis,
322 2061 410 2124 quae
432 2049 557 2125 extant,
579 2044 745 2109 literarum
769 2044 983 2109 Romanarum
1006 2043 1219 2110 monumentis
1241 2060 1296 2107 ns-

134 2168 199 2233 que
224 2153 264 2218 ad
285 2154 320 2219 P.
346 2153 529 2219 Terentium
553 2155 680 2233 Afrum,
710 2154 888 2219 sedetiam
915 2173 996 2236 quoe
1019 2155 1168 2235 loquendi
1199 2153 1297 2220 ratio·

125 2280 186 2328 nes
216 2269 317 2345 atque
339 2263 495 2330 formulae
517 2267 656 2331 omnium
681 2265 889 2346 scriptorum,
913 2265 966 2345 qui
989 2264 1116 2346 quidem
1140 2264 1200 2328 huc
1223 2282 1295 2345 per·

132 2375 258 2453 tinent,
286 2393 469 2440 communes
491 2382 612 2455 essent,
641 2393 723 2455 quae
746 2383 859 2441 contra
880 2374 1078 2457 singulorum
1106 2375 1296 2454 scriptorum

131 2484 289 2567 propriae
319 2504 358 2552 ac
384 2485 576 2568 peculiares,
610 2486 746 2568 denique
776 2504 859 2568 quae
886 2485 1022 2552 saeculis
1048 2483 1299 2569 procedentibus

129 2596 258 2661 sensim
284 2603 427 2662 mutatae
456 2603 553 2677 atque
583 2597 663 2662 aliae
690 2598 796 2664 factae
821 2603 942 2677 essent,
977 2598 1062 2663 clare
1094 2616 1131 2663 ac
1157 2594 1298 2661 dilucide

131 2707 385 2787 perspiceretur.
434 2706 526 2785 Quod
558 2716 595 2771 ut
632 2706 807 2788 efficerem,
845 2713 1023 2790 temporum
1054 2709 1177 2773 ratione
1199 2713 1298 2786 atque

133 2816 253 2880 ordine
276 2817 306 2881 in
329 2818 511 2899 digerendis
533 2823 566 2883 et
587 2815 755 2883 afferendis
778 2820 932 2898 exemplis
954 2825 988 2884 et
1008 2819 1086 2885 loeis
1103 2818 1298 2898 scriptorum

137 2925 223 2989 mibi
253 2929 401 2993 utendum
423 2928 523 2994 fuisse
547 2934 789 2994 consentaneum
814 2935 873 2995 est.
919 2930 970 2995 lta
992 2935 1100 2995 autem
1122 2929 1182 2994 hac
1207 2930 1239 2992 in
1262 2946 1299 2993 re

146 3043 293 3101 versatus
316 3057 383 3103 snm
412 3042 461 3117 (et
483 3043 534 3105 est
555 3039 605 3104 hic
627 3040 727 3120 labor,
751 3039 822 3105 aliis
845 3040 959 3106 studiis
982 3046 1016 3105 et
1038 3039 1299 3120 occupationibus

139 3162 243 3226 saepe
273 3147 485 3226 intermissus,
521 3149 578 3215 sed
599 3168 725 3232 semper
748 3151 851 3216 denuo
874 3158 1059 3230 reuocatus,
1091 3151 1164 3232 plns
1187 3149 1300 3231 viginti

135 3260 319 3338 annorum),
342 3267 380 3325 nt
397 3261 546 3342 primum,
569 3278 777 3340 quaecunque
794 3266 905 3326 extant
917 3261 1082 3327 literarum
1097 3266 1301 3326 monumenta

138 3367 355 3434 Romanarum
388 3391 408 3436 a
429 3372 539 3451 primis
568 3370 744 3453 originibus
766 3371 895 3452 linguae
918 3371 1082 3452 usquead
1104 3370 1302 3447 Terentium,

139 3488 290 3544 accurate
328 3481 526 3562 perlegerem
565 3487 599 3545 et
636 3499 718 3562 qnae
755 3482 796 3546 ad
825 3482 970 3564 syntasin
993 3500 1103 3546 eornm
1126 3481 1301 3562 pertinent,

138 3591 337 3669 adnotarem,
360 3591 475 3656 deinde
499 3609 575 3655 vero
598 3593 695 3657 etiam
715 3594 942 3673 grammaticae
957 3592 1076 3658 latinae
1091 3593 1266 3673 scriptores
1280 3609 1303 3655 a

138 3700 271 3766 Sanctio
281 3700 541 3766 etRuddimanno
551 3720 651 3784 usque
661 3702 703 3767 ad
710 3708 821 3767 nostra
828 3709 1098 3785 temporaomnes,
1111 3703 1165 3783 qui
1173 3700 1300 3783 quidem

137 3812 249 3893 magni
279 3812 431 3876 momenti
462 3817 552 3892 sunt,
583 3819 814 3894 pertractarem
843 3820 876 3878 et
898 3831 980 3895 quae
1003 3814 1094 3878 utilia
1117 3812 1302 3892 invenirem,

138 3924 170 3986 in
201 3940 296 3986 usum
319 3940 423 3987 meum
447 3930 676 3990 converterem.
721 3924 759 3988 ln
781 3924 925 4006 legendis
948 3925 1159 4007 scriptoribus
1182 3923 1300 4004 ubique

144 4033 287 4112 optimis,
316 4050 397 4113 quae
421 4039 547 4113 extant,
570 4036 762 4101 adiumentis
785 4042 819 4102 et
838 4034 1030 4100 editionibus
1052 4053 1129 4100 usus
1153 4052 1234 4116 sum,
1256 4036 1303 4100 sic

144 4141 175 4204 in
194 4143 320 4224 legibus
343 4143 407 4208 llll
428 4144 515 4208 tabb.
539 4146 699 4211 Dirksenii
723 4146 804 4211 libro
827 4146 1080 4225 accuratissimo,
1110 4145 1239 4225 deinde,
1268 4145 1302 4210 in

142 4256 328 4319 universum
362 4254 448 4335 quod
477 4255 593 4321 attinet
619 4257 660 4321 ad
686 4257 810 4337 priscos
837 4258 1025 4338 scriptores,
1063 4257 1183 4339 Eggeri
1211 4256 1302 4321 latini

138 4365 301 4430 sermonis
326 4365 511 4432 vetustioris
538 4365 696 4447 reliquiis,
724 4373 793 4431 tum
821 4367 851 4430 in
880 4366 1062 4432 oratoribus
1088 4367 1234 4450 Meyero,
1269 4366 1303 4433 in
