3125 5075
517 395 604 434 CASUS
623 396 889 438 suusnautwoauu.
904 418 929 427 —
949 398 1051 439 ABLAT.
1301 408 1358 465 139

202 567 294 648 ul,
315 571 354 632 5:
378 568 497 630 musi
519 586 654 647 umquam
671 572 750 635 lilius
765 574 833 647 erit,
856 592 892 634 ne
915 574 966 635 ille
987 573 1073 647 sacili
1094 577 1359 649 meutetarpotre.

201 663 302 732 rhua
324 663 418 731 Acin.
440 663 480 744 V,
504 668 534 742 2,
556 669 613 731 68:
648 679 682 730 ut
709 673 787 732 sinat
816 672 888 733 Sese
918 674 1051 754 alternas
1084 690 1150 733 cnm
1178 672 1232 734 illo
1261 673 1359 733 noetis

200 767 253 830 lue
273 766 354 840 trad.
399 759 529 828 Terent.
546 763 679 847 Adelph.
699 766 738 845 V,
763 771 794 845 8,
818 772 873 831 27:
895 771 973 830 Huic
995 769 1098 831 demus
1120 767 1286 850 (agellum)
1307 771 1360 844 osai

199 865 330 940 [saw.
379 859 485 927 Plaut.
509 861 623 929 Pseud.
648 863 701 944 iv,
730 869 759 944 6,
784 871 818 932 9:
853 868 908 928 Ille
938 869 1025 929 hodie
1052 869 1077 929 si
1105 867 1158 928 iilo
1187 869 1227 928 sit
1248 869 1361 941 potitae

198 965 329 1026 nuere.
378 959 460 1026 Rud.
490 959 545 1040 lv,
576 965 605 1042 2,
635 966 670 1026 6:
708 983 784 1041 quae
814 997 856 1007 —
885 966 1009 1029 Ρίεεαιιε
1027 983 1101 1025 novo
1128 983 1174 1026 me
1189 967 1273 1026 obem
1293 983 1360 1026 con·

196 1061 310 1139 petiuit

283 1155 336 1222 Ad
353 1153 533 1238 analogiam
553 1157 643 1223 verbi
665 1161 711 1220 ati
731 1158 827 1223 etiam
843 1178 915 1222 εειιε
929 1166 972 1222 εει
992 1177 1063 1223 cum
1083 1157 1223 1224 ablativo
1237 1156 1358 1223 instru-

207 1253 297 1320 menti
320 1252 540 1335 coniungitur.
584 1252 664 1320 Cato
687 1256 723 1321 R.
747 1257 784 1323 R.
808 1274 834 1321 c.
857 1261 913 1323 68:
942 1262 1027 1335 quoin
1048 1277 1120 1320 usus
1143 1260 1210 1320 erit.
1256 1255 1360 1322 Plant

211 1351 314 1418 Pseud.
340 1351 369 1433 Ι,
393 1356 423 1431 3,
449 1356 526 1416 151:
558 1355 605 1416 Ad
634 1374 697 1417 eam
721 1374 784 1417 rem
806 1361 907 1419 εεεεεεει
927 1358 1043 1417 hmine
1068 1361 1164 1417 astuto
1186 1357 1268 1416 docto
1289 1358 1360 1416 scito

210 1461 236 1514 ει
252 1451 372 1514 muido.
418 1449 506 1514 Asin.
530 1449 555 1529 Ι,
581 1456 607 1529 1,
632 1455 686 1517 76:
717 1456 832 1529 Vicina
854 1458 912 1517 iam
935 1459 1020 1516 ιεειεει
1039 1455 1101 1515 filio
1124 1457 1239 1531 argenti
1263 1454 1360 1515 minio.

205 1547 315 1614 Bacch.
332 1546 392 1626 IV,
409 1553 437 1628 5,
460 1553 494 1613 3:
516 1552 569 1612 Set
591 1570 668 1613 nune
692 1555 855 1613 truculento
878 1556 917 1613 ml
940 1561 1030 1629 atque
1053 1570 1140 1614 soevo
1161 1570 1234 1613 casae
1254 1558 1359 1613 εεηεει.

204 1645 316 1712 Bacela
334 1644 392 1725 lv,
410 1652 440 1726 4,
463 1651 518 1711 55:
542 1651 633 1710 Militi
655 1653 784 1711 nummis
805 1651 939 1713 anomia
960 1653 1019 1712 iam
1041 1668 1130 1712 ειεεειε
1151 1655 1194 1711 εει
1214 1668 1270 1726 pro
1285 1652 1360 1710 Bao-

205 1747 298 1807 rlide.
347 1743 443 1810 Most.
466 1745 492 1825 1,
517 1749 546 1824 3,
568 1751 624 1811 93:
645 1750 760 1821 apccoto
782 1752 811 1809 ei
832 1767 904 1810 laeua
933 1754 983 1810 εει.
1029 1745 1144 1812 Bacch.
1168 1744 1223 1824 IV,
1250 1749 1280 1823 9,
1302 1749 1361 1808 47:

204 1845 288 1906 llunc
310 1846 416 1906 αιιεήε
438 1848 528 1906 etiam
551 1845 683 1907 coemto
704 1864 791 1907 ειεεειε
813 1852 863 1908 εει.
897 1844 1011 1910 Pseud.
1029 1844 1054 1925 Ι,
1074 1849 1102 1922 2,
1119 1849 1176 1910 49:
1202 1845 1284 1919 Quor
1307 1859 1362 1920 ego

207 1951 316 2004 vestem
341 1960 445 2003 aurum
468 1949 557 2019 etque
581 1962 617 2004 ea
639 1945 744 2018 pacibus
770 1950 813 2006 εει
834 1948 916 2007 vobis
942 1963 1028 2006 εεεειεε
1050 1944 1232 2022 praehibeo?
1275 1940 1362 2005 Non·

208 2038 302 2106 nullis
324 2039 418 2118 locis,
442 2055 521 2119 quos
544 2039 605 2103 iam
629 2058 742 2122 supra,
765 2060 836 2105 eum
860 2042 899 2106 de
922 2041 1114 2106 nominativo
1137 2039 1289 2121 agebam,
1313 2043 1362 2102 at·

208 2136 274 2214 tull,
296 2136 427 2202 dubium
452 2155 522 2202 esse
545 2143 653 2219 potest
674 2145 783 2204 utrum
806 2157 889 2204 nom.
912 2157 952 2203 an
975 2137 1036 2204 abl.
1060 2136 1156 2220 positi
1178 2136 1250 2202 sint.
1281 2135 1363 2201 Sunt

209 2242 312 2301 antem
335 2235 383 2299 hl:
408 2233 490 2299 Rud.
506 2234 561 2312 lv,
580 2242 611 2316 4,
633 2242 687 2302 39:
710 2240 778 2298 Hoc
801 2256 895 2314 neque
915 2241 985 2299 istic
1007 2241 1092 2298 usust
1112 2244 1144 2297 et
1164 2238 1211 2296 illi
1233 2238 1362 2295 miserae

212 2337 362 2411 suppetias
385 2333 472 2395 feret.
518 2331 584 2398 ldil.
606 2334 664 2414 ΙΠ,
691 2341 718 2413 Ι,
745 2339 818 2399 195:
844 2337 897 2397 Set
919 2336 988 2412 quid
1011 2352 1046 2394 ec
1067 2352 1139 2395 aare
1160 2334 1225 2396 eat?
1269 2329 1362 2395 Cure.

213 2431 268 2509 ΙΙΙ,
292 2437 346 2497 13:
370 2452 441 2494 usus
464 2441 511 2494 est
533 2436 668 2509 pecunia.
714 2432 868 2497 Addimus
897 2429 1055 2512 exempla,
1089 2430 1143 2496 ubi
1176 2429 1295 2510 pendet
1323 2426 1364 2492 ab

216 2550 281 2593 aeas
306 2536 351 2593 εει
379 2528 537 2596 ablativus
563 2530 722 2611 participii
749 2529 883 2612 perlecti
910 2529 1042 2611 passivi,
1076 2534 1133 2594 aut
1160 2526 1307 2593 absolute
1332 2524 1364 2589 in

218 2647 328 2709 genere
350 2634 464 2694 neutro
488 2627 658 2710 singularis
679 2630 804 2709 positus
827 2635 884 2693 aut
906 2629 1092 2694 coniunctus
1115 2645 1185 2692 curn
1216 2624 1365 2691 substan·

218 2728 286 2792 tivo.
334 2725 410 2792 cist.
427 2727 452 2807 Ι,
469 2732 497 2806 2,
516 2733 567 2792 10:
591 2732 704 2790 Tacere
728 2747 843 2804 nequeo
866 2730 985 2803 misera,
1009 2731 1086 2806 quod
1109 2729 1290 2789 aurorane
1312 2729 1363 2784 εει.

217 2825 324 2908 dmpln
349 2825 376 2904 1‚·
398 2830 427 2892 3.
451 2832 485 2890 7:
521 2829 615 2888 Citius
643 2827 721 2902 qnod
744 2846 802 2887 non
826 2828 932 2900 factost
952 2845 1024 2888 εεεειε
1053 2828 1088 2887 fit
1110 2843 1196 2903 quam
1220 2824 1298 2899 quod
1322 2820 1364 2881 la·

216 2935 290 2988 otost
311 2945 396 3004 opus.
440 2924 524 2989 Men.
548 2923 584 3004 V,
608 2929 637 3004 2,
663 2930 694 2987 1:
730 2927 769 2987 Ut
800 2934 882 2986 aetas
911 2935 1006 2987 meast
1033 2933 1121 3002 atque
1149 2930 1182 2983 ut
1209 2924 1265 2984 hoe
1293 2937 1365 2981 ueto

217 3024 328 3096 factost,
350 3022 405 3087 nbi
429 3026 483 3085 hoo
505 3022 607 3103 possit
630 3022 725 3086 etiam
748 3021 908 3087 ablativus
931 3040 1018 3103 esse,
1041 3021 1098 3087 sed
1121 3020 1267 3101 analogia
1290 3034 1363 3082 sua-

211 3119 271 3199 det,
295 3128 334 3186 nt
355 3120 585 3184 nominativum
607 3120 714 3200 potius
737 3126 925 3184 statuamus.
963 3118 1078 3184 Bacch.
1095 3118 1151 3198 IV,
1166 3123 1196 3193 4,
1212 3122 1269 3182 97:
1294 3119 1364 3193 qnid

208 3221 270 3282 mo
296 3221 336 3282 ad
363 3222 460 3281 istunc
487 3225 587 3280 ιεεεεεει
611 3221 784 3293 concepte
811 3221 927 3280 modum
950 3220 1015 3278 —l
1058 3215 1174 3281 Pseud.
1198 3214 1224 3295 Ι,
1255 3221 1281 3290 Ι,
1307 3218 1363 3278 48;

211 3320 302 3393 Quam
326 3320 425 3380 subito
448 3322 569 3393 arpenta
591 3321 629 3378 mi
651 3335 737 3378 usaue
758 3320 877 3376 invento
898 3319 960 3378 siet.
1004 3314 1133 3379 Terent.
1158 3312 1235 3378 Hec.
1252 3310 1311 3390 ΙΙΙ,
1338 3317 1364 3391 l,

208 3423 260 3482 47:
297 3437 358 3478 non
386 3436 458 3478 caua
479 3418 588 3491 factost
608 3418 679 3476 mihi
703 3435 781 3476 nuno
805 3418 882 3476 hunc
905 3418 986 3475 intro
1009 3415 1100 3489 sequi.
1146 3409 1280 3492 Adelph.
1303 3407 1362 3488 ΙΙΙ,

209 3518 235 3594 3,
258 3520 318 3579 75:
341 3522 374 3576 et
395 3534 501 3577 moneo
524 3515 594 3591 quid
616 3514 695 3587 sacto
717 3532 789 3574 usuc
810 3515 857 3573 ait.
903 3511 979 3576 Hec.
996 3508 1033 3590 V,
1049 3516 1080 3590 4,
1101 3512 1157 3573 38:
1180 3514 1226 3570 An
1249 3516 1363 3570 temero

209 3618 363 3691 quicquam
387 3616 533 3674 Parmeno
555 3620 729 3689 praetereat
750 3613 829 3688 qnod
851 3612 930 3684 sacto
953 3628 1025 3673 usus
1046 3610 1105 3670 ait?

289 3710 399 3775 Etiam
421 3730 493 3787 opus
515 3715 558 3773 εει
577 3709 781 3790 coniungitur
804 3727 874 3773 cum
898 3706 959 3772 abl.
986 3704 1205 3783 instrumenti,
1239 3721 1312 3768 nam
1336 3702 1364 3769 si

209 3808 325 3875 dicit-ur
347 3828 420 3884 opus
442 3815 485 3871 εει
506 3811 608 3884 atiquo
630 3827 678 3876 re,
700 3808 746 3871 ita
770 3805 830 3872 hoc
853 3808 1022 3888 cogitatur,
1045 3804 1136 3885 quasi
1158 3803 1297 3886 positum
1320 3803 1363 3867 sit

210 3926 277 3983 opas
299 3910 335 3981 fit
355 3910 419 3969 aive
440 3909 594 3980 confidem
616 3906 721 3981 clipea
743 3924 784 3967 re.
829 3904 970 3970 Naevius
992 3903 1030 3968 lr.
1053 3905 1113 3969 inc.
1136 3907 1217 3981 trag.
1241 3905 1276 3965 9:
1303 3902 1364 3962 Ne·

208 4009 312 4069 niuem
335 4008 395 4069 vidi
418 4008 468 4083 qui
492 4025 615 4068 numero
638 4008 744 4080 sciret,
772 4022 858 4081 quam
883 4022 940 4077 quo
961 4004 1033 4064 scito
1051 4006 1142 4078 opusc
1177 3998 1258 4064 Cato
1273 3997 1310 4062 R.
1327 3997 1363 4062 R

210 4108 283 4169 ot:
307 4123 383 4181 qnae
406 4120 480 4179 opus
500 4105 578 4165 sient
598 4104 699 4171 locato
722 4106 867 4164 locentur.
905 4100 943 4164 In
966 4098 1098 4178 talibus,
1121 4097 1175 4163 uni
1197 4094 1258 4162 abl.
1280 4100 1363 4176 part

212 4199 286 4280 pert
314 4218 400 4282 pase.
428 4201 462 4265 in
489 4218 604 4281 genere
631 4206 746 4265 neutro
769 4199 895 4280 positus
919 4203 983 4275 est,
1015 4197 1092 4262 item
1120 4202 1157 4261 nt
1184 4194 1270 4276 apud
1290 4213 1364 4259 aeos

211 4305 258 4369 εει,
279 4298 339 4366 hoc
359 4297 566 4382 participium
597 4299 687 4379 quasi
716 4296 849 4363 ablativi
871 4294 1017 4361 infinitivi
1045 4300 1154 4376 partes
1183 4293 1264 4374 agit,
1300 4295 1363 4360 vid.

212 4394 302 4462 uos.
323 4399 364 4464 od
386 4395 506 4477 Reisig.
529 4413 558 4477 p.
584 4400 656 4475 233,
680 4397 786 4461 adnot.
811 4399 882 4460 275.
929 4391 962 4458 Ο.
987 4398 1041 4460 38:
1075 4394 1107 4455 Si
1135 4395 1248 4456 duobus
1270 4410 1359 4469 prae-
