3125 5075
275 395 337 457 236
561 383 624 424 ΟΔΡ.
638 383 684 422 XV.
718 379 863 422 nocnerit:
892 374 1141 419 snunctnnronntt.

275 574 391 641 Bacch.
417 570 472 641 lli,
496 576 526 651 3,
554 578 607 636 15:
630 588 727 647 neque
750 572 887 646 equidem
909 586 955 629 me
974 569 1042 629 oioo
1057 570 1141 629 illum
1159 570 1320 644 conrnmpi
1335 570 1435 639 sinan,

277 678 311 738 et
333 671 428 734 Most.
452 669 478 747 I,
503 675 531 746 3,
558 672 614 733 73:
638 671 770 732 vaeniblt
798 670 892 728 multo
920 668 1020 743 potius
1044 668 1138 740 Quam
1162 674 1194 726 te
1216 683 1266 725 mc
1287 666 1356 725 vivo
1379 682 1436 724 um-

277 787 365 846 quam
391 772 485 830 sinam
508 785 608 845 egere.
653 765 888 843 Nonnunquam
905 764 1001 828 etiam
1025 761 1170 828 subiecto
1192 762 1314 827 omisso
1338 758 1436 824 solon

277 864 481 946 participium
503 864 642 944 ponitur,
666 879 784 943 genere
805 867 920 926 neutro
943 858 1195 939 intelligendum,
1217 859 1308 941 qnod
1324 877 1364 924 ex
1386 858 1437 921 im·

278 962 440 1043 personali
471 958 702 1043 significatione
729 959 821 1023 verbi
849 965 900 1024 est
940 954 1172 1038 explicandum.
1225 958 1281 1023 Sic
1310 957 1435 1021 Terent

278 1059 357 1125 Hec.
382 1060 407 1138 Ι,
432 1064 461 1138 2,
487 1064 525 1125 19
543 1060 717 1134 praefinito.
748 1056 787 1136 V,
816 1061 913 1133 l,ll:
937 1065 1050 1117 utnon
1074 1058 1275 1132 eiotpeecoto
1297 1059 1340 1117 mi
1362 1058 1437 1131 iguo

279 1162 323 1220 eci
346 1176 479 1234 aequom.

367 1260 413 1319 15.
459 1256 700 1318 Eouncioliooea
722 1253 966 1327 interrogatione.
1011 1248 1229 1331 interrogatio
1261 1267 1362 1329 saepe
1385 1248 1438 1314 cir·

279 1350 504 1417 cumscribitur
525 1369 583 1431 per
605 1348 773 1415 formulam
805 1352 872 1424 quis
899 1351 1024 1424 estqui
1068 1346 1121 1412 Sic
1148 1346 1256 1413 Plaut.
1281 1345 1380 1428 Epid.
1401 1345 1439 1423 ΙΙ,

280 1456 310 1525 2,
336 1454 391 1514 17:
420 1452 578 1526 Epidicum
602 1451 669 1523 quis
698 1454 741 1509 est
766 1450 818 1522 qui
841 1448 982 1508 revocat?
1026 1443 1107 1509 Rud.
1130 1443 1185 1524 IV,
1209 1453 1248 1526 4,
1274 1449 1337 1509 16:
1368 1444 1440 1523 Quid

279 1554 323 1609 est
343 1565 402 1621 quo
424 1548 459 1607 de
480 1565 514 1606 re
536 1549 661 1622 litigatis
685 1565 762 1606 nunc
786 1546 961 1606 intervos?
990 1542 1062 1607 Ter.
1085 1541 1183 1606 Andr.
1206 1541 1233 1617 I,
1261 1549 1291 1624 1,
1317 1547 1355 1611 3:
1377 1542 1441 1618 Μ

280 1651 337 1714 est,
363 1646 449 1722 Qecod
475 1646 530 1704 tihi
560 1663 627 1704 mea
653 1662 702 1704 ars
732 1643 854 1704 efficere
885 1644 942 1704 hoc
972 1644 1068 1718 possit
1090 1631 1243 1717 emplius?
1289 1640 1333 1719 II,
1357 1645 1385 1718 2,
1408 1645 1437 1703 7:

281 1745 349 1818 quis
372 1746 502 1809 homost,
525 1743 576 1815 qut
599 1761 644 1801 me
663 1787 669 1800 .
688 1743 722 1802 .'l
766 1739 885 1803 Heaut.
910 1738 948 1815 V,
972 1744 1000 1817 3,
1023 1742 1051 1802 6.

367 1838 506 1902 Primum
538 1842 720 1917 spectemus
750 1855 856 1915 usum,
885 1836 939 1916 qui
969 1835 1054 1915 apud
1086 1835 1237 1900 Plautum
1266 1841 1300 1901 ct
1325 1835 1440 1900 Teren-

279 1937 360 2001 tium
374 1934 529 2000 latissime
552 1939 651 2014 patet,
674 1934 883 1999 derivandum
906 1932 995 1997 illum
1017 1951 1056 1998 ex
1077 1934 1200 2013 vivido,
1223 1933 1316 2014 qnod
1338 1933 1372 1999 in
1395 1950 1441 1997 eo-

279 2051 350 2097 rum
367 2033 537 2097 comoediis
553 2040 650 2111 extat,
674 2032 905 2098 sermocinandi
929 2049 1055 2112 genere,
1079 2036 1117 2095 ut
1131 2031 1325 2111 saepissime
1349 2032 1442 2095 inter·

280 2131 463 2211 rogationes
487 2137 595 2195 rectae
618 2136 786 2211 ponantur,
809 2130 864 2194 nbi
887 2130 1032 2210 obliquas
1053 2135 1230 2209 exspectes.
1278 2126 1441 2211 Cognatas

282 2238 331 2293 est
353 2226 405 2292 hic
427 2245 504 2291 usus
526 2227 565 2305 ei,
589 2245 683 2308 quem
707 2228 727 2305 ἐ
754 2223 789 2292 ll
816 2227 1041 2308 spectavimus,
1064 2232 1101 2291 ut
1122 2227 1154 2291 in
1176 2228 1368 2292 universum
1389 2241 1440 2307 pro

281 2325 411 2405 obliqua
433 2324 576 2389 oratione
606 2326 794 2406 saepissime
824 2343 843 2388 a
871 2326 999 2390 comicis
1027 2324 1239 2405 scriptoribus
1267 2331 1440 2405 usurpetur

284 2424 386 2487 oratio
410 2429 508 2487 recta.
533 2422 585 2488 Sic
607 2422 710 2487 Plaut.
725 2423 839 2503 Amph.
856 2423 881 2502 Ι,
901 2429 928 2502 l,
945 2428 1022 2488 221:
1044 2425 1192 2501 Loquere,
1215 2426 1289 2500 quid
1312 2421 1439 2484 venisti?

283 2542 312 2588 v.
337 2527 415 2587 265:
440 2524 522 2598 Signi
546 2525 593 2584 dic
618 2524 686 2600 quid
711 2521 779 2585 est?
825 2520 870 2601 Π,
895 2526 930 2600 2,
959 2528 1033 2585 lll:
1066 2530 1097 2582 tu
1122 2523 1186 2584 dic:
1215 2539 1313 2596 egone
1339 2541 1392 2597 eps
1413 2530 1438 2579 te

284 2624 345 2683 abii
372 2625 440 2683 hinc
471 2624 559 2682 hodie
589 2641 654 2683 cum
678 2623 832 2682 diluculo?
876 2638 903 2682 v.
937 2624 1016 2684 226:
1046 2625 1094 2681 dic
1123 2623 1194 2681 milri
1225 2638 1331 2680 uerum
1354 2622 1438 2695 serio,

281 2723 393 2796 Ecquis
425 2724 500 2781 alius
529 2722 614 2781 Sosia
652 2723 746 2779 intust
768 2717 833 2778 -i
878 2719 965 2780 Asin.
996 2717 1026 2796 I,
1060 2726 1093 2797 3,
1119 2721 1174 2783 76:
1205 2719 1269 2794 dic,
1298 2722 1372 2796 quid
1398 2737 1438 2780 mo

282 2836 405 2893 aequom
435 2836 540 2880 censes
569 2838 625 2893 pro
648 2822 700 2879 illa
722 2820 776 2880 tibi
800 2820 871 2878 dare
896 2817 963 2875 —l
1007 2815 1080 2878 nul.
1105 2815 1149 2895 ΙΙ,
1174 2820 1203 2893 2,
1229 2819 1287 2879 35:
1313 2820 1371 2878 Dic
1394 2820 1437 2888 mi,

283 2918 363 2990 quali
391 2933 437 2974 me
465 2918 614 2976 arbitrare
644 2935 752 2991 genere
782 2916 981 2992 prognatum?
1025 2912 1115 2992 Capt
1145 2912 1208 2991 ΙΙΙ,
1232 2918 1269 2988 4,
1302 2917 1362 2977 18:
1384 2917 1436 2976 Dic

281 3014 378 3089 modo,
402 3015 463 3073 Ten
487 3032 577 3089 negas
602 3016 771 3090 Tyndarum
795 3015 880 3073 esse?
925 3009 1018 3075 Cure.
1044 3010 1101 3090 ΙΙΙ,
1125 3015 1165 3075 36
1181 3028 1229 3090 sq.
1253 3009 1310 3082 IV,
1334 3016 1365 3090 2,
1387 3016 1437 3076 31:

282 3112 449 3186 Eloquere,
481 3114 550 3187 quid
574 3109 639 3173 vis?
683 3109 721 3185 V,
747 3116 780 3189 2,
806 3116 842 3173 51
869 3127 929 3189 sq.:
962 3120 1009 3171 set
1033 3119 1063 3171 tu
1086 3112 1134 3171 dic
1157 3111 1238 3183 milri,
1263 3111 1324 3172 Ubi
1348 3114 1374 3172 is
1395 3119 1437 3170 est

281 3210 379 3286 homo,
404 3212 507 3284 quite
531 3209 710 3284 subrupuit‘?
742 3207 814 3271 Cas.
840 3205 877 3285 V,
901 3213 930 3277 4,
954 3214 987 3272 9:
1019 3211 1088 3284 quin
1112 3208 1273 3285 responde,
1296 3214 1351 3269 tuo
1373 3208 1436 3287 quid

281 3306 424 3368 factumst
447 3307 561 3382 pallio?
606 3305 699 3385 Epio.
723 3305 762 3383 ΙΙ,
788 3311 816 3383 2,
833 3311 891 3370 91:
922 3310 998 3381 Quin
1022 3316 1054 3367 tn
1076 3309 1234 3381 eloquere:
1260 3307 1331 3382 qnid
1352 3306 1437 3366 iacie-

281 3403 370 3465 mus?
414 3402 529 3468 Bacch.
552 3402 612 3481 III,
636 3406 664 3480 6,
689 3408 742 3466 24;
766 3408 907 3480 eloquere
929 3409 994 3481 quis
1017 3407 1042 3465 is
1065 3404 1134 3464 est?
1178 3401 1232 3480 IV,
1258 3409 1290 3477 2,
1317 3407 1357 3466 18
1379 3420 1437 3481 sq:

280 3503 337 3561 Dic
361 3503 446 3576 mihi,
472 3506 544 3577 Quis
568 3502 646 3563 tu's?
691 3506 719 3579 7,
748 3505 803 3564 18:
828 3504 1004 3578 Responde,
1029 3506 1094 3578 quis
1117 3519 1163 3562 me
1186 3501 1315 3564 uendit?
1352 3500 1437 3564 Most.

280 3596 318 3674 V,
352 3602 385 3675 l,
416 3601 474 3661 68:
513 3603 667 3676 Loquere:
704 3602 890 3676 quoiusmodi
926 3604 1049 3676 reliqui,
1084 3619 1170 3676 quoru
1210 3602 1281 3661 hinc
1317 3605 1438 3666 abibam,

280 3696 395 3758 filium?
439 3695 523 3760 Men.
548 3696 595 3775 ΙΙ,
621 3702 655 3776 3,
679 3702 735 3762 46;
764 3699 812 3758 dic
836 3700 906 3774 quid
936 3707 982 3760 est
1005 3701 1036 3758 id
1059 3701 1136 3774 quod
1159 3715 1266 3772 negem
1291 3720 1380 3776 quom
1401 3701 1438 3760 ie·

281 3794 394 3854 cerim?
437 3799 467 3871 4,
496 3800 532 3857 14
549 3812 610 3874 sq.:
635 3799 794 3872 Responde
818 3800 900 3869 milri,
924 3798 1119 3864 Adulescens,
1142 3799 1248 3872 quibus
1273 3800 1323 3859 hic
1340 3800 1438 3874 pretiis

281 3903 429 3952 vaeneunt
464 3895 571 3954 Sacrae
606 3893 735 3956 sincerii
780 3894 843 3965 ΙΙΙ,
874 3898 908 3971 2,
940 3898 998 3959 33:
1042 3897 1218 3970 Responde,
1255 3898 1439 3967 adulescens,

279 4008 409 4066 quaeso,
440 3993 510 4067 quid
538 4009 644 4052 nomen
676 3994 783 4056 tibist?
828 3992 924 4057 Merc.
951 3991 996 4070 ll,
1021 4003 1056 4070 4,
1086 3998 1139 4055 ln:
1177 3995 1356 4070 Responde,
1389 4013 1439 4071 quo

279 4090 342 4149 leto
366 4107 471 4151 censes
495 4107 542 4148 me
566 4097 599 4149 nt
620 4109 741 4165 peream
765 4093 983 4167 potissumum?
1030 4090 1125 4153 Poen.
1149 4089 1174 4168 Ι,
1199 4094 1228 4168 2,
1259 4098 1334 4157 101:
1359 4096 1438 4156 viden

280 4187 331 4246 tu?
359 4189 443 4263 pleni
470 4188 600 4248 sordium
630 4192 708 4249 oculi
740 4193 790 4266 qui
821 4200 923 4265 erant,
951 4193 1009 4250 iem
1038 4189 1199 4265 splendent
1226 4193 1323 4252 milri?
1355 4192 1391 4267 V,
1414 4197 1437 4265 2,

285 4287 359 4347 101:
384 4286 441 4345 Dic
464 4286 552 4346 mibi:
582 4287 698 4361 Ecquid
722 4291 882 4349 meministi
898 4298 979 4348 tuum
995 4295 1154 4364 pareutum
1177 4291 1322 4350 nomina?
1346 4296 1437 4360 3,13:

282 4384 354 4456 quid
376 4386 416 4444 ibi
440 4380 579 4443 faciunt?
603 4383 651 4443 dic
674 4387 755 4449 mihi.
791 4404 819 4447 v.
834 4390 888 4450 24:
913 4388 991 4459 Quid
1012 4389 1057 4445 illi
1079 4389 1174 4446 locuti
1198 4396 1271 4448 sunt
1292 4394 1372 4449 iuter
1392 4387 1436 4449 se?
