3125 5075
278 374 338 430 332
708 361 864 403 suasruun.
885 360 949 403 cae.
963 360 1005 402 ιιι,

277 536 371 601 Both.
385 535 495 617 ang.:
513 540 595 610 Quae
612 538 667 597 tibi
681 538 763 596 mille
779 555 918 612 passuum
935 539 1054 612 peperit
1068 552 1169 596 morae
1184 552 1278 596 mora.
1306 532 1438 597 uuiaet:

277 634 409 715 „Oratio
432 634 557 699 concisa
580 638 613 696 et
634 633 680 697 sic
702 631 873 713 explenda:
899 632 989 709 Quae
1002 650 1092 696 mora
1112 636 1237 697 tantum
1257 647 1369 694 morae
1384 630 1440 695 tibi

275 732 412 814 peperit,
435 735 587 810 quantum
612 735 663 793 est
683 730 768 794 mille
791 748 953 811 passuum.
979 730 1091 794 Posset
1112 733 1146 793 et
1167 728 1231 810 legi
1253 748 1372 790 rumam
1392 728 1439 793 vel

276 838 405 892 maresc
450 828 626 893 Boxhorn.:
658 827 760 906 „Puto
784 828 950 907 scripsisse
975 826 1137 891 Plautum:
1161 825 1250 903 Quae
1273 826 1333 891 tibi
1356 825 1439 890 miile

278 946 429 1009 passuum
453 927 594 1006 peperit,
618 942 720 1004 more,
745 943 877 990 moram.
903 945 998 996 more,
1020 925 1039 988 i.
1064 944 1091 989 e.
1115 924 1224 990 stulte.
1269 923 1322 988 Ita
1345 941 1441 1004 saepe

276 1026 353 1091 alibi
376 1024 457 1089 ludit
481 1024 649 1089 comicus.“
695 1022 824 1088 Terent.
847 1024 962 1089 Heaut.
988 1024 1025 1102 V,
1052 1028 1079 1101 l,
1104 1026 1158 1089 36:
1187 1026 1302 1084 Decem
1325 1026 1440 1084 dierum

279 1127 326 1186 vix
348 1126 451 1185 mihist
476 1115 598 1185 familia.
643 1122 771 1186 Phorm.
789 1120 832 1200 ΙΙ,
857 1127 885 1197 3,
908 1126 967 1186 46;
990 1125 1021 1183 Si
1044 1125 1189 1184 talentum
1211 1139 1277 1182 rem
1299 1125 1440 1197 reliquis-

277 1230 325 1283 set
347 1226 460 1286 decem.

362 1323 411 1383 71.
458 1321 613 1381 Gmitieus
628 1322 731 1393 pretii.
775 1318 917 1383 Naevius
940 1317 1121 1397 Agitatoria
1141 1315 1180 1381 fr.
1202 1321 1221 1380 3
1244 1314 1384 1392 (Charis.
1399 1315 1439 1394 11,

275 1434 307 1496 p.
336 1421 394 1480 188
417 1416 450 1481 P.
476 1415 553 1499 [125
576 1413 636 1497 L.],
661 1435 688 1480 ι’.
701 1415 829 1496 plurim:
853 1437 908 1493 ego
932 1437 1051 1493 semper
1072 1420 1169 1493 pluris
1191 1415 1251 1477 feci
1273 1418 1440 1477 Potiorem·

275 1534 332 1592 que
356 1518 445 1577 habui
469 1519 637 1577 libertatem
661 1520 755 1577 multo
778 1535 866 1592 quam
888 1520 1054 1592 pecuniam.
1099 1512 1180 1577 Cato
1207 1516 1288 1576 orat
1316 1510 1359 1575 de
1386 1512 1439 1575 dc·

277 1629 345 1677 cem
367 1612 548 1677 hominibus
572 1618 632 1693 (ap.
648 1612 734 1679 Fest.
750 1616 937 1687 multifacere
958 1612 1075 1677 dicitur
1097 1612 1181 1676 sicut
1203 1610 1310 1690 magni
1334 1608 1438 1674 iacere

275 1717 308 1775 et
331 1711 422 1790 parvi
445 1709 563 1784 facere)
587 1729 637 1790 ap.
661 1710 780 1792 Meyer.
805 1729 835 1791 p.
855 1717 911 1775 42:
933 1715 1037 1788 Neque
1060 1715 1148 1773 tidem
1171 1729 1267 1787 neque
1291 1711 1437 1771 iusiuran-

275 1812 343 1872 dum
365 1829 461 1886 ncque
484 1813 658 1885 pudicitiam
679 1811 852 1882 multifacit.
898 1806 978 1872 Cato
1005 1809 1037 1873 in
1069 1808 1104 1885 Q.
1129 1806 1300 1872 Thermum
1332 1806 1373 1870 dc
1399 1804 1437 1868 X.

274 1907 455 1973 hominibus
483 1909 612 1984 (Festus
634 1908 787 1969 obstinato
809 1924 838 1987 p.
862 1912 936 1972 193:
966 1910 1140 1982 Rumorem,
1164 1906 1273 1968 tamam
1293 1908 1378 1978 flocci
1398 1906 1439 1977 se

192 2039 195 2044 >
274 2009 320 2069 e't.
357 2006 410 2070 Or.
424 2006 464 2070 de
481 2004 581 2069 multa
596 2013 709 2069 eontra
724 2006 758 2069 L.
775 2005 908 2068 Furium
931 2021 981 2083 ap.
999 2002 1121 2069 Charis.
1143 2022 1172 2083 p.
1192 2008 1269 2067 128:
1293 2007 1317 2066 0
1335 2005 1438 2078 quami·

275 2107 327 2165 illc
351 2124 438 2179 egros
461 2108 547 2179 emit,
582 2123 768 2181 quaequam
792 2107 925 2166 duceret.
971 2102 1066 2166 Ennii
1088 2101 1192 2166 annal.
1222 2101 1243 2165 i.
1267 2098 1355 2180 1,tr.
1382 2105 1435 2164 13:

994 2211 1136 2277 terraque
1160 2219 1270 2277 eorpus

405 2303 487 2375 Quae
510 2302 593 2360 dedit
615 2303 681 2374 ipsa
705 2303 787 2376 capit
810 2318 905 2375 neque
929 2300 1065 2375 dispertiit
1087 2301 1163 2374 facit
1184 2302 1286 2360 hilum.

274 2397 368 2461 Ennii
391 2395 504 2478 fragm.
529 2396 590 2461 inc.
615 2414 692 2461 com.
720 2403 754 2461 1:
789 2400 855 2458 Illic
879 2407 1005 2473 nugator
1028 2401 1096 2476 nih',
1119 2417 1179 2458 non
1201 2400 1321 2459 naucist
1344 2402 1437 2460 homo.

272 2494 375 2560 Plant.
400 2493 472 2560 Cas.
497 2495 539 2575 ΙΙ,
564 2502 592 2573 5,
617 2498 673 2558 24:
703 2497 746 2556 Tn
769 2499 843 2558 istos
865 2500 994 2559 minutos
1018 2514 1089 2559 cave
1113 2498 1185 2558 deos
1207 2496 1293 2558 flocci
1317 2494 1437 2561 feceris.

272 2595 366 2659 True.
379 2594 422 2674 ΙΙ,
436 2601 464 2673 7,
477 2599 535 2658 tc:
552 2615 610 2656 non
627 2613 681 2670 ego
697 2604 726 2655 te
744 2595 831 2656 floeei
847 2595 933 2659 iaeio.
964 2594 1019 2672 IV,
1033 2600 1061 2672 2,
1075 2599 1130 2659 56:
1147 2613 1222 2671 qnae
1236 2602 1265 2655 te
1280 2614 1339 2657 non
1352 2597 1437 2657 flocci

273 2694 354 2755 facit.
389 2692 470 2756 Rud.
491 2693 571 2772 prol.
588 2710 616 2754 v.
632 2697 689 2756 47:
713 2694 801 2754 flocci
817 2712 874 2753 non
892 2693 964 2755 fecit
979 2695 1077 2754 fidem.
1107 2690 1186 2755 Rud.
1203 2711 1232 2755 v.
1250 2697 1328 2756 728:
1353 2695 1438 2755 flocci

272 2811 331 2853 non
354 2793 443 2854 faeie.
481 2791 586 2854 Plaut.
612 2788 723 2870 fragm.
748 2806 777 2868 p.
793 2794 867 2868 485,
890 2810 919 2854 v.
941 2798 991 2854 14:
1014 2792 1120 2853 floccid
1137 2798 1281 2852 aestnmo.
1327 2809 1358 2855 v.
1383 2796 1437 2855 27ε

271 2892 374 2951 Flocci
398 2891 497 2964 pendo
522 2891 591 2965 quid
615 2909 714 2949 rernm
736 2906 833 2964 geres.
865 2888 957 2953 Most.
974 2889 1000 2964 1,
1019 2895 1046 2968 1,
1063 2893 1117 2952 73:
1141 2889 1234 2950 Satin'
1250 2893 1326 2951 abiit
1342 2908 1437 2967 neque

271 2989 349 3062 qnod
374 2989 434 3047 dixi
449 2987 536 3048 flocci
553 2988 733 3048 existumat?
759 2986 854 3051 Most.
871 2986 910 3065 V,
929 2990 956 3066 l,
975 2992 1006 3049 l:
1030 2990 1172 3050 homo-
1191 2990 1279 3049 nauci
1295 3008 1353 3050 non
1371 2993 1435 3051 erit.

269 3081 386 3147 Bacch.
410 3082 448 3162 V,
474 3088 503 3163 l,
529 3090 580 3148 lo:
602 3089 699 3161 Perii,
723 3090 779 3147 hoc
806 3106 919 3148 servom
942 3105 1039 3148 meum
1060 3104 1118 3146 non
1139 3089 1226 3147 nauci
1247 3087 1349 3148 tacere.
1371 3105 1436 3148 esse

270 3198 398 3243 anesum.
434 3181 526 3246 Truc.
550 3182 593 3261 ΙΙ,
618 3189 647 3261 7,
672 3187 728 3247 5οε
752 3187 909 3246 hominem·
923 3205 982 3247 uon
1005 3184 1113 3245 nauci?
1146 3182 1248 3247 Plaut
1272 3182 1436 3248 Parasitus

268 3278 362 3359 piger
376 3297 406 3359 p.
419 3285 493 3359 482,
509 3299 538 3345 v.
551 3287 585 3347 3:
608 3291 760 3359 postremo
776 3286 863 3344 ambo
880 3302 979 3345 snmus
995 3302 1052 3345 non
1067 3285 1166 3346 maci.
1190 3279 1285 3346 Most.
1300 3281 1340 3358 V,
1362 3288 1387 3357 l,
1406 3288 1437 3346 1:

266 3379 358 3438 muci
380 3398 438 3440 non
462 3383 529 3441 erit.
569 3377 640 3443 hul.
665 3378 689 3456 Ι,
714 3385 742 3454 2,
767 3384 824 3443 34:
853 3385 928 3442 Nam
952 3383 1114 3442 uerisimile
1137 3399 1195 3441 non
1220 3390 1267 3442 est
1289 3383 1436 3443 hominem

270 3479 434 3550 pauxillum
456 3483 542 3554 parui
565 3479 666 3540 faeere
690 3483 762 3556 quin
794 3499 941 3541 nummum
969 3487 1069 3556 petat,
1103 3477 1143 3541 dc
1173 3494 1236 3556 quo
1263 3477 1334 3542 loco
1365 3478 1436 3542 uide

268 3587 367 3652 snpra
389 3571 417 3654 ἕ.
436 3580 485 3640 64.
530 3575 636 3641 Plaut.
658 3575 771 3657 fragm.
797 3597 827 3659 p.
844 3583 917 3656 485,
941 3597 970 3641 v-
993 3582 1048 3642 21:
1071 3579 1194 3638 Sacrum
1217 3595 1255 3638 an
1278 3577 1437 3653 profanum

268 3671 389 3748 habeas,
413 3679 672 3753 parvipenditur.
717 3675 834 3739 Pseud.
856 3673 916 3753 ΙΙΙ,
940 3679 969 3754 2,
993 3678 1048 3738 2οτ
1075 3694 1122 3737 me
1145 3694 1231 3737 nemo
1252 3684 1356 3750 potest
1376 3677 1437 3736 hfi-

268 3772 352 3832 acris
379 3776 534 3850 qnisquam
563 3792 680 3834 nummo
709 3783 742 3834 ut
769 3792 885 3849 surgam
914 3776 1061 3851 subigere.
1107 3773 1200 3853 Epio.
1231 3770 1291 3850 ΙΙΙ,
1319 3779 1351 3846 4,
1380 3774 1436 3835 85:

267 3887 316 3931 me
338 3874 462 3932 minoris
486 3870 576 3931 tario.
610 3868 703 3935 Trnc.
727 3869 769 3947 ΙΙ,
795 3872 1166 3944 enumericensium
1183 3873 1280 3932 nihili.
1318 3868 1380 3950 ΙΙΙ,
1404 3877 1423 3935 2

269 3969 326 4032 27:
360 3971 426 4028 Heu
450 3968 559 4044 edepol
581 3970 729 4029 hominem
753 3971 847 4031 nihili.
892 3967 1009 4033 Bacch.
1032 3967 1071 4045 V,
1093 3974 1122 4045 2,
1146 3973 1203 4034 38;
1237 3972 1332 4031 Nihili
1363 3989 1435 4032 sum.

266 4064 324 4130 ih:
347 4066 400 4140 qni
420 4067 508 4127 nihili
531 4068 581 4127 sis.
615 4084 645 4130 v.
668 4071 725 4131 43:
747 4075 780 4127 tu
804 4069 900 4131 nihili.
943 4085 972 4131 v.
997 4071 1054 4131 69:
1077 4070 1164 4131 hemo
1188 4070 1283 4130 nihili.
1318 4066 1436 4132 Bacch

265 4178 294 4225 v.
328 4166 409 4226 1207
438 4164 538 4226 niati.
582 4162 697 4228 Pseud.
720 4162 745 4233 Ι,
769 4167 798 4239 3,
831 4168 884 4228 1οτ
919 4169 983 4228 sine
1015 4170 1070 4228 sim
1097 4169 1193 4227 nihili.
1237 4162 1355 4229 Pseud.
1378 4162 1434 4243 IV,

264 4263 295 4338 7,
319 4265 334 4323 l
361 4278 422 4342 sq.:
449 4264 549 4344 Malus
573 4271 605 4323 et
627 4270 785 4339 usquamst
805 4266 856 4340 qni
878 4264 966 4326 homo
989 4267 1075 4325 uihiii
1099 4267 1144 4324 eri
1167 4267 1213 4325 sni
1236 4282 1341 4326 serves
1363 4263 1436 4324 tacit

262 4360 420 4435 inperium.
465 4353 591 4423 Nihilist
612 4370 726 4436 eutem,
761 4381 846 4424 sunm
874 4366 925 4440 qni
953 4363 1082 4424 officinm
1113 4360 1246 4423 tacerest
1274 4364 1431 4424 inmemor.
