<?xml version="1.0" encoding="UTF-8"?>
<!DOCTYPE html PUBLIC "-//W3C//DTD XHTML 1.0 Transitional//EN"
    "http://www.w3.org/TR/xhtml1/DTD/xhtml1-transitional.dtd">
<html xmlns="http://www.w3.org/1999/xhtml" xml:lang="en" lang="en">
 <head>
  <title>
</title>
<meta http-equiv="Content-Type" content="text/html;charset=utf-8" />
  <meta name='ocr-system' content='tesseract 3.04.00' />
  <meta name='ocr-capabilities' content='ocr_page ocr_carea ocr_par ocr_line ocrx_word'/>
</head>
<body>
  <div class='ocr_page' id='page_1' title='image "./syntaxispriscor00holtgoog_0485.png"; bbox 0 0 3125 5075; ppageno 0'>
   <div class='ocr_carea' id='block_1_1' title="bbox 284 386 997 459">
    <p class='ocr_par' dir='ltr' id='par_1_1' title="bbox 284 386 997 459">
     <span class='ocr_line' id='line_1_1' title="bbox 284 386 997 459; baseline 0.004 -36"><span class='ocrx_word' id='word_1_1' title='bbox 284 398 325 459; x_wconf 70' lang='lat'><strong><em>26</em></strong></span> <span class='ocrx_word' id='word_1_2' title='bbox 727 386 854 427; x_wconf 63' lang='lat' dir='ltr'>VERBUU.</span> <span class='ocrx_word' id='word_1_3' title='bbox 882 386 945 427; x_wconf 75' lang='lat' dir='ltr'><strong><em>cnP.</em></strong></span> <span class='ocrx_word' id='word_1_4' title='bbox 961 387 997 426; x_wconf 80' lang='lat' dir='ltr'><strong><em>IX.</em></strong></span> 
     </span>
    </p>
   </div>
   <div class='ocr_carea' id='block_1_2' title="bbox 283 575 1441 2509">
    <p class='ocr_par' dir='ltr' id='par_1_2' title="bbox 283 575 1441 2509">
     <span class='ocr_line' id='line_1_2' title="bbox 283 575 1435 655; baseline 0 -12"><span class='ocrx_word' id='word_1_5' title='bbox 283 577 388 643; x_wconf 72' lang='lat' dir='ltr'><strong><em>Plane</em></strong></span> <span class='ocrx_word' id='word_1_6' title='bbox 411 575 504 641; x_wconf 87' lang='lat' dir='ltr'><strong><em>True.</em></strong></span> <span class='ocrx_word' id='word_1_7' title='bbox 527 575 569 640; x_wconf 93' lang='grc' dir='ltr'><strong><em>ΙΙ.</em></strong></span> <span class='ocrx_word' id='word_1_8' title='bbox 594 580 623 655; x_wconf 88' lang='grc'><strong><em>6,</em></strong></span> <span class='ocrx_word' id='word_1_9' title='bbox 646 580 701 640; x_wconf 83' lang='lat'><strong><em>20:</em></strong></span> <span class='ocrx_word' id='word_1_10' title='bbox 746 582 791 638; x_wconf 82' lang='lat' dir='ltr'><strong><em>An</em></strong></span> <span class='ocrx_word' id='word_1_11' title='bbox 815 579 931 638; x_wconf 76' lang='lat' dir='ltr'><strong><em>vinem</em></strong></span> <span class='ocrx_word' id='word_1_12' title='bbox 952 583 1028 637; x_wconf 89' lang='lat' dir='ltr'><strong><em>mest</em></strong></span> <span class='ocrx_word' id='word_1_13' title='bbox 1048 578 1234 653; x_wconf 75' lang='lat' dir='ltr'><strong><em>meleficiot,</em></strong></span> <span class='ocrx_word' id='word_1_14' title='bbox 1259 576 1315 642; x_wconf 90' lang='lat' dir='ltr'><strong><em>ubi</em></strong></span> <span class='ocrx_word' id='word_1_15' title='bbox 1337 585 1435 643; x_wconf 82' lang='lat' dir='ltr'><strong><em>estut</em></strong></span> 
     </span>
     <span class='ocr_line' id='line_1_3' title="bbox 285 671 1438 755; baseline 0 -14"><span class='ocrx_word' id='word_1_16' title='bbox 285 676 481 741; x_wconf 82' lang='lat' dir='ltr'><strong><em>Graecorum</em></strong></span> <span class='ocrx_word' id='word_1_17' title='bbox 505 671 566 735; x_wconf 65' lang='lat' dir='ltr'><strong><em>zen</em></strong></span> <span class='ocrx_word' id='word_1_18' title='bbox 588 673 639 737; x_wconf 91' lang='lat' dir='ltr'><strong><em>vel</em></strong></span> <span class='ocrx_word' id='word_1_19' title='bbox 661 674 757 747; x_wconf 75' lang='grc' dir='ltr'><em>ἔξεστι</em></span> <span class='ocrx_word' id='word_1_20' title='bbox 779 675 918 753; x_wconf 86' lang='lat' dir='ltr'><strong><em>positum</em></strong></span> <span class='ocrx_word' id='word_1_21' title='bbox 943 682 1004 750; x_wconf 85' lang='lat' dir='ltr'><strong><em>est,</em></strong></span> <span class='ocrx_word' id='word_1_22' title='bbox 1027 704 1070 724; x_wconf 92' lang='lat'>=</span> <span class='ocrx_word' id='word_1_23' title='bbox 1094 673 1163 739; x_wconf 90' lang='lat' dir='ltr'><strong><em>fieri</em></strong></span> <span class='ocrx_word' id='word_1_24' title='bbox 1187 679 1298 755; x_wconf 87' lang='lat' dir='ltr'><strong><em>potest</em></strong></span> <span class='ocrx_word' id='word_1_25' title='bbox 1320 682 1358 741; x_wconf 85' lang='lat' dir='ltr'><strong><em>ut</em></strong></span> <span class='ocrx_word' id='word_1_26' title='bbox 1376 677 1438 741; x_wconf 82' lang='lat' dir='ltr'><strong><em>vin·</em></strong></span> 
     </span>
     <span class='ocr_line' id='line_1_4' title="bbox 285 769 1436 840; baseline -0.003 0"><span class='ocrx_word' id='word_1_27' title='bbox 285 793 348 840; x_wconf 82' lang='lat' dir='ltr'><strong><em>car.</em></strong></span> <span class='ocrx_word' id='word_1_28' title='bbox 394 769 473 837; x_wconf 76' lang='lat' dir='ltr'><strong><em>Oete</em></strong></span> <span class='ocrx_word' id='word_1_29' title='bbox 506 772 542 836; x_wconf 75' lang='lat' dir='ltr'>R</span> <span class='ocrx_word' id='word_1_30' title='bbox 575 771 613 836; x_wconf 88' lang='lat' dir='ltr'><strong><em>R.</em></strong></span> <span class='ocrx_word' id='word_1_31' title='bbox 648 790 673 836; x_wconf 89' lang='lat' dir='ltr'><strong><em>c.</em></strong></span> <span class='ocrx_word' id='word_1_32' title='bbox 710 778 742 834; x_wconf 85' lang='lat'><strong><em>7:</em></strong></span> <span class='ocrx_word' id='word_1_33' title='bbox 788 776 893 833; x_wconf 90' lang='lat' dir='ltr'><strong><em>Fundo</em></strong></span> <span class='ocrx_word' id='word_1_34' title='bbox 927 776 1096 835; x_wconf 81' lang='lat' dir='ltr'><strong><em>suburbano</em></strong></span> <span class='ocrx_word' id='word_1_35' title='bbox 1130 777 1284 835; x_wconf 78' lang='lat' dir='ltr'><strong><em>arbustum</em></strong></span> <span class='ocrx_word' id='word_1_36' title='bbox 1319 780 1436 838; x_wconf 73' lang='lat' dir='ltr'><strong><em>maxime</em></strong></span> 
     </span>
     <span class='ocr_line' id='line_1_5' title="bbox 284 868 1440 949; baseline -0.002 -15"><span class='ocrx_word' id='word_1_37' title='bbox 284 875 418 934; x_wconf 81' lang='lat' dir='ltr'><strong><em>convenit</em></strong></span> <span class='ocrx_word' id='word_1_38' title='bbox 439 874 552 932; x_wconf 79' lang='lat' dir='ltr'><strong><em>hebere.</em></strong></span> <span class='ocrx_word' id='word_1_39' title='bbox 597 868 862 948; x_wconf 80' lang='lat' dir='ltr'>Plaut.Au1.11,</span> <span class='ocrx_word' id='word_1_40' title='bbox 888 876 914 946; x_wconf 90' lang='lat' dir='ltr'><strong><em>l,</em></strong></span> <span class='ocrx_word' id='word_1_41' title='bbox 944 874 994 934; x_wconf 81' lang='lat'><strong><em>18:</em></strong></span> <span class='ocrx_word' id='word_1_42' title='bbox 1022 874 1102 933; x_wconf 82' lang='lat' dir='ltr'><strong><em>decet</em></strong></span> <span class='ocrx_word' id='word_1_43' title='bbox 1123 875 1259 949; x_wconf 85' lang='lat' dir='ltr'>equidem</span> <span class='ocrx_word' id='word_1_44' title='bbox 1285 893 1359 935; x_wconf 82' lang='lat' dir='ltr'><strong><em>vere</em></strong></span> <span class='ocrx_word' id='word_1_45' title='bbox 1375 892 1440 949; x_wconf 75' lang='lat' dir='ltr'><strong><em>pro</em></strong></span> 
     </span>
     <span class='ocr_line' id='line_1_6' title="bbox 286 967 1438 1049; baseline 0.002 -20"><span class='ocrx_word' id='word_1_46' title='bbox 286 973 367 1044; x_wconf 70' lang='lat' dir='ltr'><strong><em>iocre</em></strong></span> <span class='ocrx_word' id='word_1_47' title='bbox 389 970 447 1037; x_wconf 86' lang='lat' dir='ltr'><strong><em>tsie</em></strong></span> <span class='ocrx_word' id='word_1_48' title='bbox 469 968 578 1032; x_wconf 86' lang='lat' dir='ltr'><strong>Herm.</strong></span> <span class='ocrx_word' id='word_1_49' title='bbox 602 967 694 1031; x_wconf 88' lang='lat' dir='ltr'><strong><em>elem.</em></strong></span> <span class='ocrx_word' id='word_1_50' title='bbox 718 987 747 1049; x_wconf 91' lang='lat' dir='ltr'><strong><em>p.</em></strong></span> <span class='ocrx_word' id='word_1_51' title='bbox 773 973 843 1033; x_wconf 81' lang='lat'><strong>307.</strong></span> <span class='ocrx_word' id='word_1_52' title='bbox 889 967 987 1033; x_wconf 88' lang='lat' dir='ltr'><strong><em>Codd.</em></strong></span> <span class='ocrx_word' id='word_1_53' title='bbox 1005 968 1098 1034; x_wconf 87' lang='lat' dir='ltr'><strong><em>Grnt.</em></strong></span> <span class='ocrx_word' id='word_1_54' title='bbox 1123 980 1157 1034; x_wconf 88' lang='lat' dir='ltr'><strong><em>et</em></strong></span> <span class='ocrx_word' id='word_1_55' title='bbox 1178 970 1279 1048; x_wconf 67' lang='lat' dir='ltr'><strong><em>vulfs:</em></strong></span> <span class='ocrx_word' id='word_1_56' title='bbox 1303 973 1394 1034; x_wconf 83' lang='lat' dir='ltr'><strong><em>decet</em></strong></span> <span class='ocrx_word' id='word_1_57' title='bbox 1414 982 1438 1031; x_wconf 81' lang='lat' dir='ltr'><strong><em>te</em></strong></span> 
     </span>
     <span class='ocr_line' id='line_1_7' title="bbox 286 1063 1439 1147; baseline 0.001 -17"><span class='ocrx_word' id='word_1_58' title='bbox 286 1066 447 1147; x_wconf 77' lang='lat' dir='ltr'>equidem).</span> <span class='ocrx_word' id='word_1_59' title='bbox 493 1064 559 1129; x_wconf 91' lang='lat' dir='ltr'><strong><em>Mil.</em></strong></span> <span class='ocrx_word' id='word_1_60' title='bbox 583 1063 642 1140; x_wconf 89' lang='grc' dir='ltr'>ΙΙΙ,</span> <span class='ocrx_word' id='word_1_61' title='bbox 668 1071 695 1136; x_wconf 85' lang='lat' dir='ltr'><strong><em>l,</em></strong></span> <span class='ocrx_word' id='word_1_62' title='bbox 722 1071 800 1129; x_wconf 86' lang='lat'>142:</span> <span class='ocrx_word' id='word_1_63' title='bbox 831 1087 909 1127; x_wconf 88' lang='lat' dir='ltr'><strong><em>nune</em></strong></span> <span class='ocrx_word' id='word_1_64' title='bbox 938 1070 996 1127; x_wconf 87' lang='lat' dir='ltr'><strong><em>iem</em></strong></span> <span class='ocrx_word' id='word_1_65' title='bbox 1027 1071 1094 1129; x_wconf 84' lang='lat' dir='ltr'><strong><em>ist-is</em></strong></span> <span class='ocrx_word' id='word_1_66' title='bbox 1123 1072 1211 1129; x_wconf 85' lang='lat' dir='ltr'><strong><em>rebus</em></strong></span> <span class='ocrx_word' id='word_1_67' title='bbox 1234 1071 1339 1131; x_wconf 75' lang='lat' dir='ltr'><strong><em>desisti</em></strong></span> <span class='ocrx_word' id='word_1_68' title='bbox 1360 1071 1439 1132; x_wconf 82' lang='lat' dir='ltr'><strong><em>decet.</em></strong></span> 
     </span>
     <span class='ocr_line' id='line_1_8' title="bbox 285 1164 1441 1244; baseline -0.002 -15"><span class='ocrx_word' id='word_1_69' title='bbox 285 1183 313 1228; x_wconf 85' lang='lat' dir='ltr'><strong><em>v.</em></strong></span> <span class='ocrx_word' id='word_1_70' title='bbox 340 1170 417 1229; x_wconf 85' lang='lat'>170:</span> <span class='ocrx_word' id='word_1_71' title='bbox 462 1167 548 1226; x_wconf 89' lang='lat' dir='ltr'><strong><em>hnice</em></strong></span> <span class='ocrx_word' id='word_1_72' title='bbox 572 1169 697 1241; x_wconf 85' lang='lat' dir='ltr'><strong><em>primum</em></strong></span> <span class='ocrx_word' id='word_1_73' title='bbox 715 1167 869 1238; x_wconf 73' lang='lat' dir='ltr'><strong><em>praevorti</em></strong></span> <span class='ocrx_word' id='word_1_74' title='bbox 890 1166 977 1225; x_wconf 80' lang='lat' dir='ltr'><strong><em>decet.</em></strong></span> <span class='ocrx_word' id='word_1_75' title='bbox 1022 1164 1107 1229; x_wconf 87' lang='lat' dir='ltr'><strong><em>Trin.</em></strong></span> <span class='ocrx_word' id='word_1_76' title='bbox 1131 1164 1173 1237; x_wconf 88' lang='grc' dir='ltr'><strong><em>ΙΙ,</em></strong></span> <span class='ocrx_word' id='word_1_77' title='bbox 1197 1175 1226 1244; x_wconf 85' lang='grc'><strong><em>4,</em></strong></span> <span class='ocrx_word' id='word_1_78' title='bbox 1252 1172 1309 1231; x_wconf 86' lang='grc'><strong><em>77;</em></strong></span> <span class='ocrx_word' id='word_1_79' title='bbox 1362 1171 1441 1229; x_wconf 80' lang='lat' dir='ltr'><strong><em>Vere-</em></strong></span> 
     </span>
     <span class='ocr_line' id='line_1_9' title="bbox 286 1262 1441 1342; baseline -0.001 -15"><span class='ocrx_word' id='word_1_80' title='bbox 286 1266 414 1327; x_wconf 70' lang='lat' dir='ltr'><strong><em>concoct</em></strong></span> <span class='ocrx_word' id='word_1_81' title='bbox 437 1266 583 1324; x_wconf 87' lang='lat' dir='ltr'><strong><em>neminem</em></strong></span> <span class='ocrx_word' id='word_1_82' title='bbox 608 1273 680 1338; x_wconf 86' lang='lat' dir='ltr'><strong><em>aput</em></strong></span> <span class='ocrx_word' id='word_1_83' title='bbox 702 1281 833 1322; x_wconf 87' lang='lat' dir='ltr'><strong><em>mensem</em></strong></span> <span class='ocrx_word' id='word_1_84' title='bbox 856 1264 941 1338; x_wconf 79' lang='lat' dir='ltr'><strong><em>decet,</em></strong></span> <span class='ocrx_word' id='word_1_85' title='bbox 964 1262 983 1324; x_wconf 88' lang='lat' dir='ltr'><strong><em>i.</em></strong></span> <span class='ocrx_word' id='word_1_86' title='bbox 1001 1281 1027 1326; x_wconf 88' lang='lat' dir='ltr'><strong><em>e.</em></strong></span> <span class='ocrx_word' id='word_1_87' title='bbox 1052 1263 1250 1328; x_wconf 82' lang='lat' dir='ltr'><strong><em>verecundie.</em></strong></span> <span class='ocrx_word' id='word_1_88' title='bbox 1299 1266 1373 1329; x_wconf 80' lang='lat' dir='ltr'>Aul.</span> <span class='ocrx_word' id='word_1_89' title='bbox 1393 1265 1441 1342; x_wconf 77' lang='lat' dir='ltr'><strong><em>lv,</em></strong></span> 
     </span>
     <span class='ocr_line' id='line_1_10' title="bbox 289 1359 1441 1443; baseline -0.001 -17"><span class='ocrx_word' id='word_1_90' title='bbox 289 1368 317 1439; x_wconf 92' lang='lat'><strong><em>1,</em></strong></span> <span class='ocrx_word' id='word_1_91' title='bbox 340 1369 375 1425; x_wconf 85' lang='lat'><strong><em>4:</em></strong></span> <span class='ocrx_word' id='word_1_92' title='bbox 408 1365 437 1422; x_wconf 90' lang='lat' dir='ltr'><strong><em>in</em></strong></span> <span class='ocrx_word' id='word_1_93' title='bbox 469 1380 500 1421; x_wconf 91' lang='lat' dir='ltr'><strong><em>se</em></strong></span> <span class='ocrx_word' id='word_1_94' title='bbox 530 1379 599 1420; x_wconf 84' lang='lat' dir='ltr'><strong><em>sere</em></strong></span> <span class='ocrx_word' id='word_1_95' title='bbox 625 1361 758 1420; x_wconf 84' lang='lat' dir='ltr'><strong><em>condecet</em></strong></span> <span class='ocrx_word' id='word_1_96' title='bbox 783 1378 939 1434; x_wconf 79' lang='lat' dir='ltr'><strong><em>capessere.</em></strong></span> <span class='ocrx_word' id='word_1_97' title='bbox 986 1359 1113 1423; x_wconf 82' lang='lat' dir='ltr'><strong><em>Terent.</em></strong></span> <span class='ocrx_word' id='word_1_98' title='bbox 1145 1361 1224 1425; x_wconf 88' lang='lat' dir='ltr'><strong><em>Eun.</em></strong></span> <span class='ocrx_word' id='word_1_99' title='bbox 1253 1361 1311 1438; x_wconf 87' lang='lat' dir='ltr'><strong><em>IV,</em></strong></span> <span class='ocrx_word' id='word_1_100' title='bbox 1336 1369 1367 1443; x_wconf 83' lang='lat'><strong><em>7,</em></strong></span> <span class='ocrx_word' id='word_1_101' title='bbox 1392 1370 1441 1428; x_wconf 82' lang='lat'><strong><em>19:</em></strong></span> 
     </span>
     <span class='ocr_line' id='line_1_11' title="bbox 287 1456 1440 1535; baseline 0.003 -13"><span class='ocrx_word' id='word_1_102' title='bbox 287 1463 395 1523; x_wconf 82' lang='lat' dir='ltr'><strong><em>Omnia</em></strong></span> <span class='ocrx_word' id='word_1_103' title='bbox 415 1462 499 1535; x_wconf 88' lang='lat' dir='ltr'><strong><em>prins</em></strong></span> <span class='ocrx_word' id='word_1_104' title='bbox 522 1459 659 1531; x_wconf 65' lang='lat' dir='ltr'><strong><em>eeneriri,</em></strong></span> <span class='ocrx_word' id='word_1_105' title='bbox 683 1476 767 1532; x_wconf 86' lang='lat' dir='ltr'><strong><em>quem</em></strong></span> <span class='ocrx_word' id='word_1_106' title='bbox 792 1462 891 1533; x_wconf 86' lang='lat' dir='ltr'><strong><em>ermis,</em></strong></span> <span class='ocrx_word' id='word_1_107' title='bbox 923 1462 1087 1535; x_wconf 74' lang='lat' dir='ltr'><strong>sapientem</strong></span> <span class='ocrx_word' id='word_1_108' title='bbox 1109 1461 1194 1522; x_wconf 80' lang='lat' dir='ltr'><strong><em>decet.</em></strong></span> <span class='ocrx_word' id='word_1_109' title='bbox 1241 1456 1322 1523; x_wconf 83' lang='lat' dir='ltr'><strong><em>Cato</em></strong></span> <span class='ocrx_word' id='word_1_110' title='bbox 1348 1460 1386 1525; x_wconf 83' lang='lat' dir='ltr'>R</span> <span class='ocrx_word' id='word_1_111' title='bbox 1410 1461 1440 1524; x_wconf 76' lang='lat' dir='ltr'>R</span> 
     </span>
     <span class='ocr_line' id='line_1_12' title="bbox 286 1556 1439 1638; baseline -0.003 -17"><span class='ocrx_word' id='word_1_112' title='bbox 286 1575 313 1621; x_wconf 83' lang='lat' dir='ltr'><strong><em>e·</em></strong></span> <span class='ocrx_word' id='word_1_113' title='bbox 337 1562 374 1621; x_wconf 86' lang='lat'><strong><em>9:</em></strong></span> <span class='ocrx_word' id='word_1_114' title='bbox 410 1561 475 1617; x_wconf 88' lang='lat' dir='ltr'><strong><em>Hoc</em></strong></span> <span class='ocrx_word' id='word_1_115' title='bbox 499 1568 546 1616; x_wconf 86' lang='lat' dir='ltr'><strong><em>est</em></strong></span> <span class='ocrx_word' id='word_1_116' title='bbox 568 1557 731 1631; x_wconf 83' lang='lat' dir='ltr'><strong><em>praedium,</em></strong></span> <span class='ocrx_word' id='word_1_117' title='bbox 757 1558 833 1632; x_wconf 90' lang='lat' dir='ltr'><strong><em>quod</em></strong></span> <span class='ocrx_word' id='word_1_118' title='bbox 858 1559 906 1616; x_wconf 91' lang='lat' dir='ltr'><strong><em>nbi</em></strong></span> <span class='ocrx_word' id='word_1_119' title='bbox 930 1560 973 1615; x_wconf 84' lang='lat' dir='ltr'><strong><em>ris</em></strong></span> <span class='ocrx_word' id='word_1_120' title='bbox 996 1559 1113 1631; x_wconf 74' lang='lat' dir='ltr'><strong><em>expedit</em></strong></span> <span class='ocrx_word' id='word_1_121' title='bbox 1133 1559 1239 1631; x_wconf 77' lang='lat' dir='ltr'><strong><em>facere.</em></strong></span> <span class='ocrx_word' id='word_1_122' title='bbox 1262 1556 1304 1622; x_wconf 89' lang='lat' dir='ltr'><strong><em>ib.</em></strong></span> <span class='ocrx_word' id='word_1_123' title='bbox 1329 1557 1439 1638; x_wconf 75' lang='lat' dir='ltr'><strong><em>praei:</em></strong></span> 
     </span>
     <span class='ocr_line' id='line_1_13' title="bbox 287 1651 1438 1733; baseline 0.002 -17"><span class='ocrx_word' id='word_1_124' title='bbox 287 1659 359 1716; x_wconf 88' lang='lat' dir='ltr'><strong><em>licet</em></strong></span> <span class='ocrx_word' id='word_1_125' title='bbox 393 1658 566 1715; x_wconf 78' lang='lat' dir='ltr'><strong><em>existimari.</em></strong></span> <span class='ocrx_word' id='word_1_126' title='bbox 612 1652 714 1716; x_wconf 80' lang='lat' dir='ltr'><strong>Plaut.</strong></span> <span class='ocrx_word' id='word_1_127' title='bbox 739 1651 797 1731; x_wconf 84' lang='lat' dir='ltr'><strong><em>Ep.</em></strong></span> <span class='ocrx_word' id='word_1_128' title='bbox 830 1652 892 1726; x_wconf 72' lang='grc' dir='ltr'>ΙΙΙ,</span> <span class='ocrx_word' id='word_1_129' title='bbox 918 1659 954 1730; x_wconf 75' lang='lat'><strong><em>2,</em></strong></span> <span class='ocrx_word' id='word_1_130' title='bbox 985 1658 1018 1715; x_wconf 78' lang='lat'><strong><em>2:</em></strong></span> <span class='ocrx_word' id='word_1_131' title='bbox 1052 1674 1112 1715; x_wconf 85' lang='lat' dir='ltr'><strong><em>esse</em></strong></span> <span class='ocrx_word' id='word_1_132' title='bbox 1145 1660 1199 1715; x_wconf 86' lang='lat' dir='ltr'><strong><em>tibi</em></strong></span> <span class='ocrx_word' id='word_1_133' title='bbox 1234 1658 1303 1716; x_wconf 86' lang='lat' dir='ltr'><strong><em>ticet</em></strong></span> <span class='ocrx_word' id='word_1_134' title='bbox 1336 1664 1438 1733; x_wconf 87' lang='lat' dir='ltr'><strong><em>quieto.</em></strong></span> 
     </span>
     <span class='ocr_line' id='line_1_14' title="bbox 285 1750 1438 1832; baseline 0.003 -17"><span class='ocrx_word' id='word_1_135' title='bbox 285 1751 402 1817; x_wconf 86' lang='lat' dir='ltr'><strong>Pseud.</strong></span> <span class='ocrx_word' id='word_1_136' title='bbox 435 1750 475 1826; x_wconf 90' lang='grc' dir='ltr'><strong><em>ΙΙ,</em></strong></span> <span class='ocrx_word' id='word_1_137' title='bbox 508 1758 535 1829; x_wconf 93' lang='lat' dir='ltr'><strong><em>l,</em></strong></span> <span class='ocrx_word' id='word_1_138' title='bbox 569 1756 620 1814; x_wconf 86' lang='lat'><strong><em>14:</em></strong></span> <span class='ocrx_word' id='word_1_139' title='bbox 663 1753 786 1812; x_wconf 75' lang='lat' dir='ltr'><strong><em>Licetne</em></strong></span> <span class='ocrx_word' id='word_1_140' title='bbox 815 1755 843 1812; x_wconf 89' lang='lat' dir='ltr'><strong><em>id</em></strong></span> <span class='ocrx_word' id='word_1_141' title='bbox 873 1755 948 1812; x_wconf 84' lang='lat' dir='ltr'><strong><em>scire</em></strong></span> <span class='ocrx_word' id='word_1_142' title='bbox 977 1755 1045 1828; x_wconf 87' lang='lat' dir='ltr'><strong><em>qnid</em></strong></span> <span class='ocrx_word' id='word_1_143' title='bbox 1074 1756 1133 1814; x_wconf 82' lang='lat' dir='ltr'><strong><em>sit?</em></strong></span> <span class='ocrx_word' id='word_1_144' title='bbox 1176 1754 1270 1817; x_wconf 84' lang='lat' dir='ltr'><strong><em>Poen.</em></strong></span> <span class='ocrx_word' id='word_1_145' title='bbox 1304 1754 1330 1832; x_wconf 94' lang='grc' dir='ltr'>Ι,</span> <span class='ocrx_word' id='word_1_146' title='bbox 1362 1762 1390 1828; x_wconf 88' lang='grc'><strong><em>3,</em></strong></span> <span class='ocrx_word' id='word_1_147' title='bbox 1412 1761 1438 1820; x_wconf 86' lang='grc'><strong><em>3;</em></strong></span> 
     </span>
     <span class='ocr_line' id='line_1_15' title="bbox 287 1849 1438 1931; baseline 0.005 -20"><span class='ocrx_word' id='word_1_148' title='bbox 287 1853 354 1912; x_wconf 93' lang='lat' dir='ltr'>Tibi</span> <span class='ocrx_word' id='word_1_149' title='bbox 386 1850 503 1925; x_wconf 90' lang='lat' dir='ltr'><strong><em>quidem</em></strong></span> <span class='ocrx_word' id='word_1_150' title='bbox 534 1852 636 1909; x_wconf 90' lang='lat' dir='ltr'><strong><em>hercle</em></strong></span> <span class='ocrx_word' id='word_1_151' title='bbox 665 1849 789 1909; x_wconf 83' lang='lat' dir='ltr'><strong><em>rendere</em></strong></span> <span class='ocrx_word' id='word_1_152' title='bbox 818 1854 905 1910; x_wconf 85' lang='lat' dir='ltr'><strong><em>besee</em></strong></span> <span class='ocrx_word' id='word_1_153' title='bbox 930 1853 1013 1910; x_wconf 84' lang='lat' dir='ltr'><strong><em>aedis</em></strong></span> <span class='ocrx_word' id='word_1_154' title='bbox 1036 1854 1108 1913; x_wconf 82' lang='lat' dir='ltr'><strong><em>ticet.</em></strong></span> <span class='ocrx_word' id='word_1_155' title='bbox 1153 1851 1241 1915; x_wconf 71' lang='lat' dir='ltr'><strong><em>Pers</em></strong></span> <span class='ocrx_word' id='word_1_156' title='bbox 1266 1851 1329 1931; x_wconf 93' lang='lat' dir='ltr'>III,</span> <span class='ocrx_word' id='word_1_157' title='bbox 1358 1860 1384 1930; x_wconf 90' lang='lat' dir='ltr'><strong><em>l,</em></strong></span> <span class='ocrx_word' id='word_1_158' title='bbox 1404 1858 1438 1917; x_wconf 74' lang='lat'><strong><em>48</em></strong></span> 
     </span>
     <span class='ocr_line' id='line_1_16' title="bbox 288 1949 1437 2028; baseline 0.002 -17"><span class='ocrx_word' id='word_1_159' title='bbox 288 1965 350 2028; x_wconf 84' lang='lat' dir='ltr'><strong><em>sq.:</em></strong></span> <span class='ocrx_word' id='word_1_160' title='bbox 399 1949 518 2008; x_wconf 82' lang='lat' dir='ltr'><strong><em>Lubere</em></strong></span> <span class='ocrx_word' id='word_1_161' title='bbox 550 1950 604 2007; x_wconf 81' lang='lat' dir='ltr'><strong><em>tibi</em></strong></span> <span class='ocrx_word' id='word_1_162' title='bbox 638 1965 693 2023; x_wconf 87' lang='lat' dir='ltr'><strong><em>per</em></strong></span> <span class='ocrx_word' id='word_1_163' title='bbox 726 1966 771 2005; x_wconf 85' lang='lat' dir='ltr'><strong><em>me</em></strong></span> <span class='ocrx_word' id='word_1_164' title='bbox 804 1950 890 2007; x_wconf 82' lang='lat' dir='ltr'><strong><em>licere</em></strong></span> <span class='ocrx_word' id='word_1_165' title='bbox 919 1953 1076 2025; x_wconf 73' lang='lat' dir='ltr'><strong><em>intellego:</em></strong></span> <span class='ocrx_word' id='word_1_166' title='bbox 1123 1953 1230 2010; x_wconf 88' lang='lat' dir='ltr'><strong><em>Vernrn</em></strong></span> <span class='ocrx_word' id='word_1_167' title='bbox 1260 1954 1364 2013; x_wconf 83' lang='lat' dir='ltr'><strong><em>lubere</em></strong></span> <span class='ocrx_word' id='word_1_168' title='bbox 1388 1957 1437 2013; x_wconf 80' lang='lat' dir='ltr'><strong><em>hen</em></strong></span> 
     </span>
     <span class='ocr_line' id='line_1_17' title="bbox 288 2043 1435 2124; baseline 0.004 -16"><span class='ocrx_word' id='word_1_169' title='bbox 288 2049 395 2122; x_wconf 80' lang='lat' dir='ltr'><strong><em>iubeat,</em></strong></span> <span class='ocrx_word' id='word_1_170' title='bbox 427 2049 452 2106; x_wconf 91' lang='lat' dir='ltr'><strong><em>si</em></strong></span> <span class='ocrx_word' id='word_1_171' title='bbox 483 2049 582 2119; x_wconf 82' lang='lat' dir='ltr'><strong><em>lineet,</em></strong></span> <span class='ocrx_word' id='word_1_172' title='bbox 610 2047 691 2105; x_wconf 89' lang='lat' dir='ltr'><strong><em>mihi.</em></strong></span> <span class='ocrx_word' id='word_1_173' title='bbox 742 2043 839 2108; x_wconf 81' lang='lat' dir='ltr'><strong><em>Stich.</em></strong></span> <span class='ocrx_word' id='word_1_174' title='bbox 869 2044 922 2121; x_wconf 91' lang='lat' dir='ltr'><strong><em>IV,</em></strong></span> <span class='ocrx_word' id='word_1_175' title='bbox 954 2051 982 2124; x_wconf 82' lang='lat'><strong><em>2,</em></strong></span> <span class='ocrx_word' id='word_1_176' title='bbox 1012 2053 1064 2110; x_wconf 79' lang='lat'><strong><em>31:</em></strong></span> <span class='ocrx_word' id='word_1_177' title='bbox 1097 2051 1149 2109; x_wconf 81' lang='lat' dir='ltr'><strong><em>tibi</em></strong></span> <span class='ocrx_word' id='word_1_178' title='bbox 1173 2082 1216 2091; x_wconf 91' lang='lat'><em>-</em></span> <span class='ocrx_word' id='word_1_179' title='bbox 1238 2053 1382 2113; x_wconf 74' lang='lat' dir='ltr'><strong><em>incenato</em></strong></span> <span class='ocrx_word' id='word_1_180' title='bbox 1405 2084 1435 2096; x_wconf 89' lang='lat'>-</span> 
     </span>
     <span class='ocr_line' id='line_1_18' title="bbox 287 2140 1437 2220; baseline 0.003 -15"><span class='ocrx_word' id='word_1_181' title='bbox 287 2164 347 2206; x_wconf 90' lang='lat' dir='ltr'><strong><em>esse</em></strong></span> <span class='ocrx_word' id='word_1_182' title='bbox 370 2147 456 2206; x_wconf 88' lang='lat' dir='ltr'><strong><em>hodie</em></strong></span> <span class='ocrx_word' id='word_1_183' title='bbox 481 2146 553 2205; x_wconf 85' lang='lat' dir='ltr'><strong><em>ticet.</em></strong></span> <span class='ocrx_word' id='word_1_184' title='bbox 600 2140 691 2206; x_wconf 87' lang='lat' dir='ltr'><strong><em>Truc.</em></strong></span> <span class='ocrx_word' id='word_1_185' title='bbox 708 2142 763 2220; x_wconf 71' lang='lat' dir='ltr'><strong><em>lv,</em></strong></span> <span class='ocrx_word' id='word_1_186' title='bbox 779 2149 809 2219; x_wconf 99' lang='lat'><strong><em>4,</em></strong></span> <span class='ocrx_word' id='word_1_187' title='bbox 828 2149 882 2206; x_wconf 86' lang='lat'><strong><em>31:</em></strong></span> <span class='ocrx_word' id='word_1_188' title='bbox 906 2145 1002 2205; x_wconf 83' lang='lat' dir='ltr'><strong><em>dicere</em></strong></span> <span class='ocrx_word' id='word_1_189' title='bbox 1024 2147 1072 2205; x_wconf 88' lang='lat' dir='ltr'><strong><em>hie</em></strong></span> <span class='ocrx_word' id='word_1_190' title='bbox 1088 2148 1203 2220; x_wconf 87' lang='lat' dir='ltr'><strong><em>quidvis</em></strong></span> <span class='ocrx_word' id='word_1_191' title='bbox 1220 2149 1295 2208; x_wconf 83' lang='lat' dir='ltr'><strong><em>licet.</em></strong></span> <span class='ocrx_word' id='word_1_192' title='bbox 1340 2147 1437 2211; x_wconf 80' lang='lat' dir='ltr'><strong><em>Plauti</em></strong></span> 
     </span>
     <span class='ocr_line' id='line_1_19' title="bbox 288 2242 1436 2321; baseline -0.001 -16"><span class='ocrx_word' id='word_1_193' title='bbox 288 2242 404 2321; x_wconf 79' lang='lat' dir='ltr'><strong><em>fragm.</em></strong></span> <span class='ocrx_word' id='word_1_194' title='bbox 423 2245 586 2305; x_wconf 75' lang='lat' dir='ltr'><strong><em>Artemon.</em></strong></span> <span class='ocrx_word' id='word_1_195' title='bbox 607 2257 636 2319; x_wconf 84' lang='lat' dir='ltr'><strong><em>p.</em></strong></span> <span class='ocrx_word' id='word_1_196' title='bbox 653 2243 731 2304; x_wconf 81' lang='lat'>476:</span> <span class='ocrx_word' id='word_1_197' title='bbox 755 2245 840 2301; x_wconf 81' lang='lat' dir='ltr'><strong><em>Nunc</em></strong></span> <span class='ocrx_word' id='word_1_198' title='bbox 863 2245 934 2302; x_wconf 83' lang='lat' dir='ltr'><strong><em>milri</em></strong></span> <span class='ocrx_word' id='word_1_199' title='bbox 957 2244 1023 2301; x_wconf 85' lang='lat' dir='ltr'><strong><em>ticet</em></strong></span> <span class='ocrx_word' id='word_1_200' title='bbox 1044 2247 1158 2318; x_wconf 80' lang='lat' dir='ltr'><strong><em>quidvis</em></strong></span> <span class='ocrx_word' id='word_1_201' title='bbox 1181 2245 1271 2318; x_wconf 66' lang='lat' dir='ltr'><strong><em>toqrrt.</em></strong></span> <span class='ocrx_word' id='word_1_202' title='bbox 1317 2245 1436 2310; x_wconf 83' lang='lat' dir='ltr'><strong><em>Terent.</em></strong></span> 
     </span>
     <span class='ocr_line' id='line_1_20' title="bbox 286 2339 1435 2419; baseline -0.003 -15"><span class='ocrx_word' id='word_1_203' title='bbox 286 2339 403 2404; x_wconf 83' lang='lat' dir='ltr'><strong><em>Heaut.</em></strong></span> <span class='ocrx_word' id='word_1_204' title='bbox 426 2339 464 2419; x_wconf 88' lang='lat' dir='ltr'><strong><em>V,</em></strong></span> <span class='ocrx_word' id='word_1_205' title='bbox 488 2343 516 2417; x_wconf 86' lang='lat'><strong><em>2,</em></strong></span> <span class='ocrx_word' id='word_1_206' title='bbox 540 2341 596 2401; x_wconf 82' lang='lat'><strong><em>28:</em></strong></span> <span class='ocrx_word' id='word_1_207' title='bbox 642 2342 732 2399; x_wconf 85' lang='lat' dir='ltr'><strong><em>Modo</em></strong></span> <span class='ocrx_word' id='word_1_208' title='bbox 755 2341 968 2419; x_wconf 64' lang='lat' dir='ltr'><strong><em>licostenes,</em></strong></span> <span class='ocrx_word' id='word_1_209' title='bbox 998 2348 1046 2400; x_wconf 87' lang='lat' dir='ltr'><strong><em>est</em></strong></span> <span class='ocrx_word' id='word_1_210' title='bbox 1068 2360 1145 2416; x_wconf 87' lang='lat' dir='ltr'><strong><em>spes.</em></strong></span> <span class='ocrx_word' id='word_1_211' title='bbox 1192 2340 1271 2405; x_wconf 83' lang='lat' dir='ltr'><strong><em>Ceto</em></strong></span> <span class='ocrx_word' id='word_1_212' title='bbox 1296 2342 1333 2405; x_wconf 91' lang='lat' dir='ltr'><strong><em>R.</em></strong></span> <span class='ocrx_word' id='word_1_213' title='bbox 1360 2345 1394 2407; x_wconf 87' lang='lat' dir='ltr'><strong><em>R.</em></strong></span> <span class='ocrx_word' id='word_1_214' title='bbox 1414 2362 1435 2408; x_wconf 87' lang='lat' dir='ltr'><strong><em>c.</em></strong></span> 
     </span>
     <span class='ocr_line' id='line_1_21' title="bbox 286 2437 1433 2509; baseline 0.003 -8"><span class='ocrx_word' id='word_1_215' title='bbox 286 2442 323 2501; x_wconf 73' lang='grc' dir='ltr'><strong><em>δε</em></strong></span> <span class='ocrx_word' id='word_1_216' title='bbox 347 2452 380 2499; x_wconf 86' lang='lat' dir='ltr'><strong><em>nt</em></strong></span> <span class='ocrx_word' id='word_1_217' title='bbox 403 2443 471 2499; x_wconf 84' lang='lat' dir='ltr'><strong><em>eliis</em></strong></span> <span class='ocrx_word' id='word_1_218' title='bbox 494 2445 576 2498; x_wconf 87' lang='lat' dir='ltr'><strong><em>reete</em></strong></span> <span class='ocrx_word' id='word_1_219' title='bbox 597 2437 696 2509; x_wconf 73' lang='lat' dir='ltr'><strong><em>tacere</em></strong></span> <span class='ocrx_word' id='word_1_220' title='bbox 719 2440 815 2498; x_wconf 83' lang='lat' dir='ltr'><strong><em>libeat.</em></strong></span> <span class='ocrx_word' id='word_1_221' title='bbox 837 2438 891 2499; x_wconf 90' lang='lat' dir='ltr'><strong><em>ib.:</em></strong></span> <span class='ocrx_word' id='word_1_222' title='bbox 915 2441 1010 2498; x_wconf 88' lang='lat' dir='ltr'><strong><em>minus</em></strong></span> <span class='ocrx_word' id='word_1_223' title='bbox 1027 2440 1126 2498; x_wconf 77' lang='lat' dir='ltr'><strong><em>libebit</em></strong></span> <span class='ocrx_word' id='word_1_224' title='bbox 1139 2443 1302 2503; x_wconf 81' lang='lat' dir='ltr'><strong><em>ambulare.</em></strong></span> <span class='ocrx_word' id='word_1_225' title='bbox 1337 2442 1433 2505; x_wconf 76' lang='lat' dir='ltr'><strong><em>Plan</em></strong></span> 
     </span>
    </p>
   </div>
   <div class='ocr_carea' id='block_1_3' title="bbox 285 2534 1439 3104">
    <p class='ocr_par' dir='ltr' id='par_1_3' title="bbox 285 2534 1439 3104">
     <span class='ocr_line' id='line_1_22' title="bbox 287 2534 1437 2617; baseline 0 -17"><span class='ocrx_word' id='word_1_226' title='bbox 287 2534 405 2601; x_wconf 81' lang='lat' dir='ltr'><strong><em>Pseud.</em></strong></span> <span class='ocrx_word' id='word_1_227' title='bbox 428 2535 484 2615; x_wconf 78' lang='grc' dir='ltr'><strong><em>Ν,</em></strong></span> <span class='ocrx_word' id='word_1_228' title='bbox 509 2542 537 2604; x_wconf 86' lang='grc'><strong><em>7,</em></strong></span> <span class='ocrx_word' id='word_1_229' title='bbox 562 2541 616 2597; x_wconf 83' lang='lat'><strong><em>24:</em></strong></span> <span class='ocrx_word' id='word_1_230' title='bbox 661 2539 721 2595; x_wconf 80' lang='lat' dir='ltr'><strong><em>Iam</em></strong></span> <span class='ocrx_word' id='word_1_231' title='bbox 751 2538 924 2595; x_wconf 78' lang='lat' dir='ltr'><strong><em>ednrordere</em></strong></span> <span class='ocrx_word' id='word_1_232' title='bbox 954 2541 1030 2598; x_wconf 87' lang='lat' dir='ltr'><strong><em>hunc</em></strong></span> <span class='ocrx_word' id='word_1_233' title='bbox 1061 2542 1131 2598; x_wconf 85' lang='lat' dir='ltr'><strong><em>mini</em></strong></span> <span class='ocrx_word' id='word_1_234' title='bbox 1156 2542 1241 2600; x_wconf 77' lang='lat' dir='ltr'><strong><em>lebet.</em></strong></span> <span class='ocrx_word' id='word_1_235' title='bbox 1288 2540 1384 2603; x_wconf 83' lang='lat' dir='ltr'><strong><em>Poen.</em></strong></span> <span class='ocrx_word' id='word_1_236' title='bbox 1407 2539 1437 2617; x_wconf 71' lang='grc' dir='ltr'>Ι,</span> 
     </span>
     <span class='ocr_line' id='line_1_23' title="bbox 285 2635 1437 2716; baseline 0.003 -17"><span class='ocrx_word' id='word_1_237' title='bbox 285 2643 316 2713; x_wconf 85' lang='grc'><strong><em>4,</em></strong></span> <span class='ocrx_word' id='word_1_238' title='bbox 341 2640 395 2700; x_wconf 80' lang='lat'><strong><em>96:</em></strong></span> <span class='ocrx_word' id='word_1_239' title='bbox 432 2639 481 2712; x_wconf 90' lang='lat' dir='ltr'><strong><em>qui</em></strong></span> <span class='ocrx_word' id='word_1_240' title='bbox 516 2637 594 2695; x_wconf 82' lang='lat' dir='ltr'><strong><em>tebet</em></strong></span> <span class='ocrx_word' id='word_1_241' title='bbox 627 2643 686 2693; x_wconf 79' lang='lat' dir='ltr'><strong><em>tem</em></strong></span> <span class='ocrx_word' id='word_1_242' title='bbox 720 2637 769 2693; x_wconf 86' lang='lat' dir='ltr'><strong><em>din</em></strong></span> <span class='ocrx_word' id='word_1_243' title='bbox 805 2639 901 2693; x_wconf 85' lang='lat' dir='ltr'><strong><em>tenere</em></strong></span> <span class='ocrx_word' id='word_1_244' title='bbox 935 2641 1041 2696; x_wconf 82' lang='lat' dir='ltr'><strong><em>collum</em></strong></span> <span class='ocrx_word' id='word_1_245' title='bbox 1066 2635 1125 2697; x_wconf 71' lang='grc' dir='ltr'>-Ι</span> <span class='ocrx_word' id='word_1_246' title='bbox 1171 2638 1283 2715; x_wconf 78' lang='lat' dir='ltr'><strong><em>Arrrph.</em></strong></span> <span class='ocrx_word' id='word_1_247' title='bbox 1309 2638 1333 2716; x_wconf 91' lang='lat' dir='ltr'><strong><em>I,</em></strong></span> <span class='ocrx_word' id='word_1_248' title='bbox 1358 2644 1386 2704; x_wconf 87' lang='lat'><strong><em>3.</em></strong></span> <span class='ocrx_word' id='word_1_249' title='bbox 1408 2643 1437 2702; x_wconf 81' lang='lat'><strong><em>3:</em></strong></span> 
     </span>
     <span class='ocr_line' id='line_1_24' title="bbox 286 2730 1437 2809; baseline 0 -13"><span class='ocrx_word' id='word_1_250' title='bbox 286 2738 362 2796; x_wconf 89' lang='lat' dir='ltr'>Mihi</span> <span class='ocrx_word' id='word_1_251' title='bbox 397 2739 536 2794; x_wconf 77' lang='lat' dir='ltr'><strong><em>necessest</em></strong></span> <span class='ocrx_word' id='word_1_252' title='bbox 567 2734 611 2790; x_wconf 82' lang='lat' dir='ltr'><strong><em>ire</em></strong></span> <span class='ocrx_word' id='word_1_253' title='bbox 644 2735 722 2790; x_wconf 86' lang='lat' dir='ltr'><strong><em>hine.</em></strong></span> <span class='ocrx_word' id='word_1_254' title='bbox 779 2730 850 2794; x_wconf 74' lang='lat' dir='ltr'><strong><em>Cen.</em></strong></span> <span class='ocrx_word' id='word_1_255' title='bbox 885 2731 927 2806; x_wconf 90' lang='lat' dir='ltr'><strong><em>Il,</em></strong></span> <span class='ocrx_word' id='word_1_256' title='bbox 964 2742 992 2809; x_wconf 72' lang='grc' dir='ltr'><strong><em>τ’),</em></strong></span> <span class='ocrx_word' id='word_1_257' title='bbox 1029 2739 1081 2797; x_wconf 78' lang='grc' dir='ltr'><strong><em>36ε</em></strong></span> <span class='ocrx_word' id='word_1_258' title='bbox 1127 2734 1318 2797; x_wconf 82' lang='lat' dir='ltr'><strong><em>Necessnmst</em></strong></span> <span class='ocrx_word' id='word_1_259' title='bbox 1351 2742 1437 2798; x_wconf 80' lang='lat' dir='ltr'><strong><em>vorsis</em></strong></span> 
     </span>
     <span class='ocr_line' id='line_1_25' title="bbox 286 2827 1439 2911; baseline 0.002 -19"><span class='ocrx_word' id='word_1_260' title='bbox 286 2836 394 2911; x_wconf 81' lang='lat' dir='ltr'>gladiis</span> <span class='ocrx_word' id='word_1_261' title='bbox 417 2831 623 2905; x_wconf 69' lang='lat' dir='ltr'><strong><em>denuntiarin-</em></strong></span> <span class='ocrx_word' id='word_1_262' title='bbox 668 2827 745 2891; x_wconf 77' lang='lat' dir='ltr'><strong><em>cist.</em></strong></span> <span class='ocrx_word' id='word_1_263' title='bbox 763 2828 804 2902; x_wconf 84' lang='grc' dir='ltr'><strong><em>ΙΙ,</em></strong></span> <span class='ocrx_word' id='word_1_264' title='bbox 822 2839 850 2905; x_wconf 86' lang='grc'><strong><em>3,</em></strong></span> <span class='ocrx_word' id='word_1_265' title='bbox 867 2834 921 2893; x_wconf 85' lang='grc'><strong><em>82;</em></strong></span> <span class='ocrx_word' id='word_1_266' title='bbox 950 2835 1036 2892; x_wconf 73' lang='lat' dir='ltr'><strong><em>Nunc</em></strong></span> <span class='ocrx_word' id='word_1_267' title='bbox 1060 2835 1130 2892; x_wconf 89' lang='lat' dir='ltr'><strong><em>mihi</em></strong></span> <span class='ocrx_word' id='word_1_268' title='bbox 1153 2837 1247 2894; x_wconf 85' lang='lat' dir='ltr'><strong><em>bonae</em></strong></span> <span class='ocrx_word' id='word_1_269' title='bbox 1270 2841 1439 2896; x_wconf 79' lang='lat' dir='ltr'><strong><em>roecessnmst</em></strong></span> 
     </span>
     <span class='ocr_line' id='line_1_26' title="bbox 288 2924 1436 3010; baseline 0.004 -18"><span class='ocrx_word' id='word_1_270' title='bbox 288 2949 350 2992; x_wconf 86' lang='lat' dir='ltr'><strong><em>esse</em></strong></span> <span class='ocrx_word' id='word_1_271' title='bbox 374 2933 521 3006; x_wconf 79' lang='lat' dir='ltr'><strong><em>ingratiis.</em></strong></span> <span class='ocrx_word' id='word_1_272' title='bbox 566 2924 635 2988; x_wconf 88' lang='lat' dir='ltr'><strong><em>Hoc</em></strong></span> <span class='ocrx_word' id='word_1_273' title='bbox 658 2925 726 2989; x_wconf 86' lang='lat' dir='ltr'><strong><em>loeo</em></strong></span> <span class='ocrx_word' id='word_1_274' title='bbox 751 2933 784 2990; x_wconf 82' lang='lat' dir='ltr'><strong><em>et</em></strong></span> <span class='ocrx_word' id='word_1_275' title='bbox 807 2928 932 2991; x_wconf 84' lang='lat' dir='ltr'><strong>(luobus</strong></span> <span class='ocrx_word' id='word_1_276' title='bbox 957 2929 1192 3008; x_wconf 64' lang='lat' dir='ltr'><strong><em>summitatis</em></strong></span> <span class='ocrx_word' id='word_1_277' title='bbox 1217 2931 1309 3009; x_wconf 69' lang='lat' dir='ltr'><strong><em>Epiri.</em></strong></span> <span class='ocrx_word' id='word_1_278' title='bbox 1334 2933 1391 3010; x_wconf 88' lang='lat'>111,</span> <span class='ocrx_word' id='word_1_279' title='bbox 1413 2939 1436 3007; x_wconf 74' lang='lat'><strong><em>2,</em></strong></span> 
     </span>
     <span class='ocr_line' id='line_1_27' title="bbox 288 3024 1437 3104; baseline -0.001 -12"><span class='ocrx_word' id='word_1_280' title='bbox 288 3035 316 3104; x_wconf 78' lang='lat'><strong><em>2,</em></strong></span> <span class='ocrx_word' id='word_1_281' title='bbox 343 3026 440 3091; x_wconf 82' lang='lat' dir='ltr'><strong><em>Stich.</em></strong></span> <span class='ocrx_word' id='word_1_282' title='bbox 465 3026 521 3101; x_wconf 82' lang='lat' dir='ltr'><strong><em>lv,</em></strong></span> <span class='ocrx_word' id='word_1_283' title='bbox 544 3029 572 3097; x_wconf 82' lang='lat'><strong><em>2,</em></strong></span> <span class='ocrx_word' id='word_1_284' title='bbox 599 3030 634 3087; x_wconf 87' lang='lat'><strong><em>31</em></strong></span> <span class='ocrx_word' id='word_1_285' title='bbox 669 3024 804 3087; x_wconf 84' lang='lat' dir='ltr'><strong><em>observa</em></strong></span> <span class='ocrx_word' id='word_1_286' title='bbox 828 3028 1049 3092; x_wconf 82' lang='lat' dir='ltr'><strong><em>attractionem</em></strong></span> <span class='ocrx_word' id='word_1_287' title='bbox 1074 3026 1171 3090; x_wconf 84' lang='lat' dir='ltr'><strong><em>dativi</em></strong></span> <span class='ocrx_word' id='word_1_288' title='bbox 1195 3047 1266 3092; x_wconf 82' lang='lat' dir='ltr'><strong><em>curn</em></strong></span> <span class='ocrx_word' id='word_1_289' title='bbox 1290 3028 1437 3094; x_wconf 80' lang='lat' dir='ltr'><strong><em>infinitivo</em></strong></span> 
     </span>
    </p>
   </div>
   <div class='ocr_carea' id='block_1_4' title="bbox 276 3123 1437 4478">
    <p class='ocr_par' dir='ltr' id='par_1_4' title="bbox 276 3123 1437 4478">
     <span class='ocr_line' id='line_1_28' title="bbox 286 3123 1436 3203; baseline -0.004 -14"><span class='ocrx_word' id='word_1_290' title='bbox 286 3124 412 3190; x_wconf 83' lang='lat' dir='ltr'><strong><em>factam.</em></strong></span> <span class='ocrx_word' id='word_1_291' title='bbox 458 3125 540 3188; x_wconf 83' lang='lat' dir='ltr'><strong><em>Men.</em></strong></span> <span class='ocrx_word' id='word_1_292' title='bbox 566 3123 590 3200; x_wconf 92' lang='grc' dir='ltr'>Ι,</span> <span class='ocrx_word' id='word_1_293' title='bbox 616 3131 643 3184; x_wconf 75' lang='grc'><strong><em>2.</em></strong></span> <span class='ocrx_word' id='word_1_294' title='bbox 668 3129 704 3186; x_wconf 88' lang='grc'><strong><em>9;</em></strong></span> <span class='ocrx_word' id='word_1_295' title='bbox 740 3129 782 3184; x_wconf 85' lang='lat' dir='ltr'><strong><em>itn</em></strong></span> <span class='ocrx_word' id='word_1_296' title='bbox 817 3144 932 3185; x_wconf 84' lang='lat' dir='ltr'><strong><em>omnem</em></strong></span> <span class='ocrx_word' id='word_1_297' title='bbox 967 3132 1038 3187; x_wconf 91' lang='lat' dir='ltr'><strong><em>mihi</em></strong></span> <span class='ocrx_word' id='word_1_298' title='bbox 1070 3130 1142 3186; x_wconf 82' lang='lat' dir='ltr'><strong><em>Rem</em></strong></span> <span class='ocrx_word' id='word_1_299' title='bbox 1172 3146 1285 3188; x_wconf 85' lang='lat' dir='ltr'><strong><em>necesse</em></strong></span> <span class='ocrx_word' id='word_1_300' title='bbox 1315 3132 1436 3203; x_wconf 79' lang='lat' dir='ltr'><strong><em>etoqnist.</em></strong></span> 
     </span>
     <span class='ocr_line' id='line_1_29' title="bbox 286 3222 1435 3302; baseline 0 -15"><span class='ocrx_word' id='word_1_301' title='bbox 286 3223 352 3287; x_wconf 86' lang='lat' dir='ltr'><strong><em>Mil.</em></strong></span> <span class='ocrx_word' id='word_1_302' title='bbox 377 3222 432 3300; x_wconf 93' lang='lat' dir='ltr'><strong><em>IV,</em></strong></span> <span class='ocrx_word' id='word_1_303' title='bbox 456 3228 485 3302; x_wconf 84' lang='lat'><strong><em>3,</em></strong></span> <span class='ocrx_word' id='word_1_304' title='bbox 511 3228 565 3287; x_wconf 85' lang='lat'><strong><em>25:</em></strong></span> <span class='ocrx_word' id='word_1_305' title='bbox 596 3225 688 3283; x_wconf 79' lang='lat' dir='ltr'><strong><em>Dices</em></strong></span> <span class='ocrx_word' id='word_1_306' title='bbox 711 3242 858 3284; x_wconf 79' lang='lat' dir='ltr'><strong><em>necessum</em></strong></span> <span class='ocrx_word' id='word_1_307' title='bbox 881 3228 934 3284; x_wconf 89' lang='lat' dir='ltr'><strong><em>tibi</em></strong></span> <span class='ocrx_word' id='word_1_308' title='bbox 957 3244 1017 3285; x_wconf 90' lang='lat' dir='ltr'><strong><em>esse</em></strong></span> <span class='ocrx_word' id='word_1_309' title='bbox 1040 3245 1159 3287; x_wconf 82' lang='lat' dir='ltr'><strong><em>uxorem</em></strong></span> <span class='ocrx_word' id='word_1_310' title='bbox 1182 3228 1298 3289; x_wconf 74' lang='lat' dir='ltr'><strong><em>duem.</em></strong></span> <span class='ocrx_word' id='word_1_311' title='bbox 1345 3226 1435 3290; x_wconf 76' lang='lat' dir='ltr'><strong><em>Stich.</em></strong></span> 
     </span>
     <span class='ocr_line' id='line_1_30' title="bbox 285 3321 1436 3406; baseline -0.002 -19"><span class='ocrx_word' id='word_1_312' title='bbox 285 3321 310 3394; x_wconf 84' lang='lat' dir='ltr'><strong><em>I,</em></strong></span> <span class='ocrx_word' id='word_1_313' title='bbox 336 3328 364 3400; x_wconf 89' lang='lat'><strong><em>3,</em></strong></span> <span class='ocrx_word' id='word_1_314' title='bbox 390 3326 444 3386; x_wconf 80' lang='lat'><strong><em>66:</em></strong></span> <span class='ocrx_word' id='word_1_315' title='bbox 488 3326 583 3384; x_wconf 87' lang='lat' dir='ltr'><strong><em>Fores</em></strong></span> <span class='ocrx_word' id='word_1_316' title='bbox 606 3327 783 3382; x_wconf 76' lang='lat' dir='ltr'><strong><em>necessumst</em></strong></span> <span class='ocrx_word' id='word_1_317' title='bbox 808 3324 949 3398; x_wconf 82' lang='lat' dir='ltr'><strong><em>quidquid</em></strong></span> <span class='ocrx_word' id='word_1_318' title='bbox 979 3328 1075 3406; x_wconf 60' lang='lat' dir='ltr'><strong><em>helien</em></strong></span> <span class='ocrx_word' id='word_1_319' title='bbox 1097 3327 1229 3386; x_wconf 82' lang='lat' dir='ltr'><strong><em>vendere.</em></strong></span> <span class='ocrx_word' id='word_1_320' title='bbox 1274 3324 1364 3389; x_wconf 76' lang='lat' dir='ltr'><strong><em>Pers</em></strong></span> <span class='ocrx_word' id='word_1_321' title='bbox 1387 3324 1436 3398; x_wconf 74' lang='lat' dir='ltr'><strong><em>lv,</em></strong></span> 
     </span>
     <span class='ocr_line' id='line_1_31' title="bbox 284 3421 1435 3502; baseline -0.001 -17"><span class='ocrx_word' id='word_1_322' title='bbox 284 3427 314 3498; x_wconf 90' lang='lat'><strong><em>4,</em></strong></span> <span class='ocrx_word' id='word_1_323' title='bbox 339 3427 396 3486; x_wconf 86' lang='lat'><strong><em>35:</em></strong></span> <span class='ocrx_word' id='word_1_324' title='bbox 441 3425 472 3483; x_wconf 89' lang='lat' dir='ltr'><strong><em>Si</em></strong></span> <span class='ocrx_word' id='word_1_325' title='bbox 496 3425 550 3483; x_wconf 90' lang='lat' dir='ltr'><strong><em>tibi</em></strong></span> <span class='ocrx_word' id='word_1_326' title='bbox 573 3421 733 3479; x_wconf 59' lang='lat' dir='ltr'><strong><em>necessest</em></strong></span> <span class='ocrx_word' id='word_1_327' title='bbox 755 3439 834 3493; x_wconf 78' lang='lat' dir='ltr'><strong><em>opos.</em></strong></span> <span class='ocrx_word' id='word_1_328' title='bbox 880 3421 947 3483; x_wconf 81' lang='lat' dir='ltr'><strong><em>Lex</em></strong></span> <span class='ocrx_word' id='word_1_329' title='bbox 969 3421 1099 3500; x_wconf 81' lang='lat' dir='ltr'><strong><em>Papiria</em></strong></span> <span class='ocrx_word' id='word_1_330' title='bbox 1121 3423 1286 3485; x_wconf 84' lang='lat' dir='ltr'><strong><em>tribunitia</em></strong></span> <span class='ocrx_word' id='word_1_331' title='bbox 1313 3426 1390 3502; x_wconf 78' lang='lat'>(213</span> <span class='ocrx_word' id='word_1_332' title='bbox 1411 3441 1435 3485; x_wconf 86' lang='lat' dir='ltr'><strong><em>a.</em></strong></span> 
     </span>
     <span class='ocr_line' id='line_1_32' title="bbox 285 3518 1436 3599; baseline -0.002 -17"><span class='ocrx_word' id='word_1_333' title='bbox 285 3518 368 3597; x_wconf 79' lang='lat' dir='ltr'><strong><em>chr,</em></strong></span> <span class='ocrx_word' id='word_1_334' title='bbox 391 3538 441 3598; x_wconf 87' lang='lat' dir='ltr'><strong><em>ap.</em></strong></span> <span class='ocrx_word' id='word_1_335' title='bbox 466 3519 583 3599; x_wconf 82' lang='lat' dir='ltr'><strong><em>Egger.</em></strong></span> <span class='ocrx_word' id='word_1_336' title='bbox 607 3535 636 3595; x_wconf 88' lang='lat' dir='ltr'><strong><em>p.</em></strong></span> <span class='ocrx_word' id='word_1_337' title='bbox 663 3522 747 3583; x_wconf 78' lang='lat' dir='ltr'><strong><em>113t:</em></strong></span> <span class='ocrx_word' id='word_1_338' title='bbox 779 3521 940 3595; x_wconf 80' lang='lat' dir='ltr'><strong><em>eodemque</em></strong></span> <span class='ocrx_word' id='word_1_339' title='bbox 970 3519 1034 3581; x_wconf 91' lang='lat' dir='ltr'><strong><em>iure</em></strong></span> <span class='ocrx_word' id='word_1_340' title='bbox 1066 3528 1162 3591; x_wconf 87' lang='lat' dir='ltr'><strong><em>sunto,</em></strong></span> <span class='ocrx_word' id='word_1_341' title='bbox 1193 3524 1235 3579; x_wconf 88' lang='lat' dir='ltr'><strong><em>nti</em></strong></span> <span class='ocrx_word' id='word_1_342' title='bbox 1268 3526 1436 3597; x_wconf 63' lang='lat' dir='ltr'><strong><em>orientibus</em></strong></span> 
     </span>
     <span class='ocr_line' id='line_1_33' title="bbox 283 3616 1435 3695; baseline 0.003 -17"><span class='ocrx_word' id='word_1_343' title='bbox 283 3622 441 3695; x_wconf 87' lang='lat' dir='ltr'><strong><em>plebeique</em></strong></span> <span class='ocrx_word' id='word_1_344' title='bbox 465 3622 549 3680; x_wconf 85' lang='lat' dir='ltr'><strong><em>scitis</em></strong></span> <span class='ocrx_word' id='word_1_345' title='bbox 574 3618 689 3689; x_wconf 64' lang='lat' dir='ltr'><strong><em>coicere</em></strong></span> <span class='ocrx_word' id='word_1_346' title='bbox 710 3616 901 3691; x_wconf 81' lang='lat' dir='ltr'><strong><em>iudicareque</em></strong></span> <span class='ocrx_word' id='word_1_347' title='bbox 929 3636 1046 3693; x_wconf 88' lang='lat' dir='ltr'><strong><em>esseque</em></strong></span> <span class='ocrx_word' id='word_1_348' title='bbox 1076 3622 1192 3690; x_wconf 72' lang='lat' dir='ltr'><strong><em>oportet.</em></strong></span> <span class='ocrx_word' id='word_1_349' title='bbox 1238 3616 1319 3680; x_wconf 80' lang='lat' dir='ltr'><strong><em>Ceto</em></strong></span> <span class='ocrx_word' id='word_1_350' title='bbox 1345 3619 1380 3682; x_wconf 85' lang='lat' dir='ltr'><strong><em>R.</em></strong></span> <span class='ocrx_word' id='word_1_351' title='bbox 1404 3620 1435 3681; x_wconf 82' lang='lat' dir='ltr'><strong><em>R.</em></strong></span> 
     </span>
     <span class='ocr_line' id='line_1_34' title="bbox 284 3714 1437 3793; baseline -0.005 -10"><span class='ocrx_word' id='word_1_352' title='bbox 284 3737 310 3784; x_wconf 84' lang='lat' dir='ltr'><strong><em>c.</em></strong></span> <span class='ocrx_word' id='word_1_353' title='bbox 331 3723 361 3781; x_wconf 87' lang='lat'><strong><em>1:</em></strong></span> <span class='ocrx_word' id='word_1_354' title='bbox 385 3722 415 3777; x_wconf 91' lang='lat' dir='ltr'><strong><em>in</em></strong></span> <span class='ocrx_word' id='word_1_355' title='bbox 438 3718 516 3777; x_wconf 83' lang='lat' dir='ltr'><strong><em>bone</em></strong></span> <span class='ocrx_word' id='word_1_356' title='bbox 538 3719 659 3793; x_wconf 78' lang='lat' dir='ltr'><strong><em>regione</em></strong></span> <span class='ocrx_word' id='word_1_357' title='bbox 684 3715 758 3771; x_wconf 88' lang='lat' dir='ltr'><strong><em>bene</em></strong></span> <span class='ocrx_word' id='word_1_358' title='bbox 781 3716 876 3773; x_wconf 82' lang='lat' dir='ltr'><strong><em>nitere</em></strong></span> <span class='ocrx_word' id='word_1_359' title='bbox 897 3717 1047 3788; x_wconf 78' lang='lat' dir='ltr'><strong><em>oportebit.</em></strong></span> <span class='ocrx_word' id='word_1_360' title='bbox 1094 3714 1127 3777; x_wconf 78' lang='lat' dir='ltr'><strong><em>C.</em></strong></span> <span class='ocrx_word' id='word_1_361' title='bbox 1146 3720 1178 3777; x_wconf 78' lang='lat'><strong><em>2:</em></strong></span> <span class='ocrx_word' id='word_1_362' title='bbox 1201 3721 1349 3778; x_wconf 84' lang='lat' dir='ltr'><strong><em>rationem</em></strong></span> <span class='ocrx_word' id='word_1_363' title='bbox 1365 3721 1437 3778; x_wconf 85' lang='lat' dir='ltr'><strong><em>inire</em></strong></span> 
     </span>
     <span class='ocr_line' id='line_1_35' title="bbox 283 3802 1437 3891; baseline -0.001 -16"><span class='ocrx_word' id='word_1_364' title='bbox 283 3821 394 3890; x_wconf 76' lang='lat' dir='ltr'><strong><em>oportet</em></strong></span> <span class='ocrx_word' id='word_1_365' title='bbox 423 3834 590 3891; x_wconf 79' lang='lat' dir='ltr'><strong><em>operarum.</em></strong></span> <span class='ocrx_word' id='word_1_366' title='bbox 634 3809 695 3874; x_wconf 91' lang='lat' dir='ltr'>Ib.:</span> <span class='ocrx_word' id='word_1_367' title='bbox 741 3802 800 3872; x_wconf 85' lang='lat' dir='ltr'><strong><em>Ubi</em></strong></span> <span class='ocrx_word' id='word_1_368' title='bbox 834 3816 907 3873; x_wconf 83' lang='lat' dir='ltr'><strong><em>naec</em></strong></span> <span class='ocrx_word' id='word_1_369' title='bbox 941 3817 1061 3887; x_wconf 69' lang='lat' dir='ltr'><strong><em>cognite</em></strong></span> <span class='ocrx_word' id='word_1_370' title='bbox 1094 3833 1188 3889; x_wconf 82' lang='lat' dir='ltr'><strong><em>nequo</em></strong></span> <span class='ocrx_word' id='word_1_371' title='bbox 1220 3821 1321 3876; x_wconf 87' lang='lat' dir='ltr'><strong><em>enimc</em></strong></span> <span class='ocrx_word' id='word_1_372' title='bbox 1354 3822 1437 3889; x_wconf 84' lang='lat' dir='ltr'><strong><em>sient,</em></strong></span> 
     </span>
     <span class='ocr_line' id='line_1_36' title="bbox 283 3912 1436 3990; baseline 0 -16"><span class='ocrx_word' id='word_1_373' title='bbox 283 3933 394 3990; x_wconf 84' lang='lat' dir='ltr'><strong><em>quaeve</em></strong></span> <span class='ocrx_word' id='word_1_374' title='bbox 433 3917 547 3988; x_wconf 86' lang='lat' dir='ltr'><strong><em>relique</em></strong></span> <span class='ocrx_word' id='word_1_375' title='bbox 585 3928 677 3986; x_wconf 83' lang='lat' dir='ltr'><strong><em>opere</em></strong></span> <span class='ocrx_word' id='word_1_376' title='bbox 710 3912 799 3986; x_wconf 82' lang='lat' dir='ltr'><strong><em>sient,</em></strong></span> <span class='ocrx_word' id='word_1_377' title='bbox 837 3929 943 3971; x_wconf 76' lang='lat' dir='ltr'><strong><em>errrore</em></strong></span> <span class='ocrx_word' id='word_1_378' title='bbox 976 3916 1019 3971; x_wconf 86' lang='lat' dir='ltr'><strong><em>nti</em></strong></span> <span class='ocrx_word' id='word_1_379' title='bbox 1054 3914 1266 3986; x_wconf 83' lang='lat' dir='ltr'><strong><em>perficientur:</em></strong></span> <span class='ocrx_word' id='word_1_380' title='bbox 1309 3921 1436 3977; x_wconf 78' lang='lat' dir='ltr'><strong><em>rationes</em></strong></span> 
     </span>
     <span class='ocr_line' id='line_1_37' title="bbox 276 4003 1437 4091; baseline 0.003 -20"><span class='ocrx_word' id='word_1_381' title='bbox 276 4019 388 4089; x_wconf 74' lang='lat' dir='ltr'><strong><em>pectore</em></strong></span> <span class='ocrx_word' id='word_1_382' title='bbox 415 4014 613 4088; x_wconf 71' lang='lat' dir='ltr'><strong><em>argenteriam</em></strong></span> <span class='ocrx_word' id='word_1_383' title='bbox 640 4012 730 4072; x_wconf 58' lang='lat' dir='ltr'><strong><em>cett„</em></strong></span> <span class='ocrx_word' id='word_1_384' title='bbox 757 4005 788 4083; x_wconf 68' lang='lat' dir='ltr'><strong><em>io</em></strong></span> <span class='ocrx_word' id='word_1_385' title='bbox 813 4003 900 4080; x_wconf 59' lang='lat' dir='ltr'><strong><em>munt</em></strong></span> <span class='ocrx_word' id='word_1_386' title='bbox 924 4015 963 4070; x_wconf 76' lang='lat' dir='ltr'><strong><em>bu</em></strong></span> <span class='ocrx_word' id='word_1_387' title='bbox 987 4006 1091 4091; x_wconf 55' lang='lat' dir='ltr'><strong><em>&amp;erge</em></strong></span> <span class='ocrx_word' id='word_1_388' title='bbox 1114 4020 1232 4090; x_wconf 70' lang='lat' dir='ltr'><strong><em>tregru,</em></strong></span> <span class='ocrx_word' id='word_1_389' title='bbox 1259 4012 1314 4076; x_wconf 86' lang='lat' dir='ltr'><strong><em>ubi</em></strong></span> <span class='ocrx_word' id='word_1_390' title='bbox 1338 4014 1437 4076; x_wconf 80' lang='lat' dir='ltr'><strong><em>enimn</em></strong></span> 
     </span>
     <span class='ocr_line' id='line_1_38' title="bbox 282 4105 1436 4190; baseline -0.002 -15"><span class='ocrx_word' id='word_1_391' title='bbox 282 4109 448 4190; x_wconf 81' lang='lat' dir='ltr'><strong><em>scriptoris</em></strong></span> <span class='ocrx_word' id='word_1_392' title='bbox 479 4116 598 4185; x_wconf 82' lang='lat' dir='ltr'><strong><em>oportet</em></strong></span> <span class='ocrx_word' id='word_1_393' title='bbox 629 4106 756 4170; x_wconf 82' lang='lat' dir='ltr'><strong><em>vidntur</em></strong></span> <span class='ocrx_word' id='word_1_394' title='bbox 786 4105 991 4169; x_wconf 78' lang='lat' dir='ltr'><strong><em>obversatum</em></strong></span> <span class='ocrx_word' id='word_1_395' title='bbox 1020 4108 1127 4183; x_wconf 80' lang='lat' dir='ltr'><strong><em>inisse,</em></strong></span> <span class='ocrx_word' id='word_1_396' title='bbox 1159 4109 1218 4171; x_wconf 88' lang='lat' dir='ltr'><strong><em>nisi</em></strong></span> <span class='ocrx_word' id='word_1_397' title='bbox 1250 4107 1436 4175; x_wconf 85' lang='lat' dir='ltr'><strong><em>infinitivum</em></strong></span> 
     </span>
     <span class='ocr_line' id='line_1_39' title="bbox 283 4203 1437 4285; baseline 0 -14"><span class='ocrx_word' id='word_1_398' title='bbox 283 4226 371 4273; x_wconf 87' lang='lat' dir='ltr'><strong><em>more</em></strong></span> <span class='ocrx_word' id='word_1_399' title='bbox 395 4206 527 4272; x_wconf 86' lang='lat' dir='ltr'><strong><em>Homeri</em></strong></span> <span class='ocrx_word' id='word_1_400' title='bbox 556 4212 589 4271; x_wconf 83' lang='lat' dir='ltr'><strong><em>et</em></strong></span> <span class='ocrx_word' id='word_1_401' title='bbox 610 4206 740 4271; x_wconf 70' lang='lat' dir='ltr'><strong><em>Hesiodi</em></strong></span> <span class='ocrx_word' id='word_1_402' title='bbox 770 4221 829 4282; x_wconf 87' lang='lat' dir='ltr'><strong><em>pro</em></strong></span> <span class='ocrx_word' id='word_1_403' title='bbox 859 4203 1046 4283; x_wconf 76' lang='lat' dir='ltr'><strong><em>imperativo</em></strong></span> <span class='ocrx_word' id='word_1_404' title='bbox 1075 4208 1214 4285; x_wconf 85' lang='lat' dir='ltr'><strong><em>positum</em></strong></span> <span class='ocrx_word' id='word_1_405' title='bbox 1240 4226 1312 4272; x_wconf 83' lang='lat' dir='ltr'><strong><em>esse</em></strong></span> <span class='ocrx_word' id='word_1_406' title='bbox 1336 4210 1437 4273; x_wconf 85' lang='lat' dir='ltr'><strong><em>dicere</em></strong></span> 
     </span>
     <span class='ocr_line' id='line_1_40' title="bbox 283 4306 1437 4384; baseline 0.001 -17"><span class='ocrx_word' id='word_1_407' title='bbox 283 4306 371 4369; x_wconf 84' lang='lat' dir='ltr'><strong><em>velis.</em></strong></span> <span class='ocrx_word' id='word_1_408' title='bbox 416 4308 449 4370; x_wconf 83' lang='lat'><strong><em>0.</em></strong></span> <span class='ocrx_word' id='word_1_409' title='bbox 475 4312 511 4371; x_wconf 88' lang='lat'><strong><em>3:</em></strong></span> <span class='ocrx_word' id='word_1_410' title='bbox 548 4309 705 4366; x_wconf 80' lang='lat' dir='ltr'><strong><em>aedificare</em></strong></span> <span class='ocrx_word' id='word_1_411' title='bbox 738 4309 787 4365; x_wconf 88' lang='lat' dir='ltr'><strong><em>din</em></strong></span> <span class='ocrx_word' id='word_1_412' title='bbox 815 4306 944 4380; x_wconf 61' lang='lat' dir='ltr'><strong><em>conitere</em></strong></span> <span class='ocrx_word' id='word_1_413' title='bbox 971 4312 1090 4381; x_wconf 79' lang='lat' dir='ltr'><strong><em>oportet,</em></strong></span> <span class='ocrx_word' id='word_1_414' title='bbox 1119 4326 1280 4368; x_wconf 79' lang='lat' dir='ltr'><strong><em>conserere</em></strong></span> <span class='ocrx_word' id='word_1_415' title='bbox 1311 4313 1437 4384; x_wconf 66' lang='lat' dir='ltr'><strong><em>conitere</em></strong></span> 
     </span>
     <span class='ocr_line' id='line_1_41' title="bbox 283 4390 1437 4478; baseline 0.003 -15"><span class='ocrx_word' id='word_1_416' title='bbox 283 4423 342 4465; x_wconf 88' lang='lat' dir='ltr'><strong><em>non</em></strong></span> <span class='ocrx_word' id='word_1_417' title='bbox 376 4411 496 4478; x_wconf 79' lang='lat' dir='ltr'><strong><em>oportet,</em></strong></span> <span class='ocrx_word' id='word_1_418' title='bbox 531 4409 584 4466; x_wconf 88' lang='lat' dir='ltr'><strong><em>sed</em></strong></span> <span class='ocrx_word' id='word_1_419' title='bbox 618 4406 717 4476; x_wconf 77' lang='lat' dir='ltr'><strong><em>fecere</em></strong></span> <span class='ocrx_word' id='word_1_420' title='bbox 750 4390 889 4477; x_wconf 73' lang='lat' dir='ltr'><strong><em>cpont]</em></strong></span> <span class='ocrx_word' id='word_1_421' title='bbox 914 4409 964 4467; x_wconf 90' lang='lat' dir='ltr'><strong><em>nbi</em></strong></span> <span class='ocrx_word' id='word_1_422' title='bbox 992 4419 1082 4468; x_wconf 74' lang='lat' dir='ltr'><strong><em>netes</em></strong></span> <span class='ocrx_word' id='word_1_423' title='bbox 1118 4411 1249 4467; x_wconf 78' lang='lat' dir='ltr'><strong><em>necessit</em></strong></span> <span class='ocrx_word' id='word_1_424' title='bbox 1281 4412 1318 4468; x_wconf 83' lang='lat' dir='ltr'><strong><em>ed</em></strong></span> <span class='ocrx_word' id='word_1_425' title='bbox 1351 4425 1437 4469; x_wconf 83' lang='lat' dir='ltr'><strong><em>ennos</em></strong></span> 
     </span>
    </p>
   </div>
   <div class='ocr_carea' id='block_1_5' title="bbox 0 0 1568 5075">
    <p class='ocr_par' dir='ltr' id='par_1_5' title="bbox 0 0 1568 5075">
     <span class='ocr_line' id='line_1_42' title="bbox 0 0 1568 5075; baseline 0 0"><span class='ocrx_word' id='word_1_426' title='bbox 0 0 1568 5075; x_wconf 95' lang='lat' dir='ltr'><strong><em> </em></strong></span> 
     </span>
    </p>
   </div>
  </div>
 </body>
</html>
